4309 6259
1645 495 1831 542 mnux
1872 493 2206 541 amamus

382 666 683 725 Articulus
712 667 892 724 XLIX.
933 664 1259 723 Declaratio
1296 663 1563 722 litteralis
1590 663 1741 737 capi-

454 757 561 816 tuli
591 755 854 814 vicesimi
892 755 1049 812 tertii
1082 772 1097 811 ε
1131 756 1513 828 Respondeas
1540 755 1739 812 autem

456 847 581 912 Job,
612 846 696 903 ait
785 885 1737 902 ...........
1777 842 1883 900 587

384 936 683 994 Articulus
702 937 757 992 L.
774 934 1098 993 Elucidatio
1120 932 1740 1006 litteralis,partimque

458 1025 707 1099 mystica
723 1025 964 1098 capituli
984 1023 1244 1081 vicesimi
1266 1023 1489 1097 quarti:
1508 1022 1590 1078 Ab
1612 1023 1745 1078 Om-

459 1115 756 1188 nipotente
786 1131 905 1172 non
934 1118 1073 1171 sunt
1091 1112 1434 1170 abscondita
1452 1115 1738 1184 tempora.
1777 1111 1884 1166 593

384 1205 683 1263 Articulus
712 1204 797 1261 LI.
826 1203 1170 1276 Explanatio
1200 1201 1437 1276 capituli
1481 1200 1742 1258 vicesimi

458 1291 649 1366 quinti
690 1309 705 1350 ε
737 1292 1113 1364 Respondeas
1149 1294 1347 1348 autem
1382 1290 1603 1348 Baldad
1633 1289 1738 1344 Su·

462 1381 633 1448 bites,
666 1381 816 1437 dixit
882 1419 1734 1437 ..........
1776 1375 1883 1432 600

385 1471 685 1528 Articulus
712 1471 825 1526 LII.
857 1470 1155 1544 Expositio
1195 1468 1433 1542 capituli
1474 1465 1738 1525 vicesimi

458 1559 606 1618 sexti
636 1577 649 1618 :
680 1560 1057 1632 Respondeas
1086 1562 1285 1616 autem
1317 1558 1441 1624 Iob,
1475 1557 1642 1613 dixit.
1722 1597 1735 1610 .
1776 1554 1883 1610 602

386 1650 683 1706 Articulus
710 1649 850 1704 LIII.
880 1647 1179 1720 Expositio
1208 1646 1449 1720 capItuli
1476 1643 1739 1702 vicesimi

458 1738 694 1812 septimi
718 1754 733 1794 ε
760 1738 1001 1794 Addidit
1028 1753 1259 1810 quoque
1288 1737 1411 1802 Job,
1434 1751 1741 1792 assumens

458 1828 798 1901 parabolam
830 1845 1019 1894 suam,
1052 1830 1110 1884 et
1137 1826 1287 1884 dixit
1350 1866 1736 1881 .....
1776 1823 1883 1880 608

388 1919 686 1977 Articulus
711 1919 845 1975 LIV.
876 1917 1173 1990 Expositio
1202 1915 1469 1974 litteralis
1500 1913 1740 1987 capituli

459 2008 721 2066 vicesimi
750 2007 937 2064 octavi
968 2024 982 2062 ε
1014 2008 1198 2063 Habet
1229 2008 1540 2079 argentum
1568 2021 1741 2063 vena-

460 2114 594 2155 rum
626 2113 868 2154 suarum
898 2095 1191 2170 principia
1257 2135 1738 2151 ......
1779 2093 1885 2150 613

388 2186 684 2245 Articulus
712 2187 821 2242 LV.
863 2184 1159 2258 Expositio
1198 2184 1446 2258 mystica
1476 2183 1739 2257 ejusdem

461 2276 703 2350 capituli
731 2275 993 2333 vicesimi
1023 2274 1208 2332 octavi
1260 2316 1738 2330 ......
1780 2272 1885 2328 622

389 2367 685 2424 Articulus
711 2365 845 2422 LVI.
876 2363 1220 2437 Explanatio
1259 2362 1499 2435 capituli
1540 2362 1741 2420 vicesi-

462 2456 545 2512 mi
590 2455 731 2512 noni
778 2473 795 2512 :
842 2453 1084 2511 Addidit
1132 2469 1363 2528 quoque
1409 2452 1532 2517 Job,
1582 2469 1743 2508 assu-

463 2562 631 2604 mens
672 2545 1012 2619 parabolam
1050 2560 1239 2609 suam,
1271 2545 1329 2600 et
1366 2541 1559 2599 dixit:
1596 2541 1738 2608 Quis

466 2635 615 2692 mihi
642 2634 879 2700 tribuat,
907 2636 997 2691 etc
1003 2672 1741 2689 .........
1781 2630 1887 2688 629

390 2725 687 2782 Articulus
712 2724 872 2781 LVII.
911 2720 1290 2781 Pet-tractatio
1321 2719 1562 2778 moralis
1590 2719 1743 2792 ejus-

465 2816 601 2872 dem
630 2812 869 2887 capituli
891 2811 1153 2871 vicesimi
1180 2810 1321 2870 noni
1356 2851 1741 2866 .....
1780 2809 1887 2866 633

3366 478 3485 543 749

1988 663 2284 722 Articulus
2310 664 2496 722 LVIII.
2527 664 2823 738 Expositio
2855 662 3094 740 capituli
3124 665 3342 724 tricesi-

2063 754 2142 809 mi
2172 772 2186 810 :
2219 756 2386 812 Nunc
2411 759 2608 813 autem
2639 754 2908 813 derident
2943 771 3039 812 me
3068 754 3339 828 juniores

2062 847 2326 917 tempore
2395 887 3340 902 ...........
3379 846 3487 902 638

1991 934 2284 991 Articulus
2313 936 2446 990 LIX.
2478 934 2802 992 Elucidatio
2841 934 3080 1008 capituli
3122 935 3345 992 tricesi-

2062 1023 2144 1078 mi
2189 1023 2363 1096 primi
2417 1040 2430 1080 :
2479 1023 2678 1097 Pepigi
2727 1023 2919 1082 foedus
2975 1040 3111 1081 cum
3162 1023 3345 1080 oculis

2063 1113 2228 1178 meis„
2263 1116 2327 1170 ut
2363 1130 2436 1170 ne
2475 1113 2792 1186 cogitarem
2832 1113 3072 1187 quidem
3108 1115 3178 1170 de
3227 1113 3343 1170 vir·

2066 1203 2200 1275 gine
2205 1244 3342 1260 .............
3381 1202 3487 1260 642

1990 1292 2285 1350 Articulus
2321 1293 2428 1348 LX.
2468 1292 2794 1349 Elucidatio
2835 1291 3072 1365 capituli
3119 1291 3345 1350 tricesi-

2060 1381 2143 1438 mi
2175 1381 2417 1439 secundi
2444 1399 2458 1439 :
2490 1382 2830 1440 omiserunt
2858 1387 3056 1440 autem
3087 1384 3206 1439 tres
3234 1379 3343 1438 viri

2061 1469 2157 1526 isti
2185 1471 2535 1545 respondere
2563 1471 2666 1527 Job
2673 1513 3342 1528 ........
3382 1470 3490 1527 653

1988 1560 2283 1618 Articulus
2328 1561 2462 1617 LXI.
2501 1560 2846 1634 Explanatio
2893 1559 3131 1633 capituli
3177 1559 3346 1619 trice-

2060 1649 2194 1706 simi
2253 1649 2409 1708 tertii
2451 1666 2465 1706 :
2510 1650 2664 1709 Audi
2723 1666 2882 1723 ergo,
2932 1650 3055 1715 Job,
3115 1648 3349 1724 eloquia

2063 1757 2198 1797 mea
2204 1779 3338 1796 .............
3384 1739 3491 1795 657

1989 1828 2284 1886 Articulus
2311 1828 2471 1885 LXII.
2512 1827 2806 1901 Expositio
2845 1826 3085 1901 capituli
3122 1826 3343 1885 tricesi-

2064 1918 2144 1973 mi
2177 1918 2367 1991 quarti
2402 1935 2415 1974 :
2447 1917 2842 1974 Pronuntians
2872 1934 3102 1991 quoque
3131 1916 3262 1974 EHu
3330 1961 3341 1972 .
3382 1917 3490 1973 665

1988 2007 2284 2066 Articulus
2313 2008 2497 2063 LXIII.
2529 2007 2856 2065 Elucidatio
2892 2006 3161 2065 litteralis
3191 2005 3346 2080 capi-

2060 2097 2169 2154 tuli
2212 2097 2492 2155 tricesimi
2541 2095 2732 2169 quinti
2776 2114 2790 2154 ε
2833 2097 3018 2170 Igitur
3053 2095 3183 2153 Elin
3221 2096 3346 2153 haec

2062 2202 2301 2244 rursum
2331 2186 2559 2243 locutus
2587 2189 2676 2243 est
2771 2227 3343 2242 .......
3384 2185 3491 2243 674

1991 2275 2287 2334 Articulus
2313 2275 2495 2331 LXIV.
2531 2274 2858 2332 Elucidatio
2898 2273 3137 2349 capituli
3177 2273 3346 2332 trice·

2063 2364 2200 2420 simi
2229 2362 2376 2421 sexti
2408 2380 2422 2420 :
2453 2364 2690 2422 Addens
2718 2381 2953 2438 quoque
2985 2363 3114 2421 Elin
3145 2406 3158 2419 .
3236 2406 3249 2418 .
3330 2405 3343 2421 .
3383 2364 3491 2421 679

1992 2452 2288 2511 Articulus
2327 2453 2484 2510 LXV.
2521 2453 2845 2512 Declaratio
2889 2452 3130 2527 capituli
3178 2452 3347 2510 trice-

2064 2543 2204 2600 simi
2255 2542 2490 2618 septimi
2539 2559 2554 2600 z
2605 2543 2668 2599 In
2717 2542 2996 2600 manibus
3041 2542 3347 2599 abscondit

2066 2633 2260 2691 lucem
2303 2671 3344 2688 ............
3385 2632 3494 2688 686

1995 2723 2176 2780 Index
2206 2723 2472 2780 locorum
2500 2723 2556 2778 S.
2590 2720 2904 2795 scripturae
2957 2761 3344 2778 .....
3384 2721 3494 2778 699

1996 2812 2177 2870 Index
2205 2810 2534 2885 analyticus
2587 2854 2600 2867 .
2681 2853 2695 2867 .
2867 2849 3346 2866 ......
3385 2809 3494 2866 709

470 3227 849 3279 ΕκκιωΑκυΑ.
891 3227 1030 3290 Peg.
1066 3224 1221 3286 440⁹,
1266 3223 1361 3274 lin.
1391 3224 1441 3284 7,
1486 3227 1542 3275 et
1578 3222 1899 3296 548D·‚‚lin.
1940 3223 2017 3274 6:
2058 3221 2127 3272 de
2165 3221 2342 3296 gestis
2384 3221 2791 3294 Romanorum,
2833 3219 2950 3286 lege
2993 3220 3061 3272 de
3107 3218 3386 3294 Gestie...;
3425 3247 3491 3258 —

390 3291 560 3352 150D,
590 3290 684 3341 lin.
714 3290 747 3339 4
779 3304 791 3342 :
828 3304 958 3340 cx...
989 3302 1089 3348 ex:
1119 3315 1185 3326 —
1212 3287 1307 3339 169
1321 3287 1397 3346 C’,
1428 3285 1523 3338 lin.
1554 3287 1585 3337 2
1616 3300 1629 3338 :
1665 3287 2016 3353 agniculus...
2052 3284 2386 3346 anniculum
2417 3311 2483 3322 —
2520 3285 2690 3344 386Α,
2727 3282 2823 3334 lm.
2861 3283 2910 3344 3,
2950 3285 3006 3334 et
3036 3283 3214 3344 402ss,
3250 3283 3348 3334 lm.
3383 3283 3445 3335 10
3473 3297 3487 3335 ε

388 3353 771 3406 laborosius...
814 3351 1171 3404 laboriosius.

470 3435 775 3486 Novimus.
814 3433 951 3496 Pag.
989 3433 1178 3491 100A’,
1211 3430 1305 3481 lin.
1338 3431 1369 3480 5
1400 3444 1412 3482 ς
1446 3429 1650 3480 Teucri
1687 3429 1835 3493 (vide
1872 3429 2172 3493 Gangium)
2210 3441 2312 3502 pro
2349 3425 2551 3488 Turci3
2583 3453 2649 3464 —
2687 3425 2857 3500 ¹339·
2899 3425 2996 3478 lin.
3033 3426 3065 3478 9
3099 3440 3112 3478 z
3155 3439 3274 3488 sex,
3313 3425 3492 3493 vulqo,

388 3499 532 3558 τηις
563 3525 629 3534 -
655 3496 749 3546 243
766 3495 843 3557 C‘,
872 3495 971 3546 lin.
1002 3495 1067 3546 10
1098 3509 1111 3545 :
1145 3493 1381 3558 triyinta
1408 3491 1611 3548 millia,
1642 3492 1699 3543 in
1728 3491 1922 3544 Bibliis
1950 3494 2343 3552 communiter,
2377 3495 2624 3542 trecenta
2651 3487 2856 3540 malta.
