4309 6259
600 1084 636 1127 ll
651 1084 766 1127 Par.
789 1097 845 1132 ιιι,

586 1162 642 1191 tv.

617 1962 652 2005 ll
671 1964 851 2018 Royan,

592 2028 657 2068 17.

591 3211 636 3254 4.

872 486 992 551 200

1327 500 1673 548 manna'rm
1719 500 1780 545 [N
1823 499 1960 544 cAP.
2007 498 2044 541 V
2086 495 2246 542 LIBRI
2288 493 2541 541 SECUNm
2582 490 3111 537 PARALu’OMENON.
3156 511 3237 521 —
3274 490 3419 537 Am.
3464 492 3500 534 V

875 696 1022 736 mon
1053 677 1274 735 omnia
1304 660 1446 753 quae
1467 681 1724 733 voverat
1744 672 1963 732 David
1984 679 2173 747 ,pater
2192 669 2357 745 ejus,
2386 661 2439 725 A
2468 668 2607 725 lum
2644 666 2957 743 lonyiores
2986 675 3194 734 erant,
3218 663 3433 741 capita
3455 665 3772 740 parebant
3800 671 3957 722 ante

874 784 1214 852 argentum
1243 783 1302 833 et
1330 794 1595 842 aurum,
1628 782 1686 831 et
1725 772 2030 831 universa
2071 789 2222 828 vasa
2249 787 2361 843 po-

872 875 1005 932 suit
1035 874 1108 931 in
1142 872 1460 931 thesauris
1477 874 1704 931 domus
1726 870 2012 930 Domini.
2031 868 2183 927 Post
2202 886 2360 944 quae,

875 968 995 1031 hoc
1036 978 1152 1045 est,
1192 968 1526 1049 completis
1565 986 1710 1049 quae
1751 967 1816 1027 in
1857 963 2361 1047 praecedentibus

877 1068 1126 1130 duobus
1175 1066 1622 1129 describuntur
1660 1064 1980 1146 capituliS,
2024 1081 2364 1139 conyreya-

877 1167 973 1226 vit
1013 1164 1308 1227 Salomon
1358 1182 1576 1226 omnes
1621 1163 1890 1239 majores
1931 1170 2091 1221 natu
2129 1162 2363 1226 Israel,

875 1273 935 1324 et
963 1274 1219 1325 cunctos
1241 1264 1574 1341 principes
1603 1264 1920 1329 tribuum,
1938 1269 1998 1319 et
2025 1260 2245 1335 capita
2266 1259 2365 1336 fa-

876 1364 1219 1423 miliarum
1247 1366 1326 1423 de
1353 1364 1516 1440 filiis
1546 1365 1752 1423 Israel
1783 1364 1852 1420 in
1882 1362 2265 1426 Jerusalem,
2296 1362 2365 1417 ut

876 1480 1020 1523 cum
1072 1460 1297 1542 majori
1341 1460 1695 1522 reverentia
1741 1467 1804 1521 et
1846 1456 2125 1537 generali
2176 1457 2366 1518 devo-

879 1558 1050 1621 tione
1083 1557 1389 1639 templum
1423 1556 1841 1632 dedicaretur,
1876 1564 1938 1618 et
1980 1573 2126 1617 arca
2170 1563 2367 1616 trans-

880 1654 1152 1719 ferretur
1175 1654 1240 1716 in
1273 1654 1453 1731 illud,
1481 1664 1553 1715 ut
1582 1658 1972 1714 adducerent
2001 1673 2223 1713 arcam
2251 1654 2368 1729 foe-

879 1756 1055 1814 deris
1091 1755 1361 1815 Domini
1406 1756 1484 1813 cle
1522 1754 1783 1813 civitate
1828 1753 2046 1812 David
2091 1772 2234 1830 quie
2277 1761 2367 1811 est

2467 767 2826 824 oraculum.
2862 766 2942 825 Si
2986 783 3129 823 vero
3160 765 3307 842 quis
3340 764 3692 839 paululum
3723 762 3957 839 fuisset

2468 864 2889 931 extrinsecus,
2917 882 3017 921 eos
3056 863 3271 921 videre
3308 881 3437 921 non
3476 869 3747 937 poterat.
3794 858 3959 918 Fuit

2470 961 2688 1039 itaque
2718 981 2868 1020 arca
2901 962 2994 1019 ibi
3024 980 3221 1039 usque
3254 961 3325 1018 in
3351 968 3729 1036 proescntem
3756 958 3955 1017 diem.

2475 1061 2789 1137 Nihilque
2807 1069 2946 1119 erat
2974 1061 3165 1119 aliud
3184 1060 3257 1117 in
3275 1078 3451 1126 arca,
3466 1058 3599 1117 nisi
3615 1060 3763 1117 duae
3784 1058 3966 1116 tabu-

2475 1160 2566 1225 la»,
2596 1178 2757 1235 quas
2771 1167 3076 1236 posuerat
3096 1160 3345 1233 Moyses
3366 1158 3435 1215 in.
3454 1157 3675 1225 Horeb,
3698 1156 3965 1234 quando

2476 1259 2669 1333 leyem
2710 1257 2891 1316 dedit
2920 1256 3240 1317 Dominus
3276 1256 3440 1333 filiis
3477 1257 3683 1315 Israel
3719 1254 3965 1329 egredi-

2470 1358 2723 1416 entibus
2750 1376 2831 1415 ea:
2860 1358 3165 1431 AEyyptO.

2552 1454 2843 1529 Eyressis
2871 1462 3087 1513 autem
3115 1453 3546 1512 sacerdotibus
3572 1454 3651 1511 de
3668 1459 3968 1510 sanctua-

2471 1554 2594 1623 ri0‚
2640 1550 2761 1613 hoc
2806 1559 2901 1613 est
2945 1552 3024 1613 de
3064 1550 3324 1632 templo,
3367 1550 3448 1613 de'
3494 1568 3621 1631 quo
3673 1548 3973 1611 exierunt

2472 1669 2671 1733 quum
2724 1668 2931 1711 arcam
2986 1649 3052 1711 in
3098 1668 3215 1712 suo
3266 1650 3405 1711 loco
3448 1648 3967 1721 constituerunt3

2474 1769 2687 1809 omnes
2744 1751 2920 1809 enim
2973 1752 3322 1809 sacerdotes
3370 1752 3487 1828 qui
3533 1750 3626 1807 ibi
3673 1748 3971 1808 inveniri

881 1853 1070 1921 Sion,
1101 1851 1167 1912 id
1197 1859 1313 1929 est,
1353 1851 1646 1914 tollerent
1676 1869 1816 1912 eam
1848 1850 1926 1912 de
1957 1850 2367 1914 tabernaculo
2404 1846 2449 1907 B
2468 1857 2836 1923 potuerant,
2870 1848 3263 1925 sanctificati
3290 1858 3467 1918 sunt,
3493 1845 3558 1908 id
3588 1854 3683 1909 est
3712 1846 3970 1929 purgati

881 1950 1051 2031 quod
1085 1949 1278 2012 David
1309 1948 1365 2011 ei
1403 1950 1751 2011 tetenderat
1778 1949 1958 2030 juxta
1985 1966 2171 2009 suum
2203 1948 2370 2028 pala-

883 2048 1064 2110 tium.
1125 2051 1442 2111 Venerunt
1491 2050 1713 2126 itaque
1757 2050 1844 2108 ad
1892 2066 2101 2124 reyem
2153 2066 2371 2107 omnes

883 2150 1016 2208 viri
1045 2149 1251 2207 Israel
1281 2150 1354 2207 in
1388 2149 1496 2206 die
1533 2149 1784 2207 solenni
1815 2148 2046 2206 mensis
2084 2147 2365 2222 septimi.

967 2250 1302 2325 Quumque
1331 2248 1648 2306 venissent
1680 2246 1898 2305 cuncti
1925 2246 2253 2305 seniorum
2280 2246 2371 2305 Is-

879 2348 1044 2415 rael,
1066 2354 1495 2421 portaverunt
1514 2345 1754 2404 Levitae
1775 2363 1992 2403 arcam
2027 2362 2048 2401 .·
2079 2340 2370 2423 quiahoc

882 2441 960 2504 ad
1007 2460 1229 2504 eorum
1275 2442 1603 2523 spectabat
1640 2439 1978 2513 officium3
2030 2448 2089 2499 et
2137 2442 2371 2499 intule-

882 2549 1040 2599 runt
1085 2559 1228 2599 eam
1277 2556 1480 2619 usque
1529 2537 1594 2598 in
1644 2536 1875 2599 atrium
1925 2536 2189 2617 templi,
2242 2555 2367 2598 non

883 2645 1093 2698 autem
1141 2636 1206 2696 in
1250 2635 1572 2712 Sanctum,
1607 2644 1714 2697 aut
1762 2634 1828 2696 in
1861 2635 2086 2697 Sancta
2130 2642 2373 2696 sancto-

884 2752 1049 2808 rum,
1084 2751 1211 2812 quo
1245 2731 1490 2811 ingredi
1531 2732 1623 2793 eis
1667 2750 1794 2794 non
1826 2732 2026 2807 licuit,
2063 2731 2174 2793 sed
2220 2730 2373 2793 illuc

885 2830 1240 2892 intulerunt
1282 2849 1422 2891 eam
1466 2831 1820 2893 sacerdotes
1872 2829 2263 2904 involutam3
2314 2840 2373 2890 et

884 2950 1132 2990 omnem
1156 2938 1570 3005 paraturam,
1610 2928 1672 2989 id
1714 2936 1808 2990 est
1852 2937 2247 3010 apparatum,
2286 2938 2375 2989 ta-

2476 1954 2539 2007 et
2581 1945 2779 2028 aptati
2825 1946 2904 2008 ad
2946 1964 3060 2007 sua
3108 1944 3415 2027 obsequia
3454 1945 3521 2007 in
3570 1944 3974 2008 dedicatione

2478 2043 2699 2125 templi
2728 2043 2992 2123 agenda.
3020 2042 3229 2107 Sancti
3242 2042 3415 2106 ficati
3446 2051 3596 2106 sunt
3623 2050 3834 2105 autem
3856 2060 3976 2125 per

2475 2142 2815 2218 orationeS,
2860 2141 3127 2224 jejunia,
3162 2142 3645 2219 continentiam,
3691 2142 3974 2205 vestium

2474 2239 2781 2303 lotionem
2812 2250 2921 2303 aut
2948 2242 3329 2304 consimilia.
3354 2243 3485 2305 Nec
3512 2244 3726 2303 adhuc
3754 2244 3825 2301 in
3854 2244 3974 2300 illo

2480 2349 2754 2418 tempore
2785 2341 2950 2399 vices
2976 2350 3035 2401 et
3070 2342 3579 2401 ministeriorum
3610 2342 3762 2400 ordo
3794 2340 3975 2400 inter

2474 2458 2574 2497 eos
2602 2441 2855 2498 divisus
2882 2448 3042 2499 erat.
3077 2437 3145 2499 ln
3175 2437 3383 2519 primo
3415 2436 3579 2501 libro
3608 2444 3704 2501 est
3732 2436 3974 2500 deseri·
4004 2455 4256 2498 war.me

2478 2543 2682 2616 ptum,
2708 2535 2983 2617 qualiter
3012 2534 3209 2599 David
3239 2537 3616 2613 sacerdoteS,
3636 2535 3885 2598 Levitas
3907 2543 3973 2597 et
4000 2532 4096 2561 ¹¹¹³·
4255 2532 4256 2535 ’

2478 2642 2769 2696 cantores
2798 2633 3108 2711 distinxit,
3144 2644 3335 2716 atque
3376 2634 3441 2696 in
3482 2635 3615 2697 suis
3656 2633 3807 2696 fecit
3838 2652 3976 2695 ser-

2482 2730 2614 2795 vire
2645 2732 3009 2813 obsequiis;
3058 2733 3167 2795 sed
3199 2734 3483 2795 nondum
3524 2730 3649 2794 fuit
3679 2732 3785 2795 hic
3810 2732 3975 2794 ordo

2480 2829 2723 2893 divisus
2754 2850 2868 2911 per
2898 2831 3369 2894 exsecutionem
3399 2831 3466 2892 in
3512 2831 3773 2912 templo.
3804 2830 3976 2892 Non-

2479 2929 2631 2991 dum
2680 2948 2935 3010 quoque
2984 2929 3226 2992 divisus
3287 2928 3411 2992 fuit
3462 2938 3589 2991 tam
3637 2930 3848 3012 plene,
3902 2938 3977 2990 ut

886 3027 1238 3086 bernaculi.
1263 3025 1390 3087 Hoc
1412 3033 1507 3086 est
1538 3026 1708 3105 quod
1731 3025 1916 3088 tertio
1948 3026 2112 3088 libro
2134 3026 2371 3105 Regum
2407 3022 2453 3087 C
2480 3036 2965 3107 consequenter.
2987 3028 3097 3090 Vel
3140 3028 3281 3091 ideo
3320 3027 3556 3090 dicitur
3593 3028 3784 3105 ist-ud,
3815 3028 3977 3109 quia

593 3145 858 3201 mmmm,
885 3123 1187 3186 asseritur
1237 3140 1249 3183 :
1295 3123 1706 3185 Portaverunt
1753 3143 1962 3186 arcam
2015 3124 2263 3186 Domini
2313 3131 2377 3185 et

885 3220 1364 3284 tabernaculum
1416 3219 1697 3298 soederiS‚
1740 3224 1911 3303 quod
1963 3241 2076 3303 per
2123 3222 2374 3304 Moysen

883 3322 1160 3403 jusserat
1189 3320 1494 3383 Dominus
1528 3318 1556 3380 s
1559 3320 1696 3397 ieri,
1731 3329 1792 3383 et
1821 3321 2037 3383 omnia
2068 3340 2219 3385 vasa
2239 3340 2376 3382 san-

885 3417 1138 3481 ctuarii.
1167 3418 1319 3481 Nam
1353 3438 1425 3480 ea
1455 3438 1596 3500 quae
1634 3419 1872 3501 Moyses
1907 3419 2079 3496 fecit,
2116 3428 2268 3481 tunc
2308 3419 2373 3479 in

889 3517 1197 3598 templum
1231 3516 1584 3580 Salomonis
1613 3517 1788 3579 illata
1820 3526 1988 3579 sunt.
2022 3518 2199 3580 Unde
2230 3517 2378 3579 sub-

886 3615 1178 3697 jungitur
1204 3632 1217 3675 :
1241 3618 1449 3676 Porro
1471 3636 1623 3675 vasa
1645 3618 2010 3675 sanctuarii
2029 3637 2171 3694 quce
2190 3626 2377 3675 erant

887 3714 960 3773 in
987 3716 1410 3780 tabernaculo,
1419 3722 1842 3789 portaverunt
1861 3717 2210 3773 sacerdotes
2230 3734 2377 3773 cum

888 3811 1156 3871 Levitis.
1175 3810 1348 3873 Tunc
1373 3809 1616 3891 quippe
1641 3809 2116 3872 tabernaculum
2149 3810 2375 3890 Moysis

889 3905 1010 3969 fuit
1043 3926 1186 3969 cum
1221 3906 1390 3971 vasis
1419 3907 1551 3968 suis
1584 3907 1933 3988 repositum
1968 3906 2030 3968 in
2065 3906 2376 3969 thesauris

887 4008 1112 4070 domus
1147 4006 1418 4083 Domini,
1451 4014 1514 4069 et
1554 4006 1620 4067 in
1669 4006 1976 4088 templum
2021 4005 2377 4069 Salomonis

888 4107 1192 4187 perducta
1222 4114 1394 4167 sunt.

2484 3124 2548 3186 in
2582 3124 2802 3206 templi
2842 3126 3243 3188 dedicatione
3282 3144 3504 3189 omnes
3546 3126 3803 3209 pariter,
3840 3145 3973 3189 non

2483 3222 2862 3299 successive,
2878 3224 3319 3287 deservierunt
3340 3242 3353 3285 :
3376 3224 3463 3287 ita
3483 3225 3651 3307 quod
3682 3243 3797 3307 pro
3818 3233 3975 3286 tunc

2482 3322 2634 3383 ordo
2668 3320 3088 3383 successionis
3122 3321 3184 3383 in
3220 3322 3557 3385 serviendo
3595 3340 3725 3384 non
3764 3340 3979 3385 serva—

2483 3418 2689 3495 batur,
2726 3420 2833 3481 scd
2865 3428 3124 3502 propter
3155 3421 3663 3484 inaestimabilem
3687 3420 3982 3483 multitu-

2482 3517 2694 3578 diuem
2728 3517 3102 3594 hostiarum,
3127 3537 3348 3581 omncs
3369 3519 3661 3601 occupati
3687 3520 3973 3595 fuerunt,

2483 3614 2634 3695 quia
2665 3634 2778 3696 per
2815 3635 3041 3677 manus
3081 3634 3301 3679 eorum
3345 3618 3561 3679 omnia
3590 3617 3700 3678 illa
3742 3615 3981 3679 offere-

2484 3712 2715 3774 bantur
2773 3714 3080 3794 jumenta,
3136 3723 3199 3777 et
3254 3713 3490 3777 Levitae
3540 3714 3978 3779 sacerdotibus

2484 3810 2954 3874 ministrabant..
2988 3812 3219 3875 Omnes
3248 3831 3507 3895 quoque
3547 3813 3613 3875 in
3642 3812 3979 3895 psallendo

2484 3917 2547 3970 et
2577 3910 2973 3989 personando
3007 3910 3267 3973 fuerunt
3298 3910 3697 3974 concorditer
3718 3931 3789 3975 ac
3810 3911 3982 3994 pari-

2484 4016 2581 4069 ter
2611 4008 2925 4089 occupati,
2960 4010 3125 4071 sicut
3154 4008 3585 4091 subjungitur.
3618 4014 3773 4072 Tam
3794 4012 3983 4071 Levi-

2490 4115 2566 4167 tae
2594 4127 2791 4185 quam
2822 4118 3130 4180 cantores,
3154 4110 3229 4168 id
3255 4118 3371 4177 est,
3390 4110 3587 4187 etqui
3614 4110 3731 4169 sub
3752 4110 3980 4187 Asaplt

967 4209 1112 4267 Rex
1144 4216 1360 4265 autem
1387 4208 1694 4266 Salomon
1723 4215 1783 4264 et
1815 4208 2155 4265 universus
2184 4215 2378 4267 eoetus
2410 4207 2459 4268 D
2486 4216 2698 4274 erant,
2726 4215 2785 4266 et
2815 4208 2933 4285 qui
2973 4208 3090 4265 sub
3119 4210 3399 4278 Heman,
3430 4217 3491 4267 et
3532 4209 3651 4287 qui
3694 4209 3809 4267 sub
3836 4210 3981 4268 Idi-

888 4307 1120 4373 Israel,
1140 4313 1199 4362 et
1220 4323 1433 4363 omnes
1449 4303 1568 4381 qui
1581 4304 1854 4378 fuerunt
1883 4306 2251 4380 conyreyati
2269 4324 2379 4364 an-

894 4411 950 4461 te
979 4422 1222 4472 arcam,
1242 4402 1668 4461 immolabant
1697 4404 1926 4461 arietes
1953 4412 2014 4461 et
2043 4404 2221 4462 boves
2250 4404 2380 4462 abs-

891 4520 1011 4579 que
1042 4503 1177 4559 ullo
1207 4518 1474 4559 numero
1503 4520 1524 4558 .·
1560 4509 1740 4559 tanta
1769 4502 1946 4559 enim
1985 4510 2122 4560 erat
2158 4502 2378 4560 multi-

894 4601 1045 4658 tudo
1069 4599 1512 4658 victimarum.
1539 4600 1623 4658 Et
1645 4599 2013 4658 intulerunt
2031 4600 2379 4658 sacerdotes

890 4716 1110 4757 arcam
1139 4697 1403 4772 foederis
1417 4698 1688 4757 Domini
1717 4698 1790 4756 in
1821 4700 2029 4755 locum
2055 4716 2273 4765 suum,
2305 4698 2378 4756 id

887 4805 978 4856 est
1007 4798 1096 4855 ad
1125 4799 1460 4855 oraculum
1497 4797 1738 4871 templi,
1759 4797 1834 4855 in
1865 4798 2107 4856 Sancta
2135 4805 2379 4855 sancto-

887 4914 1067 4964 rum,
1094 4896 1306 4955 subter
1330 4896 1470 4954 alas
1504 4896 1885 4955 Cherubim:
1917 4895 2014 4954 ita
2044 4905 2117 4955 ut
2149 4898 2379 4955 Clieru-

888 4994 1018 5052 bim
1063 4995 1500 5069 expanderent
1537 4996 1676 5053 alas
1707 5013 1858 5051 suas
1905 5013 2098 5069 super
2142 4997 2371 5066 locum,

888 5094 962 5153 in
992 5112 1114 5171 quo
1149 5094 1364 5170 posita
1409 5101 1548 5151 erat
1593 5111 1773 5160 arca,
1802 5100 1862 5151 et
1900 5093 2107 5168 ipsam
2155 5112 2377 5152 arcam

889 5200 1164 5269 teyerent
1202 5210 1346 5251 cum
1393 5191 1671 5250 vectibus
1717 5191 1873 5248 suis.
1927 5190 2213 5249 Vectium
2261 5210 2378 5249 au-

889 5301 1010 5353 tem
1041 5291 1275 5370 quibus
1301 5290 1689 5366 portabatur
1727 5308 1906 5356 arca,
1935 5290 2093 5366 quia
2129 5291 2374 5365 paulu-

2490 4306 2675 4364 tliun:
2694 4301 2797 4365 isti
2820 4303 2990 4365 enim
3014 4312 3194 4366 erant
3216 4312 3340 4367 tres
3364 4304 3751 4388 principales
3770 4314 3984 4368 canto-

2488 4421 2587 4464 res
2608 4401 2835 4465 ceteris
2858 4403 3292 4484 praesidenteS,
3310 4404 3475 4466 sicut
3498 4404 3565 4466 in
3590 4404 3788 4487 primo
3811 4404 3981 4467 libro
4036 4428 4243 4473 niam.

2487 4500 2843 4582 expositum
2876 4510 3001 4575 est;
3024 4505 3160 4578 filii
3179 4514 3237 4563 et
3257 4504 3496 4581 fratres
3514 4524 3737 4564 eorum
3765 4505 3982 4564 vestiti
4013 4495 4097 4536 '‘⁶-

2489 4602 2791 4676 byssinis,
2834 4599 2895 4661 id
2947 4608 3042 4662 est
3094 4599 3261 4662 albis
3308 4608 3371 4663 et
3422 4601 3611 4663 lineis
3661 4600 3975 4677 vestibuS,

2486 4700 2824 4775 cymbalis,
2859 4707 2917 4757 et
2942 4701 3301 4775 psalteriis,
3334 4710 3394 4760 et
3426 4702 3699 4761 citharis
3729 4720 3981 4761 concre-

2479 4798 2750 4875 pabant,
2768 4805 3005 4856 stantes
3024 4800 3114 4855 ad
3133 4798 3513 4858 orientalem
3528 4801 3793 4875 playam
3820 4802 3981 4858 alta·

2485 4895 2598 4962 ris,
2614 4904 2839 4954 etcum
2858 4896 2949 4953 eis
2968 4899 3317 4955 sacerdotes
3336 4906 3594 4956 centum
3619 4898 3865 4974 viyinti
3881 4918 3982 4957 ca-

2484 5002 2701 5053 nentes
2734 4994 2925 5062 tubis,
2950 5011 3077 5056 non
3109 4993 3384 5072 bellicis,
3410 4996 3517 5059 sed
3548 4994 3976 5059 [estivalibus

2565 5093 2783 5168 Iyitur
2811 5094 3057 5151 cunctis
3078 5093 3361 5169 pariter,
3390 5104 3449 5155 et
3482 5096 3675 5167 tubis,
3704 5106 3765 5156 et
3814 5116 3977 5167 voce,

2484 5198 2544 5250 et
2570 5191 2899 5266 cymbalis,
2922 5200 2983 5251 et
3002 5193 3265 5267 oryanis
3282 5193 3530 5252 diversi
3552 5195 3811 5269 yeneris
3842 5215 3981 5254 mu·-

2482 5289 2765 5347 sicorum
2786 5290 3285 5359 concinentibus,
3301 5299 3363 5350 et
3384 5310 3594 5351 vocem
3614 5294 3691 5351 in
3708 5292 3981 5353 sublime
