4309 6259
619 1488 768 1532 Ezed.
788 1500 858 1539 xx,

595 1554 646 1593 25
667 1566 678 1603 3
708 1552 841 1595 Dent.

593 1626 720 1665 xn'u,
738 1617 778 1666 5,
797 1618 837 1657 6.

638 2476 752 2520 nist.
780 2475 856 2517 lib.

597 2538 793 2595 [image.
803 2541 816 2580 l
825 2541 860 2581 8.

610 3253 665 3297 lu
675 3254 778 3310 Rea.
790 3268 861 3307 vn,

595 3318 736 3360 23-26.

606 5018 726 5061 Ibid.
758 5021 823 5063 2⁰.

895 500 1012 563 198

1328 516 1674 563 ENARRATIO
1718 517 1780 562 IN
1820 516 1956 561 CAP.
2001 516 2062 559 lv
2107 515 2262 560 unm
2306 514 2559 561 secunnl
2598 514 3130 561 PARALIPOMENON.
3174 532 3256 543 —
3295 512 3437 559 Am.
3484 514 3545 559 lv

890 688 1060 769 quod
1091 696 1431 769 utrumque
1466 686 1588 748 fuit
1610 686 2011 768 quadratum,
2037 705 2147 748 seu
2170 704 2378 765 aequa-
2406 684 2455 746 A
2492 686 2665 746 Fecit
2684 706 2932 765 quoque
2945 688 3213 746 conchas
3230 688 3541 755 decem,et
3553 686 3770 763 posuit
3788 686 3977 763 quin·

890 786 968 847 lis
1000 785 1373 868 quantitatis
1406 786 1470 846 in
1503 785 1902 865 longitudine
1921 804 1992 847 ac
2015 783 2372 845 latitudine.

891 884 1009 947 Sed
1051 884 1366 947 differunt
1410 885 1474 945 in
1520 884 1740 946 multis
1793 902 1807 946 :
1853 883 2155 965 quoniam
2204 882 2373 943 istud

893 981 1014 1044 fuit
1045 983 1246 1045 multo
1280 983 1484 1064 majus
1507 1001 1696 1064 quam
1730 982 1908 1044 illud.
1931 982 2100 1043 Istud
2121 999 2377 1061 quoque

888 1080 1062 1143 intus
1083 1082 1343 1163 plenum
1368 1101 1477 1143 seu
1511 1081 1808 1157 solidum,
1831 1080 1984 1161 quia
2005 1098 2373 1141 mansurum

888 1166 1021 1242 er'at
1071 1180 1136 1241 in
1186 1197 1315 1242 uno
1356 1180 1536 1254 loco;
1590 1179 1750 1241 illud
1801 1198 1949 1243 vero
1998 1197 2371 1254 concavum,

888 1279 1038 1359 quia
1070 1278 1389 1360 portatile.
1425 1278 1584 1341 Illud
1614 1279 1805 1341 etiam
1837 1277 1960 1340 ruit
1991 1277 2163 1339 intus
2193 1278 2273 1339 de
2313 1276 2379 1337 li-

889 1378 1072 1458 gnis3
1126 1379 1295 1440 istud
1344 1397 1420 1440 ex
1467 1377 1786 1459 lapidibus
1835 1376 2168 1459 impolitiS,
2200 1375 2379 1457 juxta

891 1476 1048 1556 legis
1078 1484 1462 1558 praeceptum
1497 1477 1562 1537 in
1585 1477 1798 1539 Exodo
1827 1476 2158 1557 scriptum.
2188 1476 2379 1539 Porro

889 1583 1232 1655 utrumque
1266 1573 1388 1636 fuit
1419 1575 1610 1637 aeneis
1651 1574 1906 1636 laminis
1943 1582 2204 1651 tectum,
2239 1594 2377 1656 pro-

887 1681 1028 1755 pter
1069 1672 1234 1753 ignis
1277 1672 1596 1735 sacrificia
1637 1673 2034 1735 incendentis
2073 1674 2372 1737 calorem.

885 1770 1032 1833 Erat
1065 1771 1216 1833 item
1257 1771 1376 1834 sub
1424 1772 1606 1833 altari
1653 1772 1770 1834 hoc
1814 1790 1990 1834 aeneo
2023 1772 2377 1836 Salomonis

2486 804 2609 861 que
2634 805 2675 843 a
2710 786 2986 853 dextris,
3015 794 3075 844 et
3112 786 3399 864 quinque
3434 804 3477 843 a
3504 784 3809 843 sinistris.
3844 783 3975 846 Hoc

2486 890 2583 943 est
2619 883 2791 963 quod
2822 882 3222 964 praeallegato
3252 882 3489 963 Regum
3518 881 3681 944 libro
3712 881 3968 961 legitur,

2486 980 2658 1042 Fecit
2695 999 2953 1061 quoque
2980 982 3197 1043 decem
3240 980 3474 1044 luteres
3512 998 3728 1043 aereos.
3762 980 3836 1041 Et
3879 981 3973 1043 di-

2487 1086 2717 1141 cuntur
2744 1079 3001 1141 conchae
3033 1100 3070 1141 a
3098 1080 3513 1155 concavitate,
3551 1079 3851 1161 quoniam
3882 1080 3976 1141 lu-

2488 1185 2651 1239 teres
2671 1177 2934 1241 concavi
2965 1186 3144 1241 erant
3165 1196 3179 1239 :
3198 1178 3263 1239 in
3287 1176 3523 1259 quibus
3550 1176 3975 1240 abluebantur

2488 1278 2679 1358 pedes
2704 1284 2765 1339 et
2801 1276 3105 1340 intestina
3137 1276 3508 1339 animalium
3540 1276 3979 1340 immolaticio-

2490 1394 2646 1437 rum.
2672 1374 2831 1438 Hinc
2862 1374 3198 1438 subditur:
3223 1384 3294 1435 ut
3323 1380 3619 1436 lavarent
3648 1377 3721 1435 in
3740 1377 3829 1435 eis
3848 1396 3979 1436 om-

2488 1477 2607 1535 nia
2648 1496 2790 1553 quae
2826 1476 2901 1534 in
2947 1477 3387 1535 holocaustum
3434 1477 3717 1535 oblaturi
3762 1486 3981 1545 erant,

2490 1581 2597 1634 aut
2630 1572 2821 1635 etiam
2858 1572 2921 1634 in
2957 1572 3277 1635 sacrificia
3306 1572 3471 1647 alia3
3522 1572 3634 1635 sed
3682 1571 3983 1636 holocau-

2491 1678 2659 1732 stum
2709 1679 3013 1752 tanquam
3055 1670 3309 1751 dignior
3346 1668 3577 1749 hostia,
3618 1670 3985 1753 specialiter

2490 1769 2888 1851 exprimitur.
2934 1772 3138 1831 Porro
3178 1773 3526 1831 sacerdotes
3555 1772 3628 1831 in
3672 1772 3846 1831 mari
3884 1774 3983 1831 la-

889 1872 1074 1934 l'ovea
1102 1888 1354 1951 magna,
1392 1869 1455 1931 in
1488 1888 1679 1951 quam
1724 1870 2103 1933 decidebant
2131 1872 2376 1934 cineres
2416 1864 2461 1925 B
2490 1871 2834 1929 vabantur.

885 1988 998 2051 per
1042 1967 1330 2031 foramen
1373 1968 1437 2029 in
1485 1968 1693 2031 medio
1738 1968 1953 2030 altaris
1997 1968 2373 2045 formatum3

886 2075 947 2130 et
985 2067 1240 2146 sanguis
1283 2066 1395 2149 qui
1438 2066 1504 2129 in
1539 2066 1756 2129 altaris
1795 2066 2189 2149 crepidinem
2239 2067 2380 2131 fun-

885 2164 1172 2241 debatur,
1198 2165 1573 2227 decurrebat
1595 2165 1661 2227 in
1693 2184 1854 2227 eam.
1876 2165 2195 2228 interdum
2231 2186 2379 2230 vero

887 2262 1311 2326 mundabatur
1342 2261 1526 2327 fovea
1549 2282 1660 2345 per
1693 2262 2059 2342 fenestram,
2084 2282 2225 2345 quae
2246 2274 2381 2327 erat

886 2362 964 2423 ad
1014 2361 1345 2436 orientem,
1381 2369 1452 2422 ut
1497 2361 1806 2443 losephus
1849 2360 2030 2423 dixit.
2065 2362 2271 2443 Atque
2309 2372 2380 2425 ut

890 2458 954 2519 in
1008 2457 1392 2520 Scholastica
1441 2457 1643 2520 fertur
1691 2458 1976 2535 historia,
2032 2459 2243 2523 Altare
2294 2459 2379 2523 fa-

889 2563 1061 2619 ctum
1094 2574 1130 2617 a
1157 2556 1385 2636 Moyse,
1418 2563 1678 2637 propter
1713 2556 2128 2619 reverentiam
2166 2558 2263 2619 sui
2311 2558 2376 2620 in

887 2653 1104 2734 aliqua
1145 2653 1289 2715 atrii
1333 2661 1512 2735 parte
1560 2663 1656 2716 est
1703 2663 2094 2718 reservatum
2143 2672 2159 2717 ε
2206 2658 2375 2737 quod

887 2752 1089 2833 aliqui
1123 2753 1380 2814 tradunt
1415 2752 1504 2813 ibi
1527 2752 1839 2815 mansisse
1871 2772 2072 2835 usque
2103 2756 2181 2817 ad
2213 2775 2379 2818 ever-

888 2850 1132 2913 sionem
1172 2848 1404 2913 factam
1454 2868 1568 2932 per
1615 2850 1950 2928 RomanOS,
2005 2852 2134 2917 imo
2184 2854 2377 2917 etiam

890 2948 1129 3030 postea,
1164 2966 1362 3029 quum
1402 2948 1673 3027 gentiles
1709 2949 1776 3010 in
1813 2950 2159 3014 Jerusalem
2204 2952 2380 3015 habi-

889 3054 1094 3109 tantes
1125 3044 1413 3109 fecerunt
1443 3064 1516 3109 ex
1546 3066 1621 3109 eo
1648 3047 2048 3130 horologium
2079 3051 2225 3113 sibi.

971 3148 1156 3205 Mare
1183 3164 1431 3225 quoquc
1458 3166 1707 3207 oeneum
1735 3147 1960 3224 fusile,
1991 3147 2054 3211 id
2084 3158 2181 3211 est
2212 3149 2380 3213 lava-

891 3242 1150 3320 torium,
1183 3243 1262 3305 de
1293 3261 1420 3324 quo
1451 3243 1636 3307 tertio
1667 3244 1832 3307 libro
1865 3246 2104 3325 Regum
2134 3248 2376 3312 dictum

881 3347 1024 3416 ’θεῖς
1072 3344 1284 3401 decem
1325 3344 1558 3403 cubitis
1599 3364 1639 3404 a
1691 3345 1858 3404 labio
1906 3367 2106 3423 usque
2152 3352 2243 3409 ad
2289 3352 2379 3408 la-

2570 1969 2745 2027 Fecit
2775 1977 2991 2028 autem
3008 1977 3069 2027 et
3097 1970 3485 2027 candelabra
3510 1988 3711 2029 aurea
3736 1970 3975 2039 decem,

2488 2081 2631 2143 quae
2660 2062 2911 2126 stabant
2943 2063 3008 2125 in
3040 2064 3333 2127 exteriori
3365 2073 3544 2147 parte
3565 2064 3805 2148 templi,
3830 2083 3979 2147 quae

2487 2160 2723 2224 dicitur
2761 2162 3057 2224 Sanctum
3099 2162 3198 2226 vel
3232 2162 3479 2226 Sancta.
3516 2164 3599 2227 De
3642 2163 3780 2225 istis
3826 2182 3981 2226 ean-

2488 2260 2765 2323 delabris
2796 2260 3036 2324 dictum
3066 2270 3161 2323 est
3192 2270 3491 2343 praetacto
3521 2262 3689 2325 libro
3706 2262 3973 2343 Regum.

2490 2362 2863 2419 Secundum
2898 2363 3169 2436 speciem
3206 2382 3402 2440 quam.
3434 2362 3763 2437 jusserat*
3796 2364 3973 2441 fieri,

2492 2456 2552 2518 id
2583 2464 2679 2518 est
2717 2458 2794 2519 ad
2832 2457 3318 2520 similitudinem
3357 2458 3722 2522 candelabri
3756 2458 3902 2521 facti
3934 2480 3977 2521 a

2487 2553 2713 2635 Moyse,
2756 2555 2935 2636 juxta
2974 2556 3299 2638 exemplar
3340 2556 3399 2619 ei
3440 2566 3858 2620 monstratum
3897 2578 3975 2620 ac

2484 2652 2731 2734 jussum
2766 2653 2830 2715 in
2864 2662 3100 2717 monte.
3124 2655 3416 2719 Attamen
3444 2655 3823 2719 candelabra
3852 2656 3979 2719 ista

2486 2760 2664 2813 erant
2710 2752 2971 2834 majoris
3009 2754 3406 2834 quantitatiS,
3439 2773 3632 2836 quam
3666 2755 3823 2818 illud
3856 2756 3981 2819 Mo-

2487 2850 2751 2925 saicum,
2799 2851 3095 2932 quamvis
3142 2851 3382 2915 fuerint
3423 2853 3711 2935 ejusdem
3752 2852 3979 2918 formae

2487 2956 2595 3009 aut
2644 2948 3005 3011 schematis,
3046 2950 3235 3013 Porro
3284 2951 3363 3013 de
3408 2952 3696 3028 materia,
3745 2951 3971 3031 forma,

2413 3052 2457 3115 C
2488 3054 2714 3109 ornatu
2746 3046 3110 3109 candelabri
3146 3048 3391 3130 MoysiS,
3427 3049 3733 3132 scriptum
3766 3059 3861 3113 est
3903 3051 3975 3113 in

2488 3144 2700 3206 Exodo
2745 3162 2759 3205 ε
2803 3164 2945 3225 quae
2985 3145 3243 3224 longum
3284 3155 3379 3209 est
3415 3147 3713 3227 allegare,
3748 3158 3809 3212 et
3848 3149 3980 3211 dif-

2490 3242 2731 3305 ficilius
2792 3244 3147 3324 intelligere
3197 3246 3335 3309 sine
3386 3246 3833 3312 elucidatione.
3888 3254 3975 3313 Ec

2480 3344 2698 3420 posuit
2746 3364 2821 3403 ea
2867 3346 2939 3402 in
2984 3348 3236 3422 templ0‚
3280 3349 3567 3426 quinque
3610 3369 3649 3407 a
3697 3351 3971 3421 dextris,

889 3442 1090 3511 bium,
1133 3443 1483 3501 rotundum
1511 3460 1633 3518 per
1673 3444 2042 3505 circuitum.
2082 3447 2379 3526 Quinque
2485 3452 2545 3502 et
2583 3442 2871 3521 quinque
2910 3464 2951 3503 a
2982 3445 3291 3506 sinistris.
3329 3448 3591 3508 Necnon
3620 3457 3681 3507 et
3720 3468 3975 3509 mensas

887 3540 1125 3598 cubitos
1172 3540 1438 3599 habebat
1483 3542 1888 3611 altitudinis,
1933 3552 1993 3603 et
2034 3544 2378 3621 funiculus
2486 3544 2697 3601 decem
2727 3560 2950 3603 aureas
2984 3540 3179 3616 fecit3
3226 3554 3285 3603 et
3307 3547 3529 3622 posuit
3570 3567 3677 3606 eas
3718 3550 3787 3607 in
3821 3556 3977 3607 tem-

891 3638 1164 3713 triyinta
1195 3637 1558 3697 cubitorum
1587 3639 1903 3699 ambiebat
1932 3660 2178 3718 yyrum
2209 3644 2372 3720 ejus.
2480 3642 2613 3715 plo,
2646 3641 2934 3718 quinque
2963 3660 3002 3699 a
3032 3643 3305 3713 dea-tris,
3344 3650 3404 3702 et
3433 3646 3718 3723 quinque
3744 3666 3786 3705 a
3814 3648 3977 3707 sini-

887 3735 1274 3796 Similitudo
1314 3754 1563 3814 quoque
1620 3737 1808 3796 boum
1853 3747 1991 3797 erat
2027 3742 2243 3799 subter
2292 3743 2375 3801 il·
2484 3738 2657 3796 stris.
2694 3736 2931 3817 Moyses
2960 3746 3171 3801 autem
3203 3758 3395 3801 unam
3439 3740 3673 3805 fecerat
3715 3763 3973 3807 auream

885 3835 1023 3892 lud.
1061 3835 1145 3893 Et
1192 3835 1402 3892 decem
1449 3834 1682 3893 cubitis
1719 3838 2014 3913 qua’dam
2062 3839 2376 3898 eoetrinse-

883 3951 994 3989 cus
1039 3934 1384 4001 ca’laturoe,
1428 3933 1618 4009 quasi
1656 3933 1901 3991 duobus
1956 3937 2239 3995 versibus
2288 3940 2375 3996 la-

884 4029 1061 4088 bium
1123 4030 1326 4088 maris
1384 4030 1838 4090 circumibant.
1899 4034 2097 4091 Boves
2155 4044 2373 4095 autem

881 4136 1068 4185 erant
1096 4127 1348 4202 fusiles.
1389 4129 1468 4187 Et
1509 4128 1723 4203 ipsum
1769 4148 1946 4187 mare
1983 4150 2177 4207 super
2220 4134 2374 4191 duo-

2486 3853 2769 3896 mensam
2814 3852 2827 3894 :
2873 3854 3017 3916 quae
3064 3837 3373 3901 collocata
3420 3848 3517 3902 est
3560 3841 3625 3902 in
3675 3842 3969 3906 exteriori

2489 3932 2705 4013 templi
2740 3942 2938 4014 parte,
2965 3934 3031 3996 in
3063 3936 3277 4000 medio
3306 3938 3528 4000 harum
3551 3940 3767 4003 decem
3800 3962 3975 4005 men-

2484 4048 2719 4091 sarum.
2742 4033 3013 4093 Phialas
3032 4056 3279 4115 quoque
3307 4058 3539 4099 aureas
3566 4051 3842 4102 centu-m.
3866 4044 3975 4102 Fe-

2482 4129 2569 4187 cit
2615 4138 2673 4187 et
2714 4135 2963 4191 atrium
3012 4136 3435 4197 sacerdotum.
3491 4137 3575 4199 De
3624 4136 3967 4219 multiplici

882 4226 1090 4284 decim
1121 4226 1300 4284 boves
1335 4226 1706 4301 impositum
1735 4236 1874 4286 erat
1895 4245 1918 4287 .·
1940 4248 2218 4305 quorum
2250 4240 2373 4291 tres
2410 4229 2453 4291 D
2482 4225 2641 4289 atrio
2667 4228 2911 4309 templi,
2936 4229 3175 4293 dictum
3198 4242 3295 4295 cst
3316 4234 3502 4298 tertio
3523 4234 3689 4298 libro
3710 4236 3965 4317 Regum.

882 4324 1306 4397 respiciebant
1335 4324 1424 4381 ad
1452 4323 1849 4400 aquilonem,
1876 4334 1936 4385 et
1975 4329 2102 4385 alii
2131 4338 2255 4388 tres
2285 4332 2372 4389 ad

880 4420 1268 4479 occidentem
1287 4443 1315 4490 ,⁰
1348 4438 1544 4495 porro
1587 4430 1708 4480 tres
1744 4425 1870 4481 alii
1910 4426 2269 4498 meridiem,
2310 4437 2371 4487 et

885 4526 1006 4577 tres
1054 4520 1172 4596 qui
1209 4520 1451 4596 reliqui
1495 4529 1708 4590 erant,
1756 4524 2087 4594 orientem,
2137 4527 2371 4587 haben-

882 4624 968 4674 tes
1007 4636 1185 4676 mare
1221 4624 1706 4695 superpositum.
1745 4623 2112 4682 Posteriora
2151 4634 2367 4685 autem

879 4714 1064 4772 boum
1102 4724 1288 4774 erant
1328 4716 1720 4776 intrinsecus
1765 4721 1882 4778 sub
1929 4722 2126 4781 mari.
2160 4725 2367 4783 Porro

879 4811 1167 4883 vastitas,
1201 4810 1267 4872 id
1313 4819 1410 4873 est
1450 4814 1813 4892 grossitudo
1858 4834 1969 4878 seu
2015 4816 2366 4898 spissitudo

875 4908 1042 4984 ejuS,
1091 4911 1354 4971 habebat
1396 4930 1766 4974 mensuram
1803 4917 2041 4991 palmi.
2095 4916 2223 4979 Hoc
2270 4927 2368 4981 cst

877 5007 1048 5085 quod
1083 5006 1267 5070 tertio
1298 5008 1462 5071 libro
1497 5008 1729 5090 Regum
1763 5011 1998 5074 dicitur
2023 5028 2037 5073 :
2061 5011 2368 5077 Grossitu-

875 5103 957 5165 do
987 5103 1230 5183 luteris,
1254 5106 1444 5167 trium
1480 5108 1811 5170 unciarum
1831 5118 1986 5171 erat.
2011 5112 2098 5171 Et
2119 5115 2367 5174 labium

875 5204 1064 5262 illius
1087 5214 1227 5264 erat
1249 5207 1439 5284 quasi
1459 5206 1708 5267 labium
1737 5210 1984 5277 calicis,
2009 5213 2108 5269 vet
2135 5230 2365 5287 repan-

872 5301 948 5359 di
977 5302 1114 5360 lilii
1132 5324 1158 5371 ,·
1185 5303 1600 5381 capiebatque
1631 5306 1762 5365 tria
1793 5307 2010 5366 millia
2041 5318 2357 5371 metretas.

2480 4326 2566 4384 Et
2596 4327 2933 4387 basilicam
2958 4333 3304 4406 grandem,
3336 4331 3401 4393 id
3432 4342 3529 4395 est
3574 4335 3769 4397 aedem
3801 4342 3975 4397 nota·
4068 4356 4081 4367 ·

2481 4421 2675 4485 bilem
2709 4442 2819 4486 seu
2852 4426 3063 4488 aulam
3100 4445 3113 4489 :
3152 4427 3217 4489 in
3248 4448 3375 4511 qua
3416 4433 3763 4495 seeundum
3793 4432 3973 4497 Glos-

2481 4540 2615 4582 sam
2645 4524 2921 4604 populus
2953 4528 3253 4590 convenit
3290 4528 3368 4590 ad
3414 4532 3745 4610 orandum,
3778 4540 3971 4615 atque

2479 4620 2557 4681 ad
2590 4621 2976 4684 audiendum
3017 4625 3280 4688 verbum
3317 4628 3464 4702 Dei3
3510 4638 3575 4691 et
3618 4637 3753 4693 erat
3796 4639 3969 4694 extra

2480 4717 2711 4780 atrium
2776 4724 3198 4800 sacerdotum,
3260 4727 3610 4790 secundum
3657 4727 3963 4792 Glossam.

2482 4816 2564 4877 De
2594 4815 2863 4897 praefato
2899 4828 3110 4883 autem
3158 4824 3557 4887 sacerdotum
3609 4826 3769 4891 atrio
3818 4828 3971 4909 legi-

2478 4921 2582 4974 tur
2614 4914 2799 4978 tertio
2829 4915 2994 4981 libro
3024 4918 3260 4998 Regum
3296 4938 3310 4983 ε
3346 4921 3709 4987 AEdificavit
3736 4926 3969 4989 atrium

2482 5014 2749 5079 interius
2802 5018 3001 5081 tribus
3045 5022 3379 5086 ordinibus
3422 5024 3705 5108 lapidum
3750 5028 3971 5110 polito-

2482 5134 2643 5191 rum,
2672 5124 2733 5178 et
2755 5136 2882 5180 uno
2906 5119 3129 5183 ordine
3149 5120 3469 5203 lignorum
3492 5126 3686 5188 cedri.
3706 5128 3966 5189 Etostia

2480 5215 2549 5273 in
2586 5216 2870 5287 basilica,
2896 5239 3038 5297 quae
3072 5223 3229 5281 texit
3256 5243 3401 5283 oere.
3426 5226 3633 5285 Porro
3664 5246 3841 5286 mare
3860 5248 3969 5305 po-

2474 5313 2609 5372 suit
2640 5314 2711 5372 in
2758 5317 2955 5375 latere
2994 5320 3219 5378 dextro
3257 5330 3479 5381 contra
3522 5324 3831 5383 orientem
3878 5328 3967 5385 ad

4016 1000 4255 1056 ΙΙΙΒῳΛι,

4036 4945 4063 4986 1
4066 4946 4230 4990 bidem.
