4309 6259
1195 514 1540 559 aNAnnATm
1584 514 1644 559 IN
1687 514 1822 559 CAP-
1858 513 1963 559 vul
2003 514 2130 560 1013.
2177 534 2257 543 —
2297 515 2440 560 Am.
2487 514 2595 560 XX!

3312 494 3431 559 419

337 682 512 761 quod
546 682 720 763 tangi
755 702 950 745 manu
979 682 1387 765 corripientis
1417 702 1544 747 non
1575 685 1782 765 potuit
1813 702 1828 747 :
1863 682 1912 743 A
1945 683 2126 765 impii
2155 683 2379 747 dicunt
2401 702 2413 744 :
2434 682 2593 756 Quid
2625 683 2807 747 nobis
2832 682 3075 765 profuit
3094 682 3429 765 superbia?
3459 705 3721 761 Sap.v.s‚9.

334 780 416 841 ad
465 788 706 844 tactum
753 782 929 844 enim
981 781 1418 859 conturbatur,
1467 782 1578 864 qui
1628 801 1834 845 corre—

335 879 622 959 ptionem
657 898 784 941 non
815 880 1110 943 sustinet.

411 979 530 1039 Sic
575 980 724 1049 via»,
777 978 840 1040 id
889 988 986 1041 est
1036 979 1440 1060 operationes
1487 987 1550 1041 et
1596 978 1824 1055 studia,

329 1080 628 1135 omnium
650 1079 768 1156 qui
797 1080 1272 1138 obliviscuntur
1299 1081 1529 1148 Deum,
1559 1076 1657 1141 vel
1689 1077 1828 1155 ejus

330 1192 457 1236 non
499 1174 996 1251 reminiscendO,
1039 1176 1139 1239 vel
1179 1176 1320 1257 ejus
1367 1176 1664 1237 mandata
1701 1192 1828 1236 non

329 1273 758 1335 observando.
810 1274 1026 1356 Aliqui
1083 1274 1254 1337 enim
1320 1274 1686 1355 frequenter
1744 1273 1829 1335 le-

327 1380 508 1451 gunt,
565 1373 941 1453 loquuntur,
993 1373 1394 1453 audiuntque
1440 1373 1518 1435 de
1567 1373 1714 1447 De0,
1765 1381 1829 1434 et

331 1478 542 1533 tamen
583 1470 642 1532 ei
695 1489 824 1533 non
863 1468 1194 1546 obediunt,
1243 1490 1360 1533 nec
1401 1470 1638 1533 habent
1686 1471 1824 1550 ejus

327 1568 706 1631 memoriam
753 1588 1133 1645 amorosam,
1178 1568 1514 1631 formatam
1563 1577 1622 1631 et
1673 1568 1824 1631 effi-

327 1686 565 1730 cacem.
601 1667 746 1731 ldeo
778 1668 1081 1730 dicuntur
1115 1687 1262 1730 eum
1293 1668 1498 1744 obliti,
1535 1668 1828 1749 quemad-

327 1766 590 1827 modum
621 1766 819 1829 Deum
855 1784 980 1828 non
1022 1784 1402 1846 cognoscere
1430 1775 1818 1841 asseruntur,

1940 791 2050 842 aut
2081 781 2237 862 quid
2280 782 2649 844 divitiarum
2680 781 2985 863 jactantia
3024 781 3295 844 contulit
3326 800 3431 845 no-

1942 879 2085 941 bis?
2116 880 2529 942 Transierunt
2568 880 2781 943 omnia
2820 881 2931 942 illa
2969 889 3270 961 tanquam
3304 899 3431 942 um-

1940 977 2074 1039 bra.
2109 982 2195 1041 Ec
2222 980 2389 1039 sicut
2422 982 2547 1039 tela
2574 1000 2997 1049 aranearum,
3025 998 3167 1061 quae
3196 978 3427 1040 debilis

1937 1084 2034 1138 θεῖ
2061 1084 2124 1137 θῖ
2153 1095 2351 1157 parvo
2379 1085 2555 1139 motu
2587 1078 2956 1154 destruitur,
2981 1079 3229 1155 fiducia
3248 1077 3427 1153 ejus.-

1938 1173 2088 1254 quia
2125 1176 2227 1254 (ut
2264 1174 2501 1237 dictum
2541 1177 2666 1255 est)
2707 1194 2851 1257 spes
2888 1177 3029 1257 ejus
3072 1174 3329 1257 peribit,
3365 1183 3429 1237 et

1936 1272 2117 1336 vanis
2150 1272 2341 1334 rebus
2372 1272 2679 1347 innititur,
2699 1282 2889 1355 atque
2917 1273 3169 1335 aeternis
3191 1272 3427 1355 suppli-

1935 1370 2052 1433 ciis
2081 1372 2399 1452 punietur.
2423 1372 2581 1434 Hinc
2611 1371 2895 1452 loquitur
2913 1371 3243 1433 Psalmista
3262 1372 3418 1435 Deo:

1934 1470 2194 1552 Propter
2230 1470 2632 1551 iniquitatem
2666 1470 3033 1552 corripuisti
3072 1470 3419 1547 hominem,

1934 1576 1998 1631 et
2027 1569 2351 1632 tabescere
2381 1569 2591 1631 fecisti
2622 1570 2786 1632 sicut
2813 1588 3109 1632 araneam
3140 1570 3421 1631 animam

1935 1668 2098 1748 ejus,
2132 1668 2208 1729 Et
2239 1668 2427 1730 isaias
2465 1685 2478 1729 :
2512 1668 2681 1749 Opus
2712 1687 2929 1731 eorum
2962 1686 3123 1749 opus
3154 1668 3418 1741 inutile3

1936 1766 2092 1829 telas
2121 1785 2367 1829 araneae
2400 1774 2755 1828 texuerunt.

327 1863 437 1943 qui
469 1864 791 1926 mandatis
824 1863 1026 1945 ipsius
1068 1883 1196 1927 non
1237 1864 1700 1945 obsequuntur.
1739 1866 1824 1924 Ει
1863 1870 1908 1929 Β
2014 1867 2349 1926 Innitetur
2374 1885 2567 1941 super
2593 1868 2857 1925 domum
2883 1886 3093 1935 suam,
3120 1863 3181 1927 id
3213 1873 3329 1940 est,
3358 1864 3423 1925 in

325 1982 462 2039 spes
491 1965 877 2041 hypocritoe,
901 1963 1012 2044 qui
1043 1963 1217 2025 aliud
1257 1963 1427 2025 intus
1467 1961 1820 2039 abscondit,

325 2060 500 2123 aliud
551 2058 914 2124 forinsecus
961 2062 1237 2138 exhibet,
1275 2062 1542 2141 peribit,
1591 2060 1653 2121 id
1705 2068 1820 2137 est,

327 2166 544 2238 optato
573 2156 746 2220 bono
769 2156 1329 2233 frustrabitur,aut
1356 2166 1525 2221 certe
1546 2157 1672 2219 cito
1701 2157 1828 2239 pri-

329 2256 584 2319 vabitur
621 2273 635 2316 :
673 2256 847 2336 quod
877 2256 1044 2319 sicut
1071 2256 1210 2318 sine
1247 2256 1514 2319 humore
1546 2274 1671 2318 non
1714 2274 1826 2337 po-

329 2362 444 2417 test
484 2352 844 2416 subsistere
888 2353 1136 2435 scirpus
1179 2354 1315 2417 sive
1358 2364 1699 2429 carectum,
1733 2354 1824 2416 sic

328 2453 526 2534 impia
569 2452 997 2527 conversatio,
1047 2471 1337 2533 vanaque
1383 2471 1524 2533 spes
1573 2453 1828 2514 damna-

327 2550 590 2627 buntur,
625 2558 692 2613 et
719 2568 848 2613 non
879 2549 1094 2612 valent
1121 2550 1232 2611 diu
1264 2549 1516 2625 florere,
1551 2569 1626 2612 eo
1656 2552 1826 2631 quod

327 2658 586 2713 careant
627 2667 770 2713 rore
806 2650 1027 2729 gratiae
1071 2650 1370 2726 coelestiS,
1414 2658 1475 2713 ct
1519 2670 1686 2731 aqua
1733 2670 1829 2713 sa-

331 2748 590 2830 pientiae
637 2748 959 2824 salutariS,
1007 2748 1458 2812 secundatione
1507 2757 1568 2811 et
1608 2748 1830 2827 irriga·

333 2846 502 2909 tione
545 2845 863 2909 donorum
903 2846 1176 2927 Spiritus
1221 2846 1456 2910 Sancti.
1493 2847 1634 2909 Ideo
1673 2847 1828 2911 dicit

168 2976 181 3003 ι
229 2980 238 3010 ;
291 2944 663 3014 ,psalmista
699 2946 868 3007 :lter
913 2945 1256 3027 impiorum
1302 2946 1558 3027 peribit.
1601 2946 1678 3007 Et
1716 2946 1828 3009 ite-

331 3042 993 3105 rumzConvertantur
1013 3052 1372 3125 peccatores
1395 3044 1459 3106 in
1482 3044 1822 3121 infernum,
1863 3050 1908 3113 C
1937 3044 2209 3107 confidit
2250 3044 2315 3106 in
2354 3044 2634 3121 homine,
2668 3052 2731 3107 et
2770 3042 2950 3125 ponit
2987 3062 3244 3107 carnem
3285 3042 3427 3104 bra-

329 3160 551 3203 omnes
580 3149 804 3221 gentes
834 3161 978 3222 quae
1014 3143 1480 3205 obliviscuntur
1508 3144 1726 3207 Deum.
1760 3144 1826 3205 ln

213 3268 246 3295 ,ν
275 3270 302 3307 ι,
331 3238 712 3303 Ecclesiaste
760 3259 1018 3321 quoque
1065 3241 1334 3304 habetur
1368 3242 1548 3305 :Non
1595 3241 1678 3304 sit
1723 3242 1830 3305 bo-

331 3356 482 3400 num
531 3336 758 3419 impio,
801 3357 918 3401 nec
965 3340 1423 3421 prolongentur
1469 3340 1605 3403 dies
1651 3341 1825 3422 ejus3

330 3438 436 3501 sed
467 3436 656 3518 quasi
691 3436 916 3500 umbra
948 3447 1288 3515 transeant,
1311 3440 1571 3520 quinon
1604 3441 1828 3503 timent

193 3564 230 3600 v,
291 3584 302 3596 .
333 3534 562 3599 faciem
585 3535 862 3599 Domini.
881 3536 956 3597 Et
985 3536 1248 3618 Sapiens
1270 3556 1283 3598 ε
1305 3538 1458 3619 Spes
1483 3538 1663 3621 impii
1702 3547 1830 3601 tan·

329 3654 520 3715 quam
553 3634 791 3715 lanugo
820 3644 937 3712 est,
971 3654 1114 3716 quae
1151 3655 1188 3697 a
1217 3644 1408 3700 vento
1442 3638 1732 3715 tollitur3
1763 3647 1829 3699 et

331 3733 512 3813 quasi
543 3753 796 3815 spuma,
829 3741 891 3795 et
935 3741 1238 3815 tanquam
1280 3736 1586 3798 memoria
1615 3738 1828 3819 hospi-

333 3830 410 3893 tis
441 3831 638 3893 unius
669 3832 801 3895 diei
839 3833 1305 3914 praetereuntis.

410 3932 562 3991 Non
588 3932 654 3989 ei
677 3933 958 4007 placebit
985 3933 1283 3992 vecordia
1310 3952 1456 4001 sua,
1479 3931 1543 3993 id
1565 3940 1676 4009 est,
1703 3934 1828 3996 Deo

331 4046 455 4107 non
505 4028 810 4110 placebit,
863 4028 993 4091 imo
1040 4037 1104 4091 et
1150 4029 1423 4091 maxime
1461 4030 1828 4111 displicebit

331 4126 649 4202 vecordia,
685 4126 748 4188 id
780 4135 876 4189 est
905 4126 1152 4189 insania
1181 4146 1292 4191 seu
1324 4127 1694 4209 insipientia
1721 4130 1830 4213 hy-

1934 1962 2199 2039 divitiis,
2244 1964 2483 2039 sobole,
2528 1962 2793 2039 familia,
2828 1963 3185 2043 ceterisque
3228 1964 3306 2025 ad
3356 1982 3423 2025 se

1935 2060 2401 2140 pertinentibus
2459 2060 2914 2142 temporalibus
2970 2060 3180 2137 rebuS‚
3244 2080 3421 2142 spem

1933 2178 2111 2221 suam
2141 2159 2507 2221 constituet.
2540 2160 2893 2232 Quocontra
2933 2160 3241 2241 scriptum
3272 2168 3369 2221 est
3402 2177 3417 2221 ε

1932 2256 2082 2329 Quis
2110 2258 2396 2319 ambulat
2423 2257 2491 2319 in
2524 2257 2843 2319 tenebris?
2875 2257 3096 2339 Speret
3126 2258 3191 2320 in
3222 2258 3423 2321 nomi·

1935 2375 2014 2419 ne
2043 2356 2315 2431 Domini,
2340 2364 2403 2418 et
2432 2356 2741 2418 innitatur
2769 2375 2961 2437 super
2982 2356 3178 2417 Deum
3208 2376 3417 2419 suum.

1933 2458 2018 2515 Et
2059 2476 2187 2515 non
2223 2458 2443 2524 stabit,
2473 2454 2537 2516 id
2580 2463 2699 2531 est,
2740 2473 2884 2535 spes
2928 2455 3070 2515 talis
3110 2474 3256 2516 eum
3294 2474 3421 2519 non

3472 1499 3716 1549 Psi-xxxviii,

3456 1564 3520 1604 ¹2.

3454 1695 3517 1738 1⁸.
3531 1710 3611 1747 ux,
3624 1700 3660 1745 6.
3673 1698 3714 1738 5.

3465 2284 3581 2329 laid.
3594 2300 3631 2333 ι..
3648 2288 3711 2327 to.

1936 2551 2090 2632 figet
2132 2553 2199 2614 in
2248 2552 2441 2629 bono,
2475 2554 2583 2615 sed
2633 2561 2885 2615 corruet
2936 2552 3073 2633 ipse
3120 2572 3266 2615 cum
3311 2573 3423 2616 sua
3502 2604 3509 2609 .

1937 2650 2197 2726 fiducia,
2232 2652 2385 2732 quia
2425 2671 2551 2714 non
2604 2650 2899 2713 innititur
2945 2650 3159 2713 stabili
3204 2650 3427 2713 funda-

1935 2756 2173 2822 mento,
2208 2749 2505 2812 videlicet
2534 2768 2781 2811 summo
2810 2757 2873 2811 et
2913 2748 3423 2811 incommutabili

1935 2846 2126 2923 bon0,
2172 2848 2281 2911 sed
2328 2847 2515 2909 rebus
2562 2846 2839 2910 caduciS.
2890 2846 3225 2927 Propterea
3274 2846 3427 2908 scri-

1939 2954 2116 3027 ptum
2149 2954 2245 3008 est
2272 2946 2339 3007 in
2366 2946 2635 3009 Jeremia
2662 2963 2675 3007 :
2702 2944 3063 3009 Maledictus
3092 2944 3282 3007 homo
3313 2944 3423 3026 qui

1937 3144 2152 3205 chium
2184 3162 2392 3220 suum,
2417 3152 2480 3205 et
2506 3162 2543 3204 a
2566 3142 2830 3206 Domino
2854 3142 3089 3205 recedit
3114 3160 3225 3204 cor
3246 3142 3423 3221 ejus:

1937 3241 2058 3305 erit
2087 3242 2259 3304 enim
2290 3241 2473 3322 quasi
2504 3240 2757 3323 myricae
2787 3241 2855 3302 in
2883 3240 3153 3303 deserto,
3174 3242 3427 3300 Fuleiec

1934 3361 2102 3411 eam,
2132 3340 2195 3401 id
2243 3348 2361 3417 est,
2401 3340 2661 3402 domum
2700 3358 2879 3401 suam
2924 3338 3168 3401 muniet
3206 3346 3427 3401 contra

1935 3440 2223 3515 adversa,
2254 3450 2314 3499 et
2342 3459 2471 3499 non
2500 3448 2858 3515 consumet,
2883 3437 2945 3500 id
2974 3445 3090 3515 est,
3115 3456 3231 3501 nec
3263 3436 3422 3518 ipse,

1936 3556 2052 3600 nec
2081 3538 2307 3599 domus
2335 3537 2475 3616 ejus
2504 3535 2584 3597 ad
2613 3554 2828 3597 veram
2857 3554 2930 3598 ac
2960 3534 3253 3597 stabilem
3284 3553 3429 3615 pro-

1935 3635 2302 3717 speritatem
2332 3632 2682 3715 perveniet.

2015 3738 2369 3795 Humectus
2408 3734 2665 3791 videtur
2700 3730 2979 3812 (supple,
3014 3730 3313 3812 scirpus),
3362 3730 3425 3792 id

1935 3840 2031 3893 est
2059 3831 2326 3894 humore
2355 3848 2561 3910 aqueo
2594 3829 2912 3908 irrigatuS,
2947 3839 3297 3908 antequam
3328 3849 3428 3887 ve·-

1938 3933 2080 3991 m'at
2105 3934 2221 4000 sol,
2253 3929 2587 3991 humorem
2630 3926 2979 4001 exsiccanS,
3014 3926 3427 3989 viriditatem-

1938 4018 2063 4110 que
2089 4026 2410 4103 auferenS,
2444 4037 2503 4087 ec
2536 4029 2609 4087 in
2638 4035 2787 4087 ortu
2814 4044 2954 4095 sao,
2986 4024 3049 4086 id
3078 4033 3172 4087 est
3210 4023 3425 4088 statim

1937 4126 2004 4188 in
2035 4134 2178 4189 ortu
2209 4124 2425 4205 scirpi,
2462 4144 2723 4201 ¹(jer-mem
2751 4125 2915 4201 ejus,
2949 4122 3013 4184 id
3054 4130 3149 4185 est
3179 4120 3424 4185 fructus

330 4224 614 4304 pocritae,
659 4225 846 4305 cujus
892 4224 1028 4287 haec
1077 4225 1324 4287 insania
1373 4234 1490 4301 est,
1543 4228 1712 4307 quod
1762 4227 1828 4289 in
1863 4226 1909 4287 D
1937 4224 2076 4304 ejus
2106 4222 2270 4284 nulli
2299 4222 2444 4284 usui
2481 4229 2690 4303 aptus,
2724 4224 3054 4299 eyredz'tur
3076 4221 3121 4292 *,
3154 4220 3306 4303 quia
3326 4238 3426 4283 ce-

329 4322 633 4403 operibus
661 4341 740 4385 ex
765 4340 1000 4402 genere
1028 4323 1213 4386 bonis
1244 4324 1446 4403 magis
1466 4326 1696 4405 quaerit
1723 4326 1830 4389 ho-

331 4420 616 4485 minibus
647 4421 900 4502 placere
931 4440 1123 4504 quam
1153 4422 1299 4498 Deo,
1333 4422 1583 4485 laudem
1615 4422 1828 4485 huma-

332 4538 474 4581 nam
497 4539 696 4601 quam
717 4519 1022 4595 divinam,
1049 4520 1450 4583 commodum
1479 4522 1827 4601 temporale

333 4637 520 4698 quam
554 4617 840 4681 fructum
859 4626 1190 4681 aeternum.
1207 4618 1350 4681 ldeo
1379 4618 1446 4679 in
1468 4618 1826 4683 Proverbiis

257 4760 268 4779 ‚
297 4761 307 4771 .
333 4716 642 4798 scriptum
673 4725 772 4779 θεῖ
804 4734 818 4777 :
850 4716 968 4789 Qui
997 4735 1200 4781 vanus
1234 4724 1298 4779 ct
1327 4735 1546 4779 vecors
1570 4725 1687 4794 est,
1725 4736 1828 4799 pa-

335 4814 488 4877 tebit
523 4815 948 4896 contemptui.
984 4814 1119 4891 Vel,
1154 4815 1288 4877 Non
1324 4814 1602 4896 placebit
1643 4816 1725 4892 ei,
1761 4815 1826 4878 id

335 4921 424 4974 θεῖ
452 4913 828 4997 hypocritae,
853 4932 967 4975 sua
997 4913 1290 4976 vecordia
1325 4930 1339 4974 :
1373 4913 1524 4994 quia
1555 4914 1710 4976 dum
1743 4914 1829 4976 vi-

334 5010 492 5073 derit
519 5031 590 5075 se
620 5011 856 5094 optatis
886 5012 1072 5074 bonis
1106 5010 1410 5087 fraudari,
1443 5020 1507 5074 et
1535 5011 1616 5075 ob
1646 5032 1823 5075 suam

337 5110 678 5173 vanitatem
725 5110 1036 5187 damnari,
1089 5109 1455 5191 displicebit
1505 5110 1629 5173 sibi
1673 5112 1828 5173 insi-

335 5207 569 5288 pientia
599 5229 738 5287 sua,
771 5209 840 5270 in
870 5218 1182 5290 quantum
1211 5217 1307 5272 est
1334 5209 1663 5272 meritoria
1696 5228 1832 5292 poe-

335 5324 428 5371 nae
471 5328 670 5391 quam
717 5308 955 5371 horret.
988 5308 1145 5371 Hinc
1185 5308 1248 5369 in
1290 5308 1455 5371 libro
1483 5308 1822 5390 Sapientiae

1939 4322 2153 4385 leriter
2192 4321 2419 4384 crescit
2455 4314 2531 4383 et'
2558 4319 2952 4384 fructificare
2982 4320 3251 4384 videtur.
3285 4319 3421 4397 Vel,

1937 4422 2003 4483 ln
2043 4429 2186 4483 ortu
2235 4439 2371 4496 suc,
2405 4419 2469 4482 id
2504 4427 2633 4503 est,
2669 4420 2803 4482 sole
2848 4418 3116 4496 oriente,
3160 4437 3422 4499 germen

1936 4520 2074 4601 ejus
2120 4520 2463 4599 egreditur,
2515 4518 2579 4581 id
2628 4527 2743 4595 est,
2799 4517 2967 4599 perit
3016 4518 3168 4580 solis
3217 4517 3427 4580 calore

1937 4618 2074 4681 loca
2103 4617 2355 4699 paludis
2382 4616 2661 4679 siccante-
2694 4633 2708 4677 ε
2741 4615 3059 4698 siquidem
3088 4615 3427 4677 humidum

1935 4735 2211 4797 aqueum
2251 4716 2621 4796 insipidum,
2658 4715 2935 4777 faciliter
2982 4713 3303 4796 epotabile
3338 4722 3429 4775 at-

1936 4834 2062 4896 que
2091 4814 2390 4878 siccabile
2420 4823 2514 4876 est
2552 4834 2591 4875 a
2618 4813 2773 4877 sole.
2806 4813 2919 4877 Per
2957 4812 3093 4876 haec
3124 4811 3423 4886 intendit,

1937 4914 2107 4994 quod
2162 4913 2358 4975 simili
2406 4913 2595 4975 modo
2642 4912 2878 4993 impius
2936 4930 3049 4974 seu
3098 4909 3429 4992 hypocrita

1937 5021 2345 5094 prosperatur
2391 5020 2454 5075 et
2492 5010 2702 5087 floret,
2736 5018 3079 5091 antequam
3130 5025 3431 5089 superve-

1937 5111 2072 5173 niat
2112 5110 2170 5173 ei
2214 5119 2404 5173 aestus
2444 5108 2867 5183 adversitatis,
2905 5126 3017 5169 seu
3068 5106 3283 5170 fervor
3335 5105 3429 5167 di-

1937 5209 2072 5275 vini
2110 5208 2357 5290 judicii,
2393 5208 2503 5289 qui
2543 5226 2655 5288 per
2694 5206 2893 5269 solem
2934 5212 3191 5268 notatur
3242 5221 3255 5265 :
3299 5222 3429 5284 quo

1937 5308 2254 5384 veniente,
2290 5306 2449 5369 falsa
2487 5304 2651 5388 perit
2680 5304 3095 5387 prosperitaS,
3124 5310 3187 5366 θῖ
3216 5302 3425 5365 latens

3467 2966 3561 3009 Jer-
3575 2968 3717 3019 xnus,

3482 4246 3501 4266 ⁶
3524 4243 3720 4301 eur-edio-

3456 4313 3529 4352 tur
