4309 6259
1523 1084 2423 1199 PROOEMIUM

656 1727 796 1791 UIA
834 1736 980 1811 post
1017 1738 1286 1794 mortem
1322 1730 1622 1814 Josaphat
1659 1732 1824 1813 regis
1854 1732 2144 1809 virtuosi,
2179 1741 2241 1796 et
2270 1732 2486 1796 Achab
2526 1732 2785 1796 nomine
2834 1732 2998 1814 regis
3041 1733 3313 1815 indigni,
3350 1732 3521 1798 facta

676 1844 776 1897 est
815 1837 1114 1899 notabilis
1155 1839 1446 1915 mutatio,
1479 1846 1606 1901 tam
1648 1840 1714 1901 in
1756 1856 1950 1918 regno
1980 1839 2139 1903 Juda
2178 1859 2372 1921 quam
2411 1840 2621 1917 Israel,
2659 1839 2801 1903 ideo
2841 1848 2985 1922 post
3026 1840 3521 1925 descriptionem

675 1945 904 2007 mortis
932 1946 1266 2009 amborum
1298 1964 1538 2027 regum,
1571 1947 1676 2010 hic
1708 1947 1934 2029 incipit
1962 1965 2167 2012 novus
2198 1954 2260 2010 et
2300 1954 2563 2029 quartus
2604 1946 2789 2024 liber,
2831 1955 3103 2010 tractans
3145 1950 3224 2011 de
3262 1948 3524 2030 postori-

419 2058 549 2114 tate
578 2052 1184 2134 successoribusque
1210 2053 1490 2117 illorum.
1523 2054 1681 2117 Hinc
1711 2054 1974 2137 quidam
2008 2054 2231 2117 scribit
2257 2072 2270 2116 :
2298 2054 2638 2135 Postquam
2671 2054 2738 2116 in
2773 2054 2956 2117 tertio
2987 2054 3152 2117 libro
3182 2063 3394 2117 actum
3426 2062 3523 2117 est

417 2160 500 2222 de
529 2168 806 2241 utroque
834 2160 1220 2241 bipartitove
1251 2179 1466 2241 regno,
1495 2181 1611 2244 pro
1643 2170 1928 2244 tempore
1957 2161 2069 2226 illo
2098 2181 2227 2243 quo
2262 2160 2505 2238 floruit,
2529 2162 2635 2224 hic
2668 2160 2877 2243 agitur
2908 2161 3057 2224 inde
3087 2178 3203 2243 pro
3239 2169 3521 2243 tempore

417 2285 551 2349 quo
580 2268 810 2330 cadere
836 2267 1054 2350 coepit.
1087 2268 1260 2343 Quod
1292 2269 1584 2350 quamvis
1617 2268 1832 2333 forsan
1863 2269 2078 2351 aliquo
2107 2270 2297 2333 modo
2329 2268 2530 2351 possit
2569 2268 2823 2345 salvari,
2858 2287 2985 2333 non
3026 2277 3235 2331 tamen
3268 2268 3519 2333 videtur

419 2374 1075 2457 irreprehensibiliter
1115 2376 1380 2453 dictum,
1414 2396 1614 2458 quum
1656 2385 1904 2440 constet
1947 2394 2215 2457 regnum
2252 2377 2411 2438 Juda
2454 2376 2677 2439 cadere
2718 2375 3035 2458 incepisse
3076 2383 3361 2459 tempore
3401 2374 3520 2438 Ro·
3575 2402 3808 2453 upum„

419 2482 616 2545 boam
649 2500 664 2543 :
695 2482 817 2545 sub
845 2502 974 2564 quo
1001 2484 1222 2547 decem
1263 2483 1465 2547 tribus
1506 2483 1564 2547 ei
1603 2484 1831 2547 ablatae
1870 2492 2041 2561 sunt,
2077 2492 2138 2546 et
2179 2484 2316 2566 ipse
2356 2502 2501 2546 cum
2545 2483 2782 2565 populo
2822 2502 2939 2546 suo
2978 2483 3056 2545 ad
3096 2480 3518 2547 idololatriam
3549 2465 3811 2578 22⁸3}ss

419 2590 668 2672 lapsuS,
693 2591 825 2671 regi
857 2591 1106 2675 AEgypti
1141 2592 1510 2656 tributarius
1540 2590 1816 2655 effectus
1847 2600 1964 2669 est,
1990 2601 2060 2654 ut
2089 2592 2369 2655 secundo
2396 2590 2921 2672 Paralipomenon
2953 2590 3208 2671 legitur,
3234 2600 3297 2653 et
3328 2610 3523 2673 supra

421 2698 618 2760 tertio
656 2697 894 2779 Regum
940 2699 1125 2763 libro.
1159 2699 1464 2763 Similiter
1506 2719 1773 2781 regnum
1818 2700 2038 2763 decem
2088 2699 2367 2762 tribuum
2410 2699 2633 2762 cadere
2678 2698 2874 2780 coepit
2917 2698 3131 2761 statim
3176 2706 3245 2761 ut
3287 2699 3522 2761 vitulos
3600 2722 3810 2772 maan,

418 2822 656 2867 aureos
685 2805 950 2869 adorare
979 2807 1186 2871 exorsi
1216 2814 1384 2869 sunt.
1418 2807 1678 2889 Propter
1707 2808 1877 2889 quod
1917 2806 2077 2869 Abia
2115 2826 2223 2869 rex
2259 2805 2419 2868 Juda
2456 2804 2689 2867 occidit
2735 2806 2813 2869 de
2855 2804 2948 2868 eis
2985 2806 3319 2887 (regnante
3356 2804 3525 2868 Jero-
3552 2788 3715 2899 {gs-³33
3745 2800 3814 2837 '‘¹'‘

421 2912 647 2993 boam)
682 2913 1151 2997 quinquaginta
1189 2915 1393 2977 millia
1432 2935 1559 2977 una
1595 2914 1720 2991 die,
1757 2916 1924 2978 sicut
1961 2914 2241 2978 secundo
2280 2912 2806 2995 Paralipomenon
2856 2912 3097 2989 sertum
3141 2921 3202 2975 et
3239 2914 3372 2995 jam
3410 2913 3523 2975 diu
3554 2911 3816 3017 gfff-¹¹¹¹·

419 3028 577 3082 ante
621 3027 891 3083 mortem
930 3020 1167 3099 Achab,
1203 3040 1381 3102 reges
1421 3022 1609 3085 lsrael
1651 3042 1718 3085 se
1759 3021 2035 3085 invicem
2074 3021 2469 3097 occiderunt,
2505 3028 2568 3083 et
2608 3020 2836 3084 merito
2877 3018 3253 3083 defecerunt
3292 3040 3365 3083 ae
3410 3040 3526 3082 nu-

417 3144 604 3189 mero
634 3126 854 3189 decem
885 3127 1112 3205 tribuS,
1145 3130 1212 3191 in
1247 3138 1514 3207 tantum,
1548 3130 1721 3211 quod
1753 3137 2035 3211 tempore
2066 3128 2284 3192 Achab
2319 3146 2445 3191 non
2480 3127 2605 3190 nisi
2641 3135 2885 3210 septem
2928 3127 3133 3190 millia
3172 3136 3372 3205 erant,
3407 3128 3521 3209 qui
3566 3154 3813 3210 nuceam,

417 3242 878 3315 processerunt
896 3254 1114 3299 secum
1143 3237 1446 3301 adversus
1480 3238 1689 3320 Syros,
1725 3245 1788 3300 et
1817 3236 2075 3299 ducenti
2111 3236 2369 3317 triginta
2402 3235 2585 3317 pueri
2619 3234 2986 3318 principum
3026 3236 3517 3318 provinciarum,
3554 3220 3618 3260 ¹⁵·

419 3348 496 3403 ut
538 3342 744 3423 patuit
779 3343 970 3406 tertio
1006 3343 1196 3407 libro.
1227 3344 1514 3426 Denique
1554 3364 1819 3426 regnum
1857 3344 2014 3407 Juda
2056 3342 2256 3424 magis
2300 3340 2523 3405 floruit
2562 3351 2782 3425 postea
2816 3343 2937 3405 sub
2969 3343 3258 3421 Ezechia,
3294 3344 3422 3409 imo
3461 3352 3523 3407 et
3567 3369 3811 3425 wlstan.

418 3448 548 3510 sub
576 3448 725 3511 Ozia
750 3469 824 3513 ac
851 3449 1116 3514 Joathan
1148 3460 1210 3515 et
1234 3452 1424 3530 Josia,
1445 3472 1636 3534 quam
1669 3462 1952 3535 tempore
1982 3451 2261 3515 Roboam
2295 3460 2358 3514 et
2386 3450 2583 3527 Abiae,
2610 3450 2775 3513 sicut
2805 3470 2881 3514 ex
2910 3450 3098 3514 dictis
3131 3452 3197 3513 in
3230 3452 3436 3528 terti0,
3461 3460 3523 3516 et
3552 3435 3815 3545 {2⁷‚‚‘,;³⁰}²‡23

415 3556 717 3619 dicendis
761 3557 830 3619 in
875 3558 997 3621 hoc
1035 3567 1260 3641 quarto
1303 3559 1468 3623 libro
1507 3567 1916 3623 monstratur.
1943 3560 2177 3624 Verum
2218 3566 2313 3622 est
2352 3566 2584 3635 tamen,
2622 3558 2792 3639 quod
2838 3577 3106 3640 regnum
3151 3560 3370 3623 decem
3413 3559 3524 3621 tri·
3552 3570 3817 3661 Ῐξὲξυῗὲζ·

417 3664 628 3727 buum
665 3665 871 3746 magis
909 3665 1145 3731 defecit
1183 3677 1326 3749 post
1362 3668 1578 3731 Achab
1617 3687 1810 3750 quam
1858 3675 2027 3731 ante.
3552 3649 3816 3725 mulmvs
