4309 6259
79 5300 280 5348 Booti.
291 5308 412 5345 ιιι,

57 5370 146 5409 223.

1247 512 1256 521 ’
1307 520 1652 567 malumno
1695 521 1758 565 m
1801 521 1936 567 GAP.
1984 520 2067 567 XV·
2105 520 2233 567 1013.
2276 542 2357 552 —
2396 523 2537 569 ΛΒΤ.
2584 522 2751 571 XXXV

3449 508 3567 572 513

467 697 816 769 parentum
849 690 1224 767 carnalium,
1249 690 1362 773 qui
1392 690 1720 772 superflue
1750 709 1864 772 pro
1898 690 1973 752 fi-
2002 695 2049 757 A
2083 712 2223 753 rum
2266 711 2546 771 suorum,
2581 694 2705 755 nisi
2733 714 2848 777 per
2886 696 3141 758 modum
3185 698 3566 778 praecedenti

468 785 710 850 liorum
756 788 1226 865 nobilitationc,
1252 789 1694 871 prosperitate,
1721 808 1972 870 promo-

466 885 650 949 tione
707 887 1136 950 sollicitantur
1188 897 1252 951 et
1307 896 1703 969 occupantur
1755 905 1768 948 :
1819 889 1974 968 quia

463 1004 676 1065 quum
717 987 1012 1049 venerint
1041 988 1118 1049 ad
1153 995 1486 1063 tormenta,
1521 985 1611 1048 nil
1645 986 1855 1049 sciunt
1895 987 1974 1049 de

457 1091 643 1146 statu
679 1084 830 1149 vitae
872 1085 1204 1167 praescntis
1243 1094 1307 1148 et
1349 1084 1760 1148 consistentia
1802 1084 1972 1148 filio-

2079 790 2349 854 articulo
2388 792 2718 873 scriptum.
2751 794 2901 869 Imo,
2936 793 3303 875 frequenter
3330 804 3568 857 mortu-

2081 907 2263 951 orum
2297 900 2629 971 parentum
2660 899 2971 971 augentur
2999 892 3311 975 supplicia
3342 912 3416 956 ex
3438 894 3567 955 vita

2082 988 2323 1050 carnali
2372 987 2682 1067 filiorum,
2734 1010 2926 1071 quam
2977 991 3292 1071 adjutorio
3343 1012 3569 1074 parcn-

2085 1094 2218 1147 tum
2249 1105 2509 1150 suorum
2538 1087 2750 1169 adepti
2780 1097 2950 1150 sunt.

1505 1513 2150 1600 ARTICULUS
2229 1514 2545 1600 XXXV

852 1788 1238 1835 DEGhARA'rlo
1291 1788 1639 1834 Ll'l'rssnaus
1691 1786 1966 1832 CAPITULI
2018 1786 2431 1840 Qnmrmsscml
2473 1788 2487 1831 ἶ
2535 1788 2921 1835 RESPONDENS
2976 1792 3179 1838 AUTEM

1551 1886 1806 1931 ELIPHAZ
1848 1886 2257 1946 THEMANITES,
2302 1886 2491 1931 Dlxlr.

621 2164 696 2227 IC
746 2166 882 2247 jam
939 2165 1278 2229 inchoatur
1325 2164 1640 2227 secundus
1688 2163 1966 2227 circulus
1993 2163 2038 2223 B
2075 2164 2233 2227 tium
2263 2174 2493 2229 statera
2522 2168 3068 2249 ponderabuntur.
3098 2172 3175 2233 Et
3206 2192 3463 2237 rursus:
3492 2177 3559 2239 In
3611 2206 3852 2255 &eost-‚m

638 2264 1096 2348 disputationis
1141 2264 1306 2327 inter
1343 2264 1582 2326 amieos
1620 2262 1736 2325 Job
1774 2271 1835 2325 et
1879 2262 1967 2344 ip-

441 2384 612 2427 sum
641 2363 902 2426 beatum
938 2362 1077 2425 Job.
1117 2363 1194 2424 Et
1223 2362 1343 2424 ista
1371 2380 1587 2425 eorum
1618 2361 1966 2443 disputatio

444 2472 562 2526 est
613 2462 944 2544 replicatio
993 2462 1285 2543 quaedam
1334 2470 1554 2523 contra
1606 2459 1965 2542 responsio-

445 2580 608 2639 neS,
651 2560 888 2643 quibus
926 2560 1042 2623 Job
1084 2560 1412 2642 respondit
1451 2560 1673 2642 primis
1707 2558 1964 2622 illorum

445 2660 817 2722 instantiiS.
852 2660 918 2721 In
958 2658 1281 2741 principio
1310 2676 1459 2738 ergo
1498 2658 1690 2739 hujus
1727 2658 1967 2739 capitu-

443 2760 530 2836 li,
587 2758 855 2840 Eliphaz
912 2758 1233 2821 invective
1280 2755 1568 2839 profatur
1625 2758 1960 2820 adversum

433 2858 604 2934 Job,
627 2856 813 2939 quasi
846 2856 1141 2939 superbe,
1176 2864 1700 2938 praesumptuose,
1723 2856 1962 2936 jactan-

441 2966 582 3031 ter,
637 2962 702 3017 et
747 2954 1052 3017 iracunde
1101 2973 1214 3017 seu
1262 2954 1667 3035 impatienter
1715 2953 1962 3017 locutus

439 3054 570 3117 sit.
617 3054 943 3130 Praeterea,
987 3053 1341 3116 secundum
1389 3053 1722 3134 quosdam,
1771 3051 1963 3114 amici

435 3152 576 3216 Joh
623 3170 752 3215 non
810 3160 1164 3234 posuerunt
1219 3151 1466 3213 homini
1512 3150 1708 3214 vitam
1768 3150 1959 3213 aliam

437 3270 660 3333 quam
688 3258 1092 3333 praesentem,
1136 3250 1225 3311 ita
1257 3250 1428 3331 quod
1466 3250 1748 3312 animam
1781 3249 1964 3312 ratio-

2073 2282 2181 2326 ore
2221 2263 2543 2327 fatuorum
2583 2285 2693 2329 cor
2727 2266 3008 2346 illorum,
3044 2278 3105 2333 et
3139 2270 3205 2332 in
3240 2274 3431 2336 corde
3466 2293 3563 2336 sa·
3591 2271 3658 2311 ²⁹·

2071 2362 2385 2443 pientium
2416 2382 2485 2425 os
2518 2363 2796 2427 illorum.
2828 2365 3007 2429 Fatui
3039 2368 3211 2431 enim
3248 2371 3560 2453 quidquid

2072 2461 2260 2523 corde
2289 2462 2717 2544 conceperint,
2744 2482 2890 2526 mox
2930 2463 3266 2546 proferunt
3305 2486 3429 2531 ore.
3457 2470 3564 2533 Sa-

2073 2558 2321 2640 pientes
2361 2578 2510 2623 vero
2539 2579 2609 2623 os
2648 2580 2834 2624 suum
2874 2564 3174 2645 aperiunt
3211 2569 3561 2631 secundum

2073 2665 2259 2720 rectae
2292 2658 2554 2720 rationis
2582 2678 2938 2722 censuram.
2957 2661 3115 2726 Hinc
3143 2682 3400 2746 quoque
3419 2666 3565 2729 Pro-

2071 2758 2309 2820 verbiis
2355 2758 2591 2821 dieitur
2624 2776 2638 2820 ε
2672 2758 2792 2833 Qui
2831 2761 3194 2825 moderatur
3237 2783 3559 2829 sermones
3606 2788 3851 2839 Proaxvn.

2071 2874 2242 2933 SUOS,
2277 2856 2498 2918 doctus
2529 2864 2591 2919 et
2621 2859 2901 2938 prudens
2933 2867 3049 2921 est.
3588 2854 3657 2895 ²⁷·

2151 2956 2237 3013 Ec
2258 2955 2552 3030 implebit
2583 2957 2836 3027 ardore,
2864 2956 2928 3017 id
2956 2966 3053 3019 est
3083 2956 3331 3021 fervore
3362 2968 3425 3023 et
3453 2961 3564 3024 im-

2071 3059 2221 3132 petu
2269 3052 2399 3130 irae,
2449 3052 2909 3132 indignationis
2959 3075 3069 3118 seu
3120 3057 3557 3140 impatientiae,

2067 3154 2467 3211 stomachum
2513 3171 2732 3221 suum,
2783 3152 2846 3214 id
2896 3163 2994 3216 est
3038 3154 3325 3218 animum
3376 3178 3560 3221 suum

2070 3249 2171 3313 vel
2202 3257 2479 3312 mentem
2509 3252 2532 3310 2
2562 3268 2705 3330 quae
2737 3251 3167 3334 metaphorice
3198 3257 3562 3320 stomachus

442 3351 680 3413 nalem
727 3349 1028 3412 dixerunt
1077 3348 1452 3428 mortalem3
1503 3358 1565 3411 et
1613 3349 1961 3411 secundum
1998 3350 2040 3412 C
2069 3347 2447 3430 appellatur.
2474 3348 2628 3409 Nam
2670 3348 2833 3410 sicut
2863 3348 2928 3410 in
2960 3352 3287 3416 stomacho
3317 3354 3561 3418 cibaria

440 3448 728 3526 eos,Job
757 3448 1042 3530 disputat
1065 3456 1287 3511 contra
1314 3449 1456 3511 hoc.
1473 3448 1615 3525 Sed,
1631 3456 1701 3510 ut
1730 3448 1963 3531 saepius

439 3549 599 3631 jam
643 3546 914 3623 ostendi,
961 3546 1074 3610 illa
1105 3565 1234 3610 000
1275 3545 1400 3609 fuit
1429 3547 1650 3630 opinio
1681 3548 1962 3613 virorum

441 3645 748 3708 illorum.
781 3644 960 3719 Quod
987 3645 1180 3708 etiam
1209 3645 1446 3727 conjici
1474 3654 1682 3728 potest
1711 3665 1788 3708 ex
1817 3646 1958 3724 hoc,

444 3745 642 3826 quod
694 3744 912 3807 nullus
973 3764 1196 3807 eorum
1241 3746 1452 3825 arguit
1499 3754 1718 3808 contra
1768 3745 1960 3810 verba

439 3843 606 3919 Job,
640 3842 878 3924 quibus
907 3843 1136 3906 asserit
1163 3844 1392 3906 animae
1423 3842 1962 3907 immortalitatem

443 3950 524 4005 et
575 3942 1114 4005 resurrectionem
1166 3941 1448 4004 futuram
1482 3960 1496 4004 :
1532 3942 1701 4023 quod
1751 3950 1961 4007 tamen

437 4040 558 4121 (ni
593 4039 810 4123 fallor)
837 4040 1179 4121 diligenter
1209 4039 1529 4118 fecissent,
1549 4041 1603 4102 si
1635 4041 1779 4102 talis
1810 4040 1965 4103 fuis-

442 4148 562 4203 set
590 4158 814 4203 eorum
843 4139 1090 4221 opinio.

538 4241 959 4315 Respondeas
987 4249 1206 4299 autem
1230 4240 1510 4315 Eliplcaz
1539 4241 1960 4307 leemanites,

437 4337 647 4400 dixit
667 4356 690 4395 .·
720 4337 1067 4415 Numquid
1091 4337 1348 4412 sapiens
1379 4338 1778 4412 respondebit
1808 4357 1964 4416 qua-

439 4438 520 4497 si
571 4436 650 4494 in
689 4444 952 4495 ventum
992 4438 1253 4515 loquens
1283 4436 1313 4495 ἒ
1356 4434 1539 4514 quasi
1589 4434 1760 4497 dicat
1810 4452 1823 4497 ε
1868 4436 1962 4497 Ad

2072 3446 2467 3526 digeruntur,
2488 3446 2579 3509 sic
2608 3446 3051 3510 meditationes
3083 3450 3319 3530 quibus
3348 3453 3562 3515 anima

2071 3545 2374 3628 pascitur,
2400 3544 2467 3606 in
2505 3553 2719 3607 mente
2752 3554 3123 3608 tractantur.
3158 3547 3421 3627 RursuS,
3445 3551 3564 3615 sic-

2073 3654 2142 3708 ut
2189 3664 2266 3707 ex
2312 3644 2637 3707 stomacho
2699 3644 2924 3707 ardore
2972 3644 3236 3727 impleto
3297 3647 3561 3712 foetidus

2072 3743 2289 3806 fumus
2327 3751 2673 3819 eructatur,
2706 3742 2793 3804 ita
2822 3762 2897 3805 ex
2935 3744 3150 3807 animo
3189 3746 3560 3827 passionum

2070 3844 2297 3906 ardore
2342 3859 2669 3919 succense,
2704 3840 2899 3906 verba
2946 3842 3261 3923 prodeunt
3308 3844 3555 3909 vitiosa.

2072 3940 2522 4003 Verumtamen
2571 3940 2757 4002 ardor
2800 3940 2931 4018 irai,
2967 3958 3078 4002 seu
3121 3940 3215 4002 ira
3251 3960 3393 4023 quoe
3440 3942 3563 4007 fer-

2071 4057 2187 4102 vor
2214 4038 2473 4119 quidam
2512 4045 2628 4115 est,
2665 4037 3019 4119 subjective
3049 4046 3144 4100 est
3174 4037 3240 4100 in
3272 4042 3560 4122 appetitu

2069 4137 2395 4213 sensitiv0,
2430 4154 2559 4198 000
2600 4136 2665 4197 ἰο
2709 4135 3025 4218 superiori
3064 4137 3298 4200 animm
3328 4140 3563 4220 portio·

2072 4254 2173 4312 ne,
2226 4235 2352 4297 nisi
2401 4254 2515 4317 per
2561 4252 2943 4297 consensum
2995 4242 3059 4298 et
3106 4234 3439 4314 affectum,
3493 4238 3559 4299 in

2073 4342 2382 4414 quantum
2434 4352 2615 4396 mens
2662 4332 2946 4415 passioni
2995 4334 3335 4413 consentit,
3378 4344 3443 4399 et
3488 4356 3562 4400 ea

2072 4432 2384 4495 obruitur.
2403 4432 2498 4494 Ira
2524 4440 2737 4493 autem
2767 4450 2881 4512 per
2910 4431 3137 4510 zelum,
3154 4442 3249 4495 est
3280 4433 3347 4495 in
3378 4435 3563 4499 ratio-

439 4530 824 4615 sapientem
863 4549 994 4594 non
1033 4530 1312 4613 pertinet
1351 4531 1627 4594 inaniter
1654 4530 1857 4613 loqui,
1902 4542 1965 4596 et
1992 4541 2043 4602 D
2072 4550 2152 4594 ne
2182 4550 2295 4593 seu
2325 4538 2557 4607 mente,
2592 4528 2785 4592 etiam
2814 4547 2930 4610 per
2960 4533 3562 4613 causam,quoniam

434 4633 778 4716 jactanter
821 4638 1016 4711 atque
1061 4629 1376 4692 inutiliter
1423 4630 1808 4712 respondere
1854 4640 1966 4695 aut

443 4729 589 4795 fari
621 4748 751 4793 non
778 4730 858 4791 ad
881 4728 1213 4792 veritatem
1242 4736 1306 4791 et
1329 4748 1481 4805 rem,
1503 4730 1614 4791 sed
1646 4729 1852 4793 solum
1883 4732 1960 4795 ad

434 4847 700 4905 aerem,
715 4827 1086 4910 loquacitati
1115 4826 1462 4909 superfluae
1491 4827 1864 4908 insistend0,
1882 4848 1962 4893 ne

433 4929 672 4995 victus
698 4936 810 4990 aut
838 4927 1130 4991 indoctus
1161 4934 1450 5009 putetur3
1486 4927 1614 4990 imo
1648 4929 1957 5010 sapientis

437 5038 580 5105 est,
593 5026 790 5090 verba
821 5025 1212 5089 sententiosa
1233 5025 1558 5088 humiliter
1587 5034 1650 5089 et
1680 5028 1964 5091 modeste

444 5125 778 5213 proferre,
803 5124 1223 5206 ordinateque
1253 5124 1452 5205 loqui,
1486 5133 1549 5187 et
1581 5127 1964 5208 respondere

447 5222 1238 5304 succincte,multiloquia
1256 5223 1788 5287 devitand0.Hinc
1819 5226 1966 5288 scri-

451 5334 656 5411 ptum
691 5330 790 5387 est
833 5321 898 5384 in
936 5321 1381 5385 Ecclesiastico
1415 5339 1428 5383 :
1462 5320 1668 5385 Verba
1712 5324 1962 5405 sapien-

723 5457 790 5509 T.
824 5457 875 5505 4.

2073 4630 2234 4692 ratio
2265 4628 2442 4691 illam
2471 4636 2699 4710 sponte
2726 4626 3013 4689 assumit.
3049 4628 3199 4690 Vult
3227 4629 3444 4712 itaque
3475 4632 3565 4695 di-

2073 4748 2238 4806 cere,
2263 4728 2436 4809 quod
2468 4725 2773 4810 sapientis
2807 4744 2934 4788 000
2966 4733 3077 4803 est,
3106 4726 3199 4789 ira
3224 4736 3335 4790 aut
3365 4729 3566 4812 impa-

2075 4828 2295 4891 tientia
2337 4824 2750 4901 inflammari,
2804 4843 3004 4905 quum
3050 4825 3358 4907 scriptum
3408 4828 3493 4889 sit
3544 4845 3559 4891 :

2070 4928 2168 4989 Ira
2197 4926 2263 4988 in
2294 4925 2441 4987 sinu
2478 4924 2657 4987 stulti
2688 4922 3034 5004 requiescit
3061 4948 3076 5000 ;
3108 4932 3172 4985 et
3206 4944 3219 4988 :
3255 4924 3561 5006 Spiritum
3617 4950 3851 5001 metam,

2072 5025 2151 5087 ad
2196 5023 2599 5085 irascendum
2633 5019 2888 5083 facilem
2921 5019 3065 5101 quis
3106 5021 3335 5102 poterit
3375 5023 3563 5085 susti-
3593 5016 3839 5119 ffimmm

2075 5142 2227 5186 nere
2246 5125 2269 5183 2
2290 5120 2699 5183 Mansuetudo
2729 5136 2957 5199 nempe
2989 5127 3051 5181 et
3082 5119 3389 5199 patientia
3416 5131 3565 5184 sunt
3594 5140 3659 5181 ιι.
3844 5103 3855 5128 '

2072 5221 2252 5302 signa
2299 5217 2648 5301 sapientia),
2673 5217 2852 5298 juxta
2904 5215 3065 5277 illud
3112 5217 3325 5281 Jacobi
3364 5219 3562 5293 :Quis
3620 5244 3852 5297 mamm,

2075 5322 2329 5405 sapiens
2368 5327 2431 5381 et
2466 5314 2915 5398 disciplinatus
2964 5314 3130 5377 inter
3161 5319 3317 5379 vos?
3348 5316 3567 5381 Osten-
3593 5309 3662 5351 ¹⁸·

3254 5451 3317 5501 33
