4309 6259
67 884 134 927 Ps.
151 885 300 929 umal.

64 1962 208 2007 natth-
219 1968 296 2015 x,s.

81 3055 172 3100 Lae.
189 3071 228 3105 x,
247 3060 282 3099 ί.

1263 504 1610 551 manuario
1651 505 1714 551 IN
1757 506 1892 552 mr.
1941 507 1960 551 1
2000 506 2127 553 101³.
2170 528 2251 539 —
2290 510 2433 557 aar.
2475 512 2512 555 v
3315 494 3425 561 321

329 668 556 750 utique
604 671 708 734 die
753 680 818 735 et
865 673 1020 737 hora
1077 676 1487 756 competenti,
1542 676 1834 757 quamvis
1865 677 1915 738 A
1944 688 2166 739 causta
2186 699 2308 757 per
2336 682 2649 757 sinyulos,
2680 682 2742 744 id
2774 692 2871 745 est
2908 682 3171 747 fervidas
3202 685 3432 749 oratio-

330 787 496 849 saepe
541 770 759 851 plures
800 771 906 834 die
944 773 1189 835 eodem.
1225 774 1309 835 De
1349 774 1468 838 hoc
1507 775 1834 838 Psalmista

330 868 626 947 praedixit
663 887 678 930 t
709 868 870 932 Justi
911 871 1252 953 epulentur
1291 881 1356 934 et
1400 874 1718 936 exsultent
1770 874 1834 937 in

329 976 678 1048 conspectu
722 969 856 1032 Dei.
891 970 976 1031 De
1015 970 1333 1053 spirituali
1382 992 1638 1053 quoque
1686 993 1834 1036 con-

329 1063 526 1139 vivio,
554 1067 728 1147 quod
779 1066 846 1129 in
897 1051 1246 1131 refectione
1293 1070 1579 1132 veritatis
1626 1074 1835 1134 consi-

327 1163 458 1239 stit,
494 1164 784 1246 loquitur
829 1167 1004 1231 Plato
1045 1168 1110 1230 in
1153 1168 1362 1250 primo
1411 1170 1630 1233 Timaei
1666 1189 1680 1233 ε
1723 1171 1833 1232 Er-

325 1279 511 1341 gone,
566 1262 892 1344 inquienS,
941 1266 1288 1348 magnifice
1339 1268 1644 1332 invitatus
1686 1290 1829 1331 sum

326 1359 563 1425 hodie?

412 1463 492 1521 Ec
523 1463 848 1523 mittentes
881 1468 1191 1527 vocabant
1231 1476 1352 1527 tres
1379 1487 1619 1527 sorores
1644 1489 1824 1538 suas,

327 1568 398 1618 ut
415 1563 822 1622 comederent
840 1572 900 1623 et
914 1565 1196 1625 biberent
1215 1586 1362 1625 cum
1382 1567 1500 1635 eiS,
1519 1565 1584 1627 id
1605 1574 1714 1641 est,
1741 1567 1829 1629 in-

326 1655 600 1721 feriores
623 1656 919 1722 fidelium
941 1669 1160 1739 statuS,
1181 1682 1286 1725 seu
1305 1666 1828 1745 congregationes

325 1756 616 1833 devotaS,
648 1759 726 1821 ad
769 1758 1184 1823 refectionem
1228 1770 1293 1824 et
1324 1762 1824 1827 consolationem

1945 776 2044 837 nis
2076 776 2394 840 sacrificia
2426 798 2541 859 pro
2570 780 2839 857 cunctiS,
2873 788 2945 843 ut
2985 783 3218 845 decuit.
3254 784 3431 847 Unde

1944 884 2008 935 et
2037 876 2345 957 scriptum
2378 885 2473 939 est
2498 895 2511 939 :
2536 878 2852 958 Dirigatur
2873 881 3075 944 oratio
3096 901 3237 945 mea
3265 883 3431 945 sicut
3481 910 3558 955 1³..
3574 926 3665 963 m,
3682 916 3722 957 2,

1945 973 2275 1037 incensum
2309 976 2373 1037 in
2404 985 2747 1058 conspectu
2778 986 2906 1040 tuo.
2932 978 3007 1040 Et
3038 980 3104 1041 in
3136 980 3305 1043 Luca
3334 981 3430 1042 in-

1942 1072 2197 1134 ducitur
2232 1090 2245 1134 :
2278 1073 2446 1136 Exiit
2481 1073 2659 1137 Jesus
2693 1076 2758 1137 in
2800 1085 3080 1139 montem
3129 1096 3331 1155 orare,
3366 1088 3427 1142 et
3470 1100 3718 1153 Lucanam

1941 1178 2073 1231 erat
2123 1180 2503 1251 pernoctans
2557 1172 2621 1234 in
2670 1174 2957 1237 oratione
3000 1176 3133 1237 Dei.
3164 1178 3428 1238 Dicebat

1938 1270 2114 1329 enim
2148 1290 2176 1328 .·
2209 1273 2306 1331 Ne
2344 1272 2531 1348 forte.
2578 1271 2798 1335 Sobrie
2844 1273 3147 1354 loquitur,
3196 1274 3275 1337 ad
3334 1275 3428 1338 in-

1939 1366 2323 1429 sinuandum
2382 1368 2631 1431 arbitrii
2691 1369 3071 1449 libertatem,
3136 1372 3301 1435 sicut
3358 1373 3425 1436 in

1937 1463 2283 1544 Evangelio
2328 1466 2415 1528 ait
2446 1475 2624 1548 pater
2658 1486 2671 1529 ε
2706 1468 2993 1532 Forsitan
3037 1469 3427 1533 verebuntur
3456 1493 3719 1545 manas.

1939 1562 2152 1624 filium
2184 1582 2419 1627 meum.
2456 1568 2871 1628 Peccauerint
2899 1570 3035 1644 filii
3061 1572 3190 1629 mei
3235 1570 3425 1651 spiri-

1941 1661 2161 1738 tualeS,
2200 1681 2360 1743 quos
2410 1682 2537 1725 non
2588 1664 2903 1743 ignoravit
2940 1686 3080 1729 esse
3130 1666 3427 1731 infirmos

1937 1768 2000 1822 et
2031 1758 2288 1839 fragiles
2326 1770 2475 1823 ante
2506 1781 2683 1824 suam
2715 1764 3074 1844 passionem
3104 1788 3118 1838 ς
3152 1775 3211 1826 et
3251 1769 3429 1827 bene-

327 1853 690 1917 invitabant
738 1858 1076 1935 internam,
1131 1858 1470 1941 implentes
1519 1864 1690 1943 quod
1739 1864 1828 1925 ait
1865 1864 1910 1926 B
1937 1860 2231 1918 (li-verint
2268 1862 2423 1929 Deo,
2446 1878 2559 1940 per
2600 1880 2857 1923 sensum
2884 1862 2985 1941 (ut
3030 1862 3271 1925 dictum
3304 1867 3428 1944 est)

327 1952 620 2017 Salvator
675 1972 689 2016 :
741 1956 948 2019 Gratis
995 1958 1354 2039 accepistiS,
1408 1961 1604 2040 gratis
1655 1962 1820 2025 date.

323 2052 692 2115 Secundum
723 2055 1096 2135 Gregorium
1125 2056 1290 2119 bene
1324 2058 1582 2135 dicitur,
1616 2060 1694 2121 Ut
1724 2080 1828 2123 co-

325 2152 660 2215 mederent
693 2161 757 2215 et
789 2154 1084 2218 biberent
1115 2174 1260 2217 cum
1301 2156 1394 2218 eis
1429 2173 1443 2217 τ
1475 2158 1628 2238 quia
1667 2157 1826 2220 Scri-

323 2260 514 2334 ptura
541 2252 891 2333 aliquando
916 2252 1102 2315 nobis
1122 2253 1305 2317 cibus
1337 2263 1452 2331 est,
1477 2255 1826 2338 aliquando

323 2358 534 2433 potuS.
571 2350 788 2427 Cibus,
827 2352 892 2413 in
933 2350 1414 2415 obscurioribus
1456 2354 1636 2431 lociS,
1671 2355 1828 2437 quia

323 2448 507 2528 quasi
557 2450 937 2531 exponendo
987 2448 1326 2532 frangitur,
1379 2452 1826 2533 spiritualiter-

325 2564 448 2626 que
475 2547 795 2628 glutitur3
832 2556 1042 2630 potus,
1081 2548 1144 2611 in
1180 2549 1335 2612 locis
1369 2550 1819 2633 apertioribuS,

324 2645 477 2725 quia
507 2645 601 2707 ita
631 2645 924 2709 sorbetur
955 2655 1024 2709 ut
1055 2647 1401 2711 invenitur.

407 2746 754 2822 Quumque
784 2746 856 2804 in
885 2747 1094 2805 orbe-m
1128 2748 1504 2808 transisse-nt
1532 2751 1669 2808 dies
1689 2770 1826 2810 con-

327 2843 520 2912 vivii,
545 2841 612 2903 id
633 2850 752 2919 est,
778 2843 1262 2925 praedicationes
1284 2844 1349 2905 in
1373 2845 1530 2908 locis
1554 2846 1825 2910 diversis

327 2940 478 3003 hinc
523 2941 678 3003 inde
715 2950 1191 3023 peragerentur.
1227 2942 1538 3006 Scribitur
1583 2945 1826 3029 quippe

1938 1955 2349 2035 contrarium,
2386 1961 2457 2018 in
2505 1962 2800 2019 cordibus
2846 1962 3011 2029 sui-5,
3061 1960 3127 2022 id
3171 1970 3286 2039 est,
3331 1962 3427 2024 in-

1938 2055 2390 2119 honoraverint
2418 2055 2609 2118 Deum
2642 2058 2721 2119 de
2751 2058 2935 2120 donis
2964 2058 3086 2120 sibi
3116 2059 3425 2123 divinitus

1938 2152 2123 2229 datis,
2178 2152 2429 2215 laudem
2487 2155 2845 2235 appetendo
2904 2156 3267 2235 humanam,
3322 2159 3423 2221 vel

1937 2252 2274 2331 cogitando
2302 2252 2548 2314 illicite.
2582 2256 2695 2314 Sic
2724 2256 3003 2333 faciebat
3030 2258 3145 2317 Job
3174 2259 3425 2319 cunctis

1935 2352 2179 2411 diebus.
2214 2350 2347 2412 Non
2388 2349 2654 2413 dubium
2704 2352 2861 2432 quin
2892 2352 3179 2416 Christus
3219 2355 3426 2436 quoti-

1938 2446 2042 2508 die
2079 2448 2285 2510 oravit
2324 2466 2439 2529 pro
2470 2448 2623 2525 suiS‚
2659 2467 2856 2529 quum
2888 2458 2950 2513 et
2981 2451 3059 2512 de
3102 2451 3244 2533 ipso
3291 2453 3425 2532 jam

1939 2545 2004 2607 in
2062 2546 2242 2607 coelis
2298 2554 2602 2627 regnante
2649 2546 2820 2609 dicat
2872 2547 3263 2629 Apostolus:
3306 2549 3423 2624 Qui
3490 2576 3718 2627 Romam.

1897 2691 1911 2703 .
1937 2643 2128 2705 etiam
2160 2644 2525 2725 interpellat
2552 2662 2667 2725 pro
2709 2643 2917 2707 nobis,
2951 2646 3027 2707 Et
3053 2647 3325 2710 Joannes
3358 2648 3423 2709 in
3455 2641 3521 2681 ²⁴·

1937 2742 2146 2825 prima
2174 2761 2286 2804 sua
2314 2742 2631 2805 Canonica
2656 2760 2669 2803 ε
2694 2743 3085 2808 Advocatum
3117 2745 3423 2809 habemus
3472 2772 3717 2825 umam,

1937 2842 2104 2923 apud
2145 2840 2390 2903 Patrem
2438 2842 2651 2904 Jesum
2680 2842 3000 2904 Christum
3048 2843 3329 2925 justum3
3361 2854 3425 2908 et
3456 2837 3555 2887 ¹·2·

1938 2938 2075 3021 ipse
2105 2948 2202 3027 est
2233 2940 2600 3021 propitiatio
2632 2958 2747 3021 pro
2776 2941 3051 3022 peccatis
3084 2942 3340 3005 nostris.

327 3038 392 3099 in
421 3038 617 3115 Luca,
643 3038 1009 3118 Designavit
1030 3040 1336 3103 Dominus
1364 3041 1541 3103 Jesus
1573 3050 1636 3105 et
1665 3043 1824 3106 alios
1861 3041 1906 3105 C
2019 3041 2315 3107 Quadam
2346 3048 2557 3099 autem
2592 3042 2716 3109 die,
2734 3060 2935 3119 quum
2956 3042 3270 3103 venissent
3293 3044 3426 3119 filii

325 3137 736 3220 septuaginta
771 3138 930 3200 duos
961 3138 1333 3221 discipulOS,
1370 3149 1433 3203 ct
1471 3140 1646 3203 misit
1681 3142 1823 3205 illos

320 3235 508 3299 binos
529 3244 598 3298 et
619 3235 808 3298 binos
838 3244 986 3299 ante
1008 3235 1238 3299 faciem
1267 3258 1447 3299 suam
1472 3239 1540 3300 in
1569 3258 1822 3303 omnem

318 3333 646 3398 civitatem
693 3342 758 3397 et
802 3334 1035 3411 locum,
1069 3354 1197 3416 quo
1244 3335 1382 3417 ipse
1421 3346 1557 3399 erat
1602 3346 1826 3400 ventu-

317 3451 448 3495 rus.
468 3431 721 3506 Quibus
755 3441 818 3495 et
846 3434 1192 3515 praedicare
1221 3434 1554 3517 praecepit3
1593 3438 1826 3517 specia-

318 3530 466 3593 liter
503 3539 720 3593 autem
763 3531 998 3593 direxit
1036 3532 1114 3594 ad
1153 3532 1630 3614 praedicandum
1662 3536 1826 3618 Apo-

315 3630 538 3693 stolos.
567 3632 873 3692 Mittebat
895 3634 984 3691 ad
1001 3651 1101 3691 eos
1120 3634 1234 3692 Job
1257 3631 1364 3694 :id
1393 3641 1508 3709 est,
1536 3634 1822 3697 Christus

316 3728 598 3810 Spiritus
621 3728 832 3791 Sancti
858 3729 1232 3792 instinctum
1255 3750 1330 3793 ac
1357 3732 1596 3810 gratias
1618 3734 1824 3795 cordi-

315 3827 434 3889 bus
457 3826 722 3890 illorum
746 3826 1006 3904 infudit,
1025 3846 1176 3891 suos
1199 3828 1436 3911 ubique
1456 3831 1821 3894 custodiens

314 3935 378 3988 et
395 3925 792 4006 gubernans
811 3928 900 3987 Et
917 3929 1363 4003 sanctificabat
1386 3930 1554 3998 illos,
1577 3928 1640 3991 id
1661 3938 1768 4005 est,
1786 3950 1822 3992 a

313 4023 686 4087 venialibus
713 4042 858 4105 quae
889 4024 1178 4105 quotidie
1209 4024 1644 4103 incurrebant,
1669 4047 1823 4109 prae-

315 4122 542 4185 sertim
574 4130 724 4185 ante
753 4122 1008 4185 Domini
1039 4123 1425 4204 passionem,
1461 4142 1570 4187 eos
1602 4144 1822 4206 purga-

1935 3140 2058 3197 Dei
2090 3146 2165 3196 ut
2200 3138 2581 3198 adsisterent
2620 3158 2837 3199 coram
2868 3142 3167 3211 DominO,
3202 3142 3426 3217 adfuit

1936 3238 2110 3295 inter
2136 3256 2236 3295 eos
2264 3237 2461 3296 etiam
2490 3239 2721 3296 Satan.
2753 3235 2937 3299 Juxta
2974 3250 3236 3299 Sensum
3269 3257 3427 3320 prae-

1935 3333 2185 3395 cedenti
2234 3332 2505 3395 articulo
2552 3333 2855 3415 positum,
2892 3334 3083 3413 istud,
3118 3336 3283 3399 sicut
3331 3356 3428 3400 se-

1933 3430 2218 3512 quentia,
2238 3430 2597 3512 applicatur
2618 3432 2693 3493 ad
2715 3430 3053 3495 Christum.
3079 3433 3191 3495 Hic
3212 3442 3423 3498 tamen

1934 3547 2048 3609 per
2067 3527 2410 3609 quamdam
2433 3527 2619 3603 diem,
2646 3526 3026 3607 intelligitur
3050 3537 3297 3612 tempus
3320 3532 3427 3595 do-

1935 3626 2187 3689 minicae
2230 3624 2687 3688 incarnationis
2728 3645 2841 3689 seu
2875 3626 3067 3707 primi
3103 3630 3418 3692 adventus

1932 3724 2188 3800 Christi,
2227 3742 2355 3805 quo
2388 3724 2583 3805 coepit
2613 3723 2980 3803 evangelica
3011 3725 3112 3787 lex
3142 3728 3415 3808 proponi

1930 3842 2004 3885 ac
2035 3822 2366 3905 praedicari
2402 3839 2417 3883 :
2451 3822 2623 3903 quod
2653 3841 2855 3903 quum
2886 3823 2969 3884 sit
2998 3831 3249 3905 tempus
3280 3844 3421 3906 gra·

1933 3922 2056 3998 tiae,
2091 3922 2319 3983 merito
2362 3921 2497 3983 dies
2531 3929 2811 3984 vocatur.
2846 3921 2931 3983 De
2968 3940 3097 4002 quo
3138 3923 3227 3984 ait
3258 3922 3421 4005 Apo-

1932 4020 2133 4083 stolus
2170 4037 2183 4081 :
2219 4020 2349 4081 Nox
2380 4020 2723 4101 praecessit‚
2757 4017 2893 4082 dies
2937 4028 3147 4083 autem
3189 4040 3419 4103 appro-
3470 4048 3598 4093 ηοω.
3621 4063 3709 4103 xm,

1931 4118 2288 4201 pinquavit.
2308 4117 2384 4179 Et
2404 4117 2591 4180 lsaias
2614 4136 2627 4179 :
2648 4119 2713 4180 ln
2736 4118 2841 4181 die
2882 4118 2992 4181 illa
3010 4120 3134 4182 erit
3152 4137 3413 4200 germen
3448 4112 3679 4227 ¹²12,ss-

315 4220 432 4296 vit,
471 4220 956 4302 virtutibusque
990 4221 1264 4285 ornavit.
1300 4224 1824 4304 Consuryensque
1851 4221 1900 4283 D
1931 4218 2204 4295 Domini,
2231 4217 2473 4280 scilicet
2502 4216 2699 4279 Filius
2730 4217 2862 4296 Dei,
2900 4218 2965 4279 in
2996 4219 3417 4298 magnificen-

315 4323 643 4381 dilucuIO.
667 4318 922 4381 Certum
955 4327 1070 4395 est,
1095 4319 1416 4383 Christum
1437 4339 1664 4385 somno
1687 4322 1824 4385 diu·

317 4428 514 4481 turno
549 4436 679 4481 non
719 4417 1086 4481 indulsisse.
1122 4417 1530 4481 Consurrexit
1561 4439 1823 4503 quoquc

315 4516 634 4592 diluculo,
670 4515 734 4577 id
764 4524 883 4592 est,
916 4523 1197 4578 mentem
1227 4516 1446 4593 erexit,
1472 4517 1574 4580 vel
1608 4520 1819 4600 potius

315 4624 600 4679 erectam
649 4612 1120 4676 incessabiliter
1171 4614 1374 4677 tenuit
1420 4616 1499 4677 ad
1545 4616 1814 4695 Patrem,

315 4713 637 4776 exsistens
670 4712 737 4773 in
777 4711 1026 4775 lumine
1066 4720 1280 4775 creato
1311 4713 1530 4793 gratiae
1571 4714 1694 4776 sibi
1726 4716 1822 4777 in-

315 4810 506 4889 fusae,
547 4811 722 4893 quod
771 4811 850 4872 ad
895 4810 1112 4873 lumen
1153 4811 1373 4891 gloriae
1417 4821 1822 4893 comparatur

315 4912 488 4975 sicut
529 4928 761 4973 aurora
801 4910 876 4987 ad
915 4908 1086 4972 diem
1127 4928 1238 4972 seu
1279 4909 1484 4973 lucem
1531 4912 1823 4974 meridia-

317 5029 468 5073 nam
488 5033 504 5083 ;
527 5008 628 5071 vel
655 5008 722 5071 in
745 5007 986 5070 lumine
1003 5008 1224 5087 gloriae
1245 5007 1367 5071 sibi
1391 5007 1630 5086 infuso,
1650 5013 1820 5091 quod

319 5110 396 5171 ad
441 5108 804 5171 increatum
846 5106 1103 5169 Deitatis
1149 5107 1363 5169 lumen
1413 5126 1480 5170 se
1524 5107 1716 5170 habet
1755 5117 1824 5172 ut

321 5206 684 5269 diluculum
718 5205 797 5267 ad
829 5205 1036 5268 lucem
1064 5204 1505 5282 clarissimam,
1535 5214 1726 5287 atque
1756 5216 1827 5270 ut

323 5304 780 5387 imperfectum
808 5303 886 5365 ad
918 5301 1295 5385 perfectum.
1320 5307 1629 5382 offerebat
1656 5308 1827 5367 holo-

576 5438 642 5489 T.
679 5436 730 5485 4.

1933 4318 2017 4380 tia
2046 4325 2109 4380 et
2136 4316 2359 4397 gloria,
2395 4325 2457 4378 et
2488 4314 2731 4378 fructus
2764 4324 2946 4379 terrae
2976 4318 3293 4397 sublimis,
3318 4319 3416 4382 vi·

1930 4416 2162 4480 delicet
2188 4414 2474 4478 Christus
2495 4414 2704 4495 proles
2728 4414 3003 4496 virginei
3026 4416 3269 4481 ventris
3296 4418 3419 4481 Ma-

1929 4516 2052 4578 riae.
2072 4515 2251 4577 Unde
2282 4513 2573 4596 praedixit
2590 4513 2955 4576 Psalmista:
2981 4514 3175 4578 Terra
3198 4526 3417 4581 nostra
3463 4538 3707 4591 Panum,

1928 4613 2104 4677 dabit
2140 4613 2421 4675 fructum
2456 4631 2664 4673 suum.
2700 4612 2827 4675 Hoc
2867 4621 3079 4676 autem
3129 4621 3416 4698 tempore
3448 4604 3513 4645 ¹³·

1929 4720 2260 4795 coeperunt
2286 4711 2495 4792 angeli
2527 4711 2731 4773 sancti
2767 4712 2847 4774 de
2875 4713 3210 4776 hominum
3250 4715 3419 4779 inso-

1930 4812 2045 4873 lita
2070 4809 2488 4873 conversione
2518 4809 2839 4891 praecipue
2874 4810 3201 4889 gratulari,
3226 4821 3419 4894 atque

1929 4928 2147 4973 eorum
2181 4907 2505 4991 profectus
2542 4907 2809 4971 Domino
2840 4908 3189 4989 majestatis
3222 4910 3415 4973 offer·

1933 5028 1998 5072 re
2034 5025 2048 5070 :
2080 5026 2212 5089 quo
2240 5007 2401 5083 viso,
2426 5006 2615 5069 Satan
2646 5007 2951 5069 acerrime
2980 5008 3176 5090 coepit
3209 5008 3419 5073 furere

1931 5127 2004 5171 ac
2035 5106 2280 5169 saevire.

2015 5208 2136 5267 Cui
2170 5206 2346 5264 dixit
2374 5205 2717 5273 Dominus,
2748 5222 2863 5286 per
2904 5204 3139 5268 Christi
3188 5208 3423 5271 adven-

1934 5314 2067 5367 tum
2101 5300 2420 5382 nequitias
2460 5302 2597 5383 ejus
2627 5300 2979 5379 refrcnanS,
3010 5322 3289 5386 eumque
3324 5306 3421 5369 in·

3112 5436 3173 5489 21
