4309 6259
905 482 986 547 62
1449 498 1798 547 ansanum
1838 498 1902 544 m
1943 498 2080 545 ω.
2126 496 2210 543 xv
2252 496 2411 543 unm
2450 496 2675 551 onan-n
2714 496 2941 543 amun.
2986 517 3067 529 -
3106 498 3251 545 Ant.
3292 499 3442 547 xvm

621 692 882 737 monim-ie
903 670 982 733 de
1039 670 1304 733 materia
1343 672 1366 695 ⁶
1409 668 1722 733 librorum
1770 669 2012 750 Regum
2059 665 2392 730 tractantis
2420 664 2473 727 A
2502 668 2897 733 vacationem
2942 668 3145 749 regni,
3178 669 3435 751 quando
3472 686 3587 750 per
3629 666 3987 751 principeS,

606 756 770 801 ΝΜ·
901 767 1260 831 solvuntur.
2502 786 2629 830 non
2660 786 2776 850 per
2806 785 2985 847 reges
3013 768 3249 831 dicitur
3277 765 3839 846 gubernatum,vel
3871 783 3990 846 per

995 869 1288 928 Sedecim
1327 886 1652 927 annorum
1693 875 1834 927 erat
1875 886 2078 945 quum
2120 883 2392 941 reynare
2498 866 3083 946 conregnationem,
3130 866 3232 930 vel
3280 865 3452 947 quod
3500 872 3756 946 propter
3802 862 3989 926 mali-

899 968 1207 1044 caepisset,
1225 974 1285 1025 et
1305 965 1791 1045 quinquaqinta
1817 965 2068 1024 duobus
2085 962 2281 1022 annis
2299 981 2394 1021 re·
2500 964 2653 1027 tiam
2702 965 3035 1047 cujusdam
3086 964 3275 1045 regis,
3308 964 3507 1045 aliqui
3551 963 3705 1026 anni
3748 963 3987 1045 quibus

894 1066 1129 1141 ,qnavit
1173 1066 1246 1125 in
1284 1067 1664 1125 Jerusalem.
1697 1065 1948 1123 Nomen
1989 1062 2217 1123 matris
2252 1061 2393 1136 ejus
2500 1064 2812 1145 regnavit,
2838 1064 2896 1126 ei
2930 1082 3056 1127 non
3089 1064 3497 1145 deputantur.
3523 1065 3609 1124 E't
3629 1063 3785 1139 fecit
3814 1064 3990 1141 quod

897 1164 1305 1232 Jeclcelia,de
1323 1165 1702 1224 Jerusalem.
1721 1163 2022 1241 Fecitque
2049 1162 2223 1241 quod
2253 1168 2393 1219 erat
2501 1167 2749 1225 malum
2785 1175 2875 1224 est
2910 1184 3129 1225 coram
3164 1165 3467 1233 Domino,
3496 1164 3665 1223 sicut
3702 1161 3988 1239 fecerant

891 1264 1216 1338 placitum
1235 1281 1452 1322 coram
1473 1262 1770 1331 Domino,
1775 1261 1986 1337 juasta
2003 1260 2229 1319 omnia
2246 1278 2391 1337 quoe
2496 1272 2713 1339 patres
2738 1264 2901 1340 ejus.
2938 1264 3083 1325 Non
3130 1263 3381 1325 recessit
3424 1282 3465 1321 a
3496 1261 3771 1338 peccatis
3809 1261 3989 1319 Iero-

897 1360 1052 1436 s'ecit
1071 1361 1374 1421 Amasias
1394 1369 1587 1437 pater
1613 1359 1776 1437 ejus.
1807 1361 2257 1419 Verumtamen
2285 1376 2391 1415 ea>-
2498 1362 2681 1421 boam
2706 1362 2844 1439 filii
2874 1362 3115 1430 Nabat,
3144 1362 3261 1439 qui
3280 1379 3544 1437 peccare
3571 1360 3725 1438 fecit
3753 1360 3982 1420 Israel.

899 1462 1064 1519 celsa
1113 1479 1246 1520 non
1291 1467 1382 1518 est
1428 1460 1794 1519 demolitus.
1839 1459 2074 1517 Adhuc
2107 1459 2391 1533 populus
2502 1460 2887 1537 Conjuravit
2923 1468 3139 1521 autem
3174 1468 3399 1519 contra
3436 1478 3583 1518 eum
3621 1460 3871 1518 Sellum
3904 1462 3989 1533 fi·-

896 1560 1330 1635 sacrificabat,
1349 1566 1410 1619 et
1428 1559 1718 1617 adolebat
1737 1558 2070 1617 incensum
2091 1557 2167 1615 in
2194 1556 2391 1613 excel·
2498 1560 2629 1618 lius
2654 1560 2865 1628 Jabes,
2892 1576 3061 1619 unus
3098 1558 3179 1619 de
3215 1554 3618 1638 principibus
3648 1556 3808 1637 ejuS,
3836 1575 3987 1633 per-

895 1658 1006 1717 sis.
1027 1657 1354 1717 Percussit
1373 1666 1590 1717 autem
1608 1656 1927 1717 Dominus
1947 1672 2157 1731 reqem
2176 1651 2387 1716 Oziam
2496 1658 2815 1736 cussitque
2842 1676 2989 1717 eum
3010 1660 3267 1734 palam,
3298 1654 3363 1717 id
3402 1661 3499 1719 est
3542 1654 3607 1715 in
3648 1651 3986 1735 praesentia

672 1766 707 1811 ιι
735 1768 849 1813 Par.
897 1754 1096 1836 lepra,
1142 1755 1400 1836 quando
1445 1753 1776 1834 usurpavit
1823 1751 1948 1815 sibi
1997 1750 2387 1815 sacerdotale
2496 1753 2909 1817 aliorumzex
2937 1772 3067 1835 quo
3090 1762 3287 1835 patet,
3304 1753 3477 1834 quod
3506 1752 3724 1815 multis
3744 1750 3985 1834 placuit

600 1833 865 1881 ¹¹⁷¹’¹⁶‘²¹‘
895 1851 1215 1929 officium,
1271 1860 1458 1935 prout
1513 1852 1794 1943 secundo
1851 1851 2381 1932 Paralipomenon
2423 1855 2468 1917 B
2498 1852 2858 1916 interfectio
2888 1852 3201 1915 Zachariae
3231 1851 3435 1927 istiuS‚
3454 1852 3610 1932 quia
3632 1850 3839 1915 fuerat
3857 1850 3985 1914 val-

893 1951 1060 2015 libro
1102 1952 1422 2027 recitatur,
1469 1959 1534 2013 et
1578 1950 1666 2013 ibi
1713 1950 2072 2032 expositum
2119 1956 2218 2013 est
2253 1965 2268 2010 ε
2304 1948 2383 2011 de
2494 1953 2573 2016 de
2602 1952 2828 2030 malm,
2852 1952 2952 2015 vel
2968 1952 3141 2034 quod
3164 1950 3403 2014 Sellum
3424 1949 3645 2013 habuit
3671 1950 3983 2013 adsisten-

891 2068 1022 2131 qua
1069 2068 1136 2113 re
1181 2049 1492 2132 Josephus
1539 2047 1764 2111 scribit
1810 2047 2076 2110 diffuse.
2119 2050 2207 2109 Et
2247 2047 2385 2124 fuit
2494 2050 2646 2113 tiam
2689 2067 3007 2130 magnam.
3050 2052 3137 2112 Et
3176 2051 3528 2126 interfecit,
3556 2050 3979 2128 reynavitque

893 2154 1175 2227 leprosus
1205 2170 1402 2229 usque
1431 2152 1504 2209 in
1534 2150 1708 2210 diem
1739 2150 1964 2210 mortis
1991 2168 2146 2219 suae,
2181 2157 2241 2206 et
2270 2149 2387 2207 lia-
2484 2170 2608 2228 pro
2626 2170 2709 2211 eo.
2728 2152 3009 2228 Reliqua
3026 2158 3242 2209 autem
3262 2150 3598 2208 verborum
3622 2148 3981 2216 Zachariae,

892 2250 1124 2309 bitavit
1155 2250 1228 2309 in
1265 2250 1450 2309 domo
1491 2249 1694 2307 libera
1729 2266 2035 2315 seorsum,
2069 2244 2131 2307 id
2176 2252 2273 2306 est
2316 2242 2381 2305 in
2491 2269 2705 2310 nonne
2722 2252 2857 2310 laec
2873 2250 3117 2324 scripta
3134 2255 3288 2307 sunt
3310 2248 3382 2306 in
3406 2248 3567 2306 libro
3588 2249 3976 2307 Sermonum

888 2347 1078 2411 domo
1108 2355 1418 2428 separata,
1451 2364 1597 2428 quae
1639 2364 1676 2407 a
1714 2343 2195 2407 cohabitatione
2227 2342 2384 2407 alio-
2490 2351 2749 2409 dierum
2785 2367 3009 2424 requm
3052 2348 3303 2409 Israel?
3331 2346 3458 2405 Iste
3498 2354 3589 2406 est
3615 2364 3820 2405 sermo
3852 2346 3979 2404 Do-

890 2464 1055 2523 rum,
1090 2453 1155 2507 et
1183 2444 1456 2524 negotiis
1487 2442 1667 2525 regni
1698 2443 1901 2505 libera
1942 2441 2064 2505 fuit
2103 2450 2167 2505 et
2204 2441 2384 2524 quie·
2492 2449 2685 2518 mini,
2716 2467 2904 2526 quem
2946 2449 3193 2505 locutus
3230 2452 3320 2504 est
3356 2446 3445 2504 ad
3483 2446 3675 2514 Jeliu,
3704 2444 3923 2503 dicens
3954 2460 3979 2503 .·

891 2552 990 2617 ta3
1031 2552 1245 2625 atque,
1280 2551 1352 2604 ut
1386 2541 1695 2624 Iosephus
1740 2549 1977 2616 narrat,
2012 2549 2189 2603 extra
2226 2539 2383 2603 civi·
2490 2548 2659 2606 Filii
2692 2548 2791 2606 tui
2818 2564 3019 2625 usque
3046 2547 3137 2605 ad
3172 2552 3477 2623 quartam
3498 2544 3979 2619 qenerationem
4034 2565 4237 2619 {raom

890 2650 1083 2705 tatem
1106 2640 1473 2704 morabatur
1492 2641 1569 2702 ad
1595 2648 1942 2720 tempuS‚et
1965 2638 2054 2701 ibi
2077 2638 2382 2701 moestitia
2488 2646 2793 2705 sedebunt
2828 2646 2907 2703 de
2949 2652 3005 2703 te
3040 2662 3233 2718 super
3264 2644 3567 2702 thronum
3596 2642 3821 2701 Israel.
3856 2643 3978 2701 Fa·
4004 2632 4071 2671 ³⁰·

893 2739 1165 2803 faciente
1201 2737 1538 2802 defunctus
1569 2746 1680 2801 est.
1711 2741 1988 2799 Joatltan
2025 2758 2169 2798 vero
2198 2739 2381 2815 filius
2490 2752 2786 2823 ecumque
2820 2752 2911 2803 est
2949 2744 3045 2802 ita
3075 2762 3099 2800 .·
3134 2739 3199 2801 id
3242 2747 3361 2816 est,
3407 2737 3475 2799 in
3518 2738 3639 2801 isto
3679 2738 3977 2801 Zacharia

890 2840 1060 2916 reyis
1098 2839 1498 2915 ,auter-nabat
1539 2838 1896 2916 palatium,
1935 2846 1996 2897 et
2027 2836 2381 2915 judicabat
2490 2840 2823 2922 impletum
2845 2848 2962 2917 est,
2981 2839 3153 2922 quod
3174 2836 3477 2901 Dominus
3506 2836 3975 2918 promisitJehu

889 2941 1203 3016 populum
1235 2946 1438 2997 terrae.
1459 2937 1735 3015 Reliqua
1763 2944 1980 2996 autem
2008 2954 2378 2996 sermonum
2488 2940 2643 3019 regi,
2675 2939 2848 3020 quod
2880 2938 3002 3000 l'ilii
3034 2938 3173 3019 ejus
3202 2955 3407 3018 usque
3437 2936 3515 2998 ad
3546 2944 3838 3019 quartam
3869 2952 3976 3015 ge-

890 3036 1182 3104 Azarioe‚
1211 3044 1272 3095 et
1302 3036 1606 3094 universa
1635 3054 1778 3113 quw
1803 3033 1985 3110 fecit,
2004 3053 2217 3094 nonne
2248 3035 2381 3094 haec
2409 3040 2454 3103 C
2492 3039 2884 3103 nerationem
2916 3043 3255 3119 regnarent
3284 3042 3427 3116 post
3455 3053 3626 3112 eum,
3644 3044 3717 3098 ut
3744 3035 3979 3115 legitur

889 3136 1132 3212 scripta
1159 3142 1311 3194 sunt
1341 3134 1415 3192 in
1445 3134 1606 3193 libro
1639 3134 1985 3193 Verborum
2009 3134 2269 3193 dierum
2289 3152 2381 3191 re·
2488 3157 2702 3220 supra.
2730 3137 2866 3201 Iam
2897 3137 3069 3199 enim
3102 3142 3539 3198 successerant
3570 3134 3629 3197 ei
3661 3153 3777 3216 per
3806 3134 3977 3197 ordi-

883 3252 1045 3311 qum
1073 3234 1290 3293 Juda?
1322 3235 1406 3294 Εἰ
1432 3232 1745 3293 dormivit
1778 3232 2060 3291 Azarias
2088 3252 2238 3291 cum
2263 3251 2384 3309 pa·
2488 3256 2636 3300 nem
2675 3236 2964 3313 Joachaz,
2995 3236 3159 3311 Joa8,
3198 3232 3554 3310 Jeroboam‚
3600 3240 3663 3295 ct
3706 3233 3825 3296 iste
3868 3234 3977 3295 Za-

895 3333 1097 3393 tribus
1133 3333 1295 3401 suis,
1336 3332 1845 3410 sepelieruntque
1881 3350 2030 3390 eum
2061 3350 2210 3391 cum
2247 3352 2383 3391 ma·
2490 3336 2761 3399 char-ias.

879 3430 1143 3509 joribus
1179 3431 1316 3489 suis
1354 3430 1426 3490 in
1463 3430 1726 3489 civitate
1761 3429 1982 3491 David
1992 3451 2022 3500 ,·
2055 3437 2115 3489 et
2151 3448 2382 3507 reyna-
2588 3436 2841 3497 Sellum
2879 3436 3062 3513 filius
3097 3436 3281 3496 Jabes
3324 3433 3621 3512 reynavit
3660 3434 3975 3493 tricesimo

895 3530 990 3589 vit
1015 3530 1298 3590 Joatkan
1328 3528 1510 3604 filius
1539 3526 1679 3603 ejus
1689 3546 1812 3604 pro
1831 3544 1938 3587 eo:
1963 3524 2076 3607 qui
2107 3534 2173 3589 et
2204 3534 2381 3609 patre
2488 3554 2655 3596 nono
2696 3554 2869 3595 anno
2906 3535 3172 3597 Azarice
3208 3535 3378 3611 reqis
3411 3534 3608 3594 Iuda.
3656 3533 3977 3609 Reqnavit

893 3643 1010 3689 suo
1059 3625 1148 3689 sic
1200 3642 1499 3708 percusso
1549 3623 1930 3705 gubernavit
1987 3625 2066 3687 ad
2127 3633 2378 3707 tempus
2490 3643 2705 3695 autem
2736 3652 2865 3693 uno
2896 3652 3105 3693 mense
3142 3633 3215 3693 in
3254 3632 3563 3693 Samaria
3595 3628 3831 3712 impius
3864 3628 3975 3691 ille

894 3724 1224 3807 palatium·
2491 3730 2764 3805 Sellum3
2810 3738 2874 3793 et
2918 3728 3082 3793 sicut
3126 3727 3367 3792 fecerat
3409 3728 3669 3801 domino
3710 3746 3839 3803 suo,
3886 3726 3976 3790 sic

975 3822 1273 3904 Sequitur
1301 3822 1382 3885 de
1412 3820 1670 3903 regibus
1691 3820 1902 3899 lsrael,
1921 3820 2036 3903 qui
2057 3830 2203 3903 post
2222 3839 2385 3885 mor-
2491 3829 2761 3910 contigit
2802 3829 2883 3892 ei.
2931 3829 3107 3891 Unde
3150 3826 3565 3909 subjungitur
3596 3844 3611 3889 ε
3650 3830 3736 3889 Et
3764 3848 3979 3888 ascen·

894 3929 1022 3985 tem
1058 3920 1391 3986 Jeroboam
1433 3920 1620 4000 rcgiS,
1658 3918 1876 3982 multis
1915 3919 2383 3983 calamitatibus
2490 3932 2591 3990 dit
2636 3930 2981 3991 Manahem
3018 3930 3203 4006 filius
3244 3928 3439 3995 Gadi,
3468 3929 3547 3986 de
3592 3926 3848 3995 Thersa,
3880 3946 3980 3985 ve-

893 4030 1044 4083 sunt
1072 4021 1384 4105 oppressi,
1420 4029 1544 4082 tam
1577 4038 1614 4081 a
1645 4038 1713 4081 se
1744 4018 2041 4095 invicem,
2076 4038 2267 4102 quam
2302 4021 2381 4083 ab
2490 4030 2714 4108 aitque
2751 4029 2825 4088 in
2868 4027 3272 4095 Samariam,
3302 4034 3361 4085 et
3380 4026 3696 4102 percussit
3724 4027 3975 4086 Selium

891 4119 1206 4183 extraneis
1239 4118 1691 4201 regibuS,puta
1710 4117 2125 4199 Assyriorum,
2151 4137 2384 4200 quous·
2489 4128 2711 4203 fitium
2753 4127 2962 4196 Jabes,
3004 4133 3065 4184 et
3107 4123 3435 4199 interfecit
3476 4143 3645 4195 eum,
3678 4121 3979 4185 videlieet

893 4238 1020 4301 que
1048 4236 1312 4299 regnum
1342 4217 1502 4279 illud
1534 4217 1752 4279 decem
1794 4216 2075 4279 tribuum
2115 4218 2383 4282 omnino
2412 4226 2463 4288 D
2492 4223 2754 4300 Selium,
2778 4224 3199 4301 reynavitque
3221 4240 3342 4299 pro
3364 4241 3455 4281 eo.
3475 4220 3801 4283 Manahem
3832 4219 3973 4297 iste,

894 4318 1148 4382 defecit.
1184 4318 1337 4380 Nam
1385 4317 1504 4379 sub
1546 4315 1879 4379 Jeroboam
1919 4316 2148 4379 habuit
2188 4317 2383 4380 maxi-
2492 4332 2559 4385 ut
2598 4323 2821 4386 recitat
2855 4320 3185 4401 IosephuS,
3220 4326 3354 4382 erat
3387 4319 3684 4401 princeps
3724 4319 3972 4383 militiae

895 4436 1064 4491 mam
1087 4414 1596 4499 prosperitatem,
1614 4422 1684 4477 ut
1703 4414 2085 4496 praecedenti
2117 4424 2216 4478 est
2246 4436 2381 4479 nar-
2490 4420 2825 4497 Zachariae,
2858 4428 2921 4483 et
2950 4418 3204 4499 cognito
3234 4435 3309 4481 eo
3348 4417 3521 4499 quod
3552 4416 3787 4481 Sellum
3806 4436 3976 4481 com·

896 4524 1102 4580 ratum
1133 4515 1435 4590 articu103
1477 4514 1589 4577 sed
1627 4513 1780 4595 quia
1811 4513 2225 4594 ingratissimi
2256 4516 2382 4579 Deo
2490 4520 2665 4583 misit
2695 4520 2759 4582 in
2790 4536 3025 4598 regem,
3049 4516 3225 4580 venit
3252 4536 3401 4579 cum
3429 4516 3605 4580 omni
3636 4516 3867 4580 militia
3898 4518 3965 4579 in

897 4614 1161 4678 fuerunt
1208 4621 1337 4676 tam
1387 4630 1564 4692 reges
1608 4630 1800 4694 quam
1844 4612 2120 4695 populus
2165 4606 2375 4692 Israel,
2490 4616 3345 4697 Samariam,commissoque
3366 4614 3585 4696 praelio
3606 4614 3819 4696 ipsum
3842 4616 3971 4678 Sel-

897 4714 1110 4776 statim
1163 4720 1305 4796 post
1357 4720 1626 4776 mortem
1671 4711 2000 4775 Jeroboam
2049 4722 2382 4794 coeperunt
2489 4718 2623 4780 lum
2656 4715 2946 4799 peremit,
2971 4724 3160 4795 atque
3180 4732 3247 4777 se
3274 4712 3484 4794 ipsum
3514 4713 3845 4776 constituit
3877 4734 3973 4779 re-

897 4813 1160 4877 omnino
1189 4810 1488 4888 deficere,
1521 4810 1688 4874 sicut
1722 4809 1787 4872 in
1830 4810 1951 4873 isto
1984 4828 2377 4894 consequen·
2487 4834 2653 4897 gem.
2688 4816 2965 4894 Reliqua
2994 4822 3209 4873 autem
3240 4814 3573 4872 verborum
3602 4815 3879 4883 Selium,
3908 4822 3971 4873 et

895 4920 992 4977 ter
1046 4910 1328 4992 capitulo
1384 4909 1758 4972 declaratur.
1810 4911 2004 4971 Anno
2063 4912 2377 4973 tricesimo
2488 4914 2854 4993 conjuratio
2871 4913 3025 4991 ejus.
3034 4931 3152 4989 per
3166 4930 3366 4991 quam
3389 4911 3652 4971 tetendit
3672 4910 3968 4979 insidias.

892 5021 1110 5073 octavo
1155 5010 1417 5072 Azarioe
1462 5009 1631 5085 reqis
1670 5011 1870 5077 Juda,
1911 5012 2212 5085 reynavit
2257 5014 2382 5071 Za·
2488 5030 2695 5075 nonne
2716 5013 2848 5071 hoec
2864 5012 3107 5088 scripta
3124 5018 3274 5069 sunt
3305 5010 3379 5069 in
3402 5011 3562 5069 libro
3584 5012 3971 5071 Sermonum

893 5112 1152 5171 ollarias
1194 5110 1377 5186 filius
1414 5108 1742 5169 Jeroboam
1787 5126 1980 5183 super
2022 5108 2230 5167 Israel
2270 5130 2382 5169 sea>
2488 5116 2747 5173 dierum
2766 5130 2991 5188 reyum
3019 5111 3269 5170 Israel?
3306 5112 3481 5171 Tunc
3504 5110 3817 5185 percussit
3837 5113 3975 5171 Ma-

893 5210 1233 5271 mensibus.
1267 5206 1381 5269 Hic
1420 5225 1638 5269 rursus
1677 5204 1958 5267 nascitur
1993 5205 2264 5286 quaestio
2297 5208 2376 5272 de
2486 5214 2721 5271 nahe-m
2748 5227 2856 5270 rex
2882 5210 3217 5285 Thapsam,
3244 5205 3308 5268 id
3336 5214 3434 5293 est
3462 5205 3846 5269 habitatores
3876 5226 3977 5268 ur-

894 5313 1191 5390 computo
1210 5307 1436 5369 horum
1458 5322 1792 5383 annorum,
1811 5322 1952 5386 quae
1973 5301 2244 5368 solvitur
2264 5325 2379 5387 per
2487 5305 2589 5369 bis
2631 5305 2725 5369 sic
2764 5305 2971 5383 dictae,
3003 5322 3146 5386 quae
3182 5311 3317 5366 erat
3355 5303 3421 5365 in
3454 5311 3621 5366 terra
3651 5302 3967 5381 Samariae,
