4309 6259
128 1571 235 1618 1031,
256 1573 291 1610 l.

102 2155 189 2196 Gen.
202 2157 311 2205 x‚?.3.

106 3427 199 3472 lbid.
214 3444 263 3481 n,
277 3434 315 3474 8.

854 497 1203 545 RNARnA'rlo
1246 498 1307 544 IN
1350 498 1486 542 GAP.
1532 497 1553 542 1
1594 497 1752 542 LIBRI
1792 497 1963 542 mum
2003 497 2538 543 PARALIPOMENON.
2579 517 2661 527 --
2700 498 2843 544 ART.
2892 497 2914 542 1

3312 459 3430 542 {09

334 668 545 731 minus
590 689 815 733 verum
865 676 982 746 est,
1034 667 1208 750 quod
1252 667 1379 729 Hus
1424 675 1488 730 et
1534 666 1654 729 Hul
1696 665 1833 729 fue·
1859 667 1913 728 A
2020 666 2306 749 Denique
2325 667 2544 730 Glossa
2573 663 2930 730 ai'tzfleber
2959 665 3266 730 vaticinio
3282 683 3432 748 quo-

336 774 481 829 runt
526 767 653 830 filii
685 767 877 831 Aram
899 791 915 842 3
940 767 1061 830 sed
1090 774 1311 829 auctor
1341 765 1690 829 voluminis
1719 765 1833 827 hu-

332 866 433 945 jus
483 866 779 929 nominat
827 884 936 928 eos
986 865 1154 928 inter
1202 863 1377 928 filios
1428 864 1595 942 Sem,
1647 864 1831 945 cujus

334 972 515 1026 erant
566 961 695 1026 filii
744 962 1009 1027 mediati
1050 982 1163 1025 seu
1213 970 1504 1044 nepoteS.
1552 962 1632 1024 At
1682 980 1834 1025 vero

334 1063 459 1124 Hus
506 1063 871 1126 construxit
928 1061 1120 1124 urbes
1167 1061 1682 1124 Trachonitidem
1747 1068 1835 1122 at-

336 1179 460 1242 que
488 1161 893 1238 Damascum,
921 1160 1032 1223 ubi
1054 1168 1117 1222 et
1141 1159 1345 1224 tenuit
1366 1159 1829 1242 principatum3

336 1267 398 1322 et
443 1259 528 1321 ab
576 1259 719 1342 ipso
752 1258 1079 1323 nominata
1120 1266 1215 1321 est
1252 1266 1417 1320 terra
1454 1259 1605 1334 HuS,
1640 1277 1832 1339 quam

338 1357 755 1440 Septuaginta
799 1357 1179 1439 interpretes
1220 1355 1600 1432 Ausitidem,
1634 1356 1699 1417 id
1740 1363 1836 1418 est

338 1456 706 1532 australem,
740 1456 1089 1538 appellant.
1128 1457 1285 1518 Hinc
1315 1455 1381 1517 in
1411 1455 1549 1532 Job,
1585 1455 1697 1516 ubi
1731 1455 1836 1517 ha-

340 1553 586 1630 bemuS,
636 1555 747 1617 Vir
786 1561 924 1617 erat
976 1555 1043 1616 in
1092 1562 1263 1616 terra
1302 1554 1453 1629 Hus,
1504 1553 1837 1615 transtule-

339 1661 509 1729 runt,
552 1652 668 1714 Vir
717 1661 855 1716 erat
916 1652 981 1714 in
1030 1661 1197 1716 terra
1232 1651 1563 1714 Ausitidis.
1608 1652 1694 1714 De
1742 1671 1839 1714 se-

338 1750 511 1813 mine
557 1751 753 1832 hujus
800 1751 931 1813 Hus
985 1751 1265 1813 creditur
1311 1750 1426 1814 Job
1482 1750 1701 1812 fuisse.
1750 1751 1837 1812 De

1941 767 2085 828 dam
2121 765 2334 828 lilium
2363 786 2548 828 suum
2583 767 2829 830 vocavit
2848 765 3098 847 phaleg,
3123 765 3430 847 quoniam

1944 864 2009 926 in
2041 865 2267 927 dicbus
2297 865 2434 946 ejus
2475 865 2708 945 linguae
2753 864 2818 925 in
2847 863 3166 946 Babylone
3209 864 3432 928 divisae

1944 971 2113 1025 sunt.
2137 963 2486 1045 Narratque
2504 963 2682 1026 Philo
2713 962 2779 1024 in
2810 962 2976 1026 libro
3005 961 3434 1036 Quaestionum

1946 1081 2137 1144 super
2180 1060 2498 1138 Genesim,
2545 1061 2716 1142 quod
2765 1081 2841 1124 ex
2891 1060 3049 1122 filiis
3094 1061 3243 1137 Noe,
3294 1061 3435 1143 ipso

1950 1160 2230 1238 vivente,
2265 1160 2396 1223 nati
2439 1169 2589 1223 sunt
2629 1160 2859 1240 viginti
2909 1167 3183 1242 quatuor
3229 1158 3436 1222 millia

1948 1258 2229 1322 virorum
2262 1267 2326 1322 et
2355 1267 2634 1335 centum,
2659 1267 2835 1322 extra
2869 1257 3168 1320 mulieres
3201 1265 3264 1321 et
3295 1277 3436 1340 par-

1947 1357 2153 1420 vuIOS.
2190 1357 2266 1419 Et
2298 1357 2420 1419 filii
2453 1357 2596 1420 Sem
2629 1357 2988 1420 babuerunt
3011 1375 3202 1438 super
3227 1375 3295 1419 se
3327 1357 3437 1418 du-

1948 1467 2084 1519 cem
2115 1457 2330 1519 Jectan
2371 1455 2631 1518 fratrem
2673 1455 2957 1538 praedicti
2990 1455 3259 1535 Phaleg;
3308 1453 3435 1516 l'ilii

1947 1553 2165 1631 Cham,
2203 1554 2516 1628 Nemrod3
2552 1553 2676 1615 filii
2715 1554 2941 1635 Japhet
2977 1554 3204 1616 ducem
3244 1553 3438 1616 babu-

1950 1661 2137 1716 erunt
2166 1653 2373 1715 virum
2405 1653 2663 1715 nomine
2696 1652 2991 1734 Suphene
3022 1670 3034 1713 ι
3067 1651 3178 1734 qui
3218 1653 3433 1729 duceS‚

1948 1749 2251 1815 defuncto
2290 1751 2438 1828 Noe,
2483 1759 2923 1815 convenerunt
2967 1770 3112 1813 cum
3161 1751 3292 1812 suis
3334 1768 3440 1831 ag-

338 1848 453 1910 Hul
506 1857 722 1912 autem
771 1849 1056 1912 Armenii
1108 1857 1259 1911 sunt
1305 1849 1458 1926 nati,
1510 1849 1625 1930 qui
1675 1847 1838 1910 Asiae
1875 1849 1921 1910 B
1950 1849 2233 1912 minibus
2273 1849 2340 1912 in
2380 1869 2604 1931 campo
2637 1849 2937 1926 Sennaar,
2973 1859 3044 1911 ut
3074 1848 3164 1911 ibi
3209 1850 3434 1911 turrim

340 1956 586 2028 partem
633 1954 856 2010 tenent
901 1947 982 2010 ab
1026 1947 1347 2029 Euphrate
1386 1965 1592 2028 usquc
1635 1947 1711 2008 ad
1746 1946 1841 2007 In-

339 2044 459 2108 diae
490 2063 691 2108 mare.
725 2047 813 2107 Et
847 2049 1077 2107 Geclaer
1104 2056 1164 2106 et
1194 2047 1468 2106 Mosoclz.
1505 2045 1572 2106 ln
1611 2043 1839 2106 Genesi

340 2143 601 2220 dieitur,
632 2142 866 2206 Gether
898 2151 960 2206 et
989 2143 1113 2207 Mes
1140 2161 1153 2204 :
1190 2143 1413 2225 sicque
1444 2163 1557 2226 per
1586 2142 1841 2206 Mosoch

342 2260 513 2304 nunc
546 2241 931 2322 intelligitur
960 2241 1105 2304 Mes.
1132 2243 1217 2304 De
1236 2241 1467 2305 Gether
1496 2250 1707 2304 autem
1734 2261 1843 2304 na-

341 2340 387 2401 ti
416 2341 721 2420 leguntur
750 2339 1005 2402 Acharii
1032 2363 1046 2413 3
1080 2346 1143 2401 et
1172 2340 1250 2402 de
1280 2341 1425 2417 MeS,
1462 2340 1690 2416 Messii,
1725 2341 1839 2422 qui

338 2455 375 2498 a
403 2437 826 2520 Septuaginta
857 2445 1165 2502 vocantur
1197 2437 1473 2516 Mosoch,
1509 2457 1547 2500 a
1575 2437 1842 2518 quibus-

338 2538 481 2599 dam
518 2537 812 2600 MaeoneS.

426 2638 808 2712 Arphaoead
852 2645 1073 2696 autem
1109 2637 1341 2713 yenuil
1394 2638 1569 2705 Sale,
1620 2638 1737 2716 qui
1782 2645 1841 2696 ec

338 2735 473 2811 ipse
502 2735 743 2811 yenuic
784 2735 1015 2804 Heber,
1060 2753 1095 2796 a
1138 2753 1268 2815 quo
1305 2732 1551 2797 Hebraei
1607 2753 1839 2797 nomen

336 2839 777 2914 sumpserunt.
818 2835 1029 2894 Porro
1078 2831 1201 2914 ipsi
1252 2835 1459 2894 Heber
1496 2834 1644 2894 nati
1688 2843 1842 2894 sunt

335 2933 473 3008 filii
498 2934 635 2992 duo
656 2952 679 2990 .·
709 2951 943 2992 nomen
976 2933 1100 3004 uni
1118 2932 1389 3007 Phaley,
1423 2932 1583 3010 quia
1614 2933 1687 2990 in
1714 2934 1842 2990 die-

1949 1955 2409 2010 construerent.
2435 1948 2638 2022 Quum
2660 1956 2871 2010 autem
2903 1947 3325 2025 {edificat-ent,
3354 1948 3442 2010 di-

1949 2045 2100 2108 visit
2141 2047 2304 2109 Deus
2355 2045 2606 2126 linguas
2647 2065 2888 2122 eorum,
2923 2054 2987 2113 et
3035 2046 3306 2109 mutavit
3351 2045 3442 2110 ef-

1954 2141 2160 2223 figies,
2204 2151 2267 2207 et
2319 2162 2445 2206 non
2499 2145 2798 2224 cognovit
2848 2144 3124 2226 quisque
3178 2143 3436 2208 fratrem

1952 2260 2160 2320 suum,
2195 2261 2312 2306 nec
2361 2242 2607 2305 audivit
2654 2242 2938 2322 linguam
2985 2242 3257 2324 proximi
3311 2244 3434 2306 sui.

1950 2341 2153 2415 Quum
2203 2359 2352 2422 ergo
2412 2341 2698 2421 magistri
2747 2339 2990 2423 lapides
3043 2342 3434 2422 quaerebant,

1950 2439 2228 2502 ministri
2271 2458 2502 2521 aquam
2549 2437 2952 2517 afferebant3
2987 2448 3049 2502 et
3099 2460 3298 2521 quum
3345 2441 3439 2503 illi

1949 2539 2320 2619 quaerebant
2351 2558 2603 2621 aquam,
2631 2539 2982 2601 attulerunt
3012 2539 3079 2600 hi
3112 2540 3437 2622 stipulam.

1952 2636 2182 2718 Sicque
2228 2637 2612 2717 cogitatione
2661 2636 2982 2715 frustrata,
3030 2645 3442 2702 cessaverunt

1950 2734 2292 2800 aedificare.
2325 2737 2466 2800 Haec
2503 2736 2742 2799 Glossa.

2048 2833 2135 2891 Et
2183 2850 2412 2891 nomen
2459 2831 2694 2907 fratris
2741 2831 2882 2908 ejus
2929 2835 3172 2893 Jectan.
3219 2834 3438 2892 Jeetan

1952 2939 2169 2991 autem
2183 2931 2412 3006 yenuic
2433 2930 2779 3001 Elmodad,
2799 2939 2858 2990 ec
2879 2932 3142 3007 Sale-ph,
3167 2941 3227 2990 et
3245 2933 3444 2992 Asar-

338 3031 452 3090 bus
481 3029 629 3106 ejus
656 3030 878 3089 divisa
914 3039 1005 3090 esc
1038 3038 1232 3100 terra,
1264 3028 1330 3090 id
1362 3036 1479 3105 est,
1513 3027 1841 3091 distinctio
1879 3032 1923 3095 C
1953 3033 2152 3099 moth,
2173 3038 2232 3089 ec
2258 3032 2435 3098 Jare,
2457 3031 2746 3090 Adoram
2764 3049 3010 3109 quoque
3035 3041 3094 3090 et
3114 3034 3358 3102 Huzal,
3382 3040 3442 3092 et

340 3135 527 3190 terrae
556 3145 675 3209 per
706 3145 901 3208 regna
930 3135 1124 3209 atque
1155 3126 1540 3209 provinciaS,
1565 3126 1843 3190 diversa-

340 3245 469 3308 que
500 3226 768 3289 nomina
810 3245 881 3289 ac
924 3225 1228 3289 idiomata
1268 3225 1455 3303 facta,
1487 3244 1690 3307 quum
1737 3244 1844 3308 po-

345 3325 499 3386 steri
530 3324 662 3387 Noe
692 3332 1047 3386 cessassent
1075 3332 1444 3388 construere
1476 3324 1701 3387 turrim
1734 3325 1845 3386 Ba-

345 3421 475 3498 bel,
496 3423 685 3504 juxta
711 3421 871 3483 illud
892 3421 1177 3499 GenesiS‚
1201 3422 1426 3486 Divisit
1446 3442 1552 3486 eos
1575 3425 1738 3486 Deus
1769 3443 1844 3487 ex

346 3519 460 3583 illo
491 3520 635 3583 loco
667 3519 737 3581 in
761 3520 1093 3582 universas
1126 3521 1586 3601 terraS.1taque
1613 3521 1845 3602 Phaleg

348 3619 809 3700 interpretatur
837 3618 1111 3696 divisio;
1144 3627 1209 3681 et
1242 3619 1295 3680 si
1331 3618 1469 3700 ipse
1495 3618 1699 3683 Heber
1728 3620 1845 3681 im-

346 3717 566 3798 posuit
600 3715 747 3780 filio
778 3734 895 3779 suo
926 3716 1045 3779 hoc
1076 3735 1311 3780 nomen
1342 3725 1486 3779 ante
1516 3716 1843 3799 praesatam

344 3815 758 3892 divisionem,
795 3814 1049 3878 videtur
1092 3814 1322 3896 spiritu
1352 3815 1726 3897 prophetico
1758 3835 1846 3878 ra-

346 3914 558 3977 diasse
584 3931 601 3976 ε
629 3913 806 3994 quod
835 3921 897 3975 et
925 3912 1174 3996 Hebraei
1208 3911 1509 3989 fatentur,
1536 3915 1841 3992 dicentcS,

348 4013 519 4094 quod
564 4011 953 4075 divisionem
992 4011 1181 4072 istam
1223 4011 1518 4092 praevidit
1555 4012 1624 4073 in
1662 4013 1849 4094 spiri-

352 4119 440 4188 tu,
476 4118 541 4174 et
588 4110 660 4171 in
704 4110 958 4188 signum
1007 4107 1234 4184 futuri,
1271 4107 1483 4170 filium
1526 4129 1711 4171 suum
1756 4109 1849 4173 sic

1954 3131 2174 3197 Beda,
2207 3129 2412 3189 Hebal
2442 3130 2665 3197 etiam,
2698 3137 2758 3188 et
2796 3129 3115 3200 Abimael,
3147 3139 3206 3190 et
3243 3131 3443 3199 Saba,

1953 3246 2198 3286 necnon
2229 3236 2286 3286 et
2319 3227 2551 3304 Ophir,
2578 3235 2638 3285 et
2668 3228 2926 3298 Hevila,
2957 3236 3017 3286 ec
3044 3229 3259 3287 Iobab.
3295 3229 3444 3288 Om-

1954 3346 2064 3386 nes
2104 3327 2216 3386 isti
2251 3327 2386 3403 filii
2415 3328 2658 3386 Jeccan.
2703 3324 2878 3387 Sicut
2917 3325 3024 3387 isti
3063 3326 3438 3389 nominatim

1954 3424 2058 3487 hic
2089 3423 2531 3504 exprimuntur
2562 3423 2628 3484 in
2662 3422 2890 3500 littera,
2925 3423 3017 3486 sic
3053 3432 3116 3486 et
3150 3424 3216 3487 in
3245 3423 3442 3488 Gene—

1955 3523 2031 3585 si.
2057 3523 2143 3586 De
2166 3521 2398 3603 quibus
2424 3521 2513 3583 ait
2534 3521 2966 3603 Hieronymus
2987 3524 3160 3604 quod
3181 3525 3442 3588 nomina

1956 3620 2396 3704 posteritatum
2418 3639 2637 3684 eorum
2660 3619 2949 3684 invenire
2973 3622 3444 3705 nequivit‚quo-

1956 3720 2125 3782 niam
2169 3720 2389 3802 procul
2429 3739 2466 3782 a
2505 3718 2689 3782 nobis
2729 3727 2893 3796 sunt,
2929 3727 2991 3781 et
3025 3722 3444 3801 possederunt

1956 3818 2147 3882 Indiae
2195 3819 2541 3900 regionem,
2592 3836 2736 3899 quae
2782 3826 3042 3880 vocatur
3089 3818 3310 3881 Iberia.
3345 3820 3443 3881 In-

1957 3936 2148 3999 super
2197 3918 2500 3980 Alcuinus
2549 3934 2740 3997 super
2784 3915 3077 3977 Genesim
3127 3915 3263 3978 ait:
3297 3916 3439 3980 Sem

1955 4017 2055 4096 (ut
2102 4016 2494 4096 existimant)
2544 4014 2804 4078 sortitus
2855 4021 2950 4076 est
2979 4013 3212 4092 Asiam,
3245 4015 3442 4079 Cham

1957 4113 2260 4191 Africam,
2295 4113 2520 4196 Japhet
2559 4113 2899 4195 Europam.
2936 4112 3244 4193 Josephus
3293 4133 3444 4178 vero

350 4207 725 4290 appellavit.
758 4206 905 4268 Fuit
941 4206 1179 4270 etenim
1222 4206 1427 4270 Heber
1464 4207 1695 4287 justuS,
1730 4227 1847 4272 nec
1884 4211 1929 4272 D
1958 4208 2238 4289 apertius
2275 4225 2290 4270 t
2333 4207 2477 4268 Filii
2528 4207 2792 4289 (inquit)
2837 4205 3064 4288 Japhet
3102 4212 3447 4270 tenuerunt

348 4306 768 4371 aedificationi
788 4306 984 4368 turris
1005 4306 1333 4370 consensit
1358 4324 1371 4368 :
1398 4316 1657 4388 propter
1675 4309 1849 4389 quod

350 4407 691 4490 pristinam
737 4406 1013 4470 servavit
1042 4404 1387 4486 loquelam,
1419 4415 1574 4488 puta
1601 4406 1850 4469 Hebrae-

352 4525 472 4582 am,
507 4523 657 4588 quae
692 4505 930 4567 mansit
964 4504 1030 4565 in
1071 4522 1147 4567 eo
1186 4512 1250 4566 et
1290 4503 1355 4566 in
1396 4504 1644 4566 familia
1681 4505 1842 4585 ejuS,

352 4623 491 4686 quae
532 4623 571 4666 a
612 4602 934 4686 principio
982 4602 1207 4664 mundi
1255 4621 1459 4683 usque
1514 4610 1661 4665 tunc
1706 4601 1847 4666 fue-

354 4711 445 4766 rat
474 4702 731 4766 cunctis
760 4700 1144 4778 communiti,
1166 4709 1231 4764 et
1260 4700 1591 4763 dicebatur
1636 4701 1848 4764 huma-

357 4819 453 4862 na.
478 4801 602 4864 Sed
630 4820 709 4864 ex
740 4808 893 4862 tunc
923 4799 1117 4882 coepit
1147 4797 1360 4863 vocari
1387 4799 1666 4878 Hebraea,
1694 4800 1847 4882 quia

358 4899 587 4962 mansit
618 4900 687 4962 in
717 4899 909 4962 domo
944 4899 1167 4962 Heber.
1200 4898 1391 4962 Porro
1422 4899 1476 4960 si
1508 4898 1740 4962 divisio
1772 4898 1847 4960 il-

360 4995 415 5060 la
444 4996 613 5062 facta
644 4997 771 5059 fuit
802 5005 948 5058 ante
978 4996 1373 5058 nativitatem
1405 4995 1657 5075 Phaleg,
1696 5004 1846 5060 tunc

360 5095 719 5171 dicendum,
745 5095 918 5175 quod
966 5093 1171 5156 Heber
1228 5093 1400 5155 istud
1452 5111 1682 5156 nomen
1735 5093 1848 5156 irn-

362 5195 569 5274 posuit
612 5193 759 5256 filio
802 5210 920 5254 suo
968 5193 1036 5254 in
1081 5192 1334 5272 signum
1374 5201 1439 5254 et
1478 5211 1847 5256 rememora-

363 5291 591 5356 tionem
614 5291 710 5355 rei
741 5291 1100 5373 praeteritas.

1959 4303 2518 4387 septentrionalem
2543 4305 2790 4386 plagam
2814 4325 2850 4367 a
2871 4305 3076 4367 Tauro
3098 4312 3163 4366 et
3180 4304 3439 4381 Amano,

1959 4402 2282 4467 montibus
2319 4401 2555 4466 Ciliciae
2586 4410 2648 4464 et
2687 4403 2901 4484 Syriae,
2942 4422 3148 4485 usque
3197 4404 3277 4466 ad
3322 4402 3448 4466 flu-

1959 4502 2133 4565 vium
2165 4501 2461 4574 Tanaim;
2488 4501 2556 4562 in
2592 4501 2843 4582 Europa
2869 4510 3078 4566 autem
3121 4521 3325 4584 usque
3365 4504 3446 4566 ad

1958 4609 2191 4664 terram
2220 4599 2616 4662 Gadirorum.
2642 4599 2831 4663 Porro
2861 4600 2984 4663 filii
3015 4602 3210 4664 Cham
3242 4620 3280 4663 a
3310 4619 3448 4683 pro-

1958 4698 2170 4763 vincia
2209 4697 2425 4780 Syriae,
2459 4707 2523 4761 et
2551 4698 2792 4760 Amano
2834 4717 2905 4761 ac
2939 4697 3176 4762 Libano
3214 4698 3449 4762 monti-

1958 4799 2097 4875 buS,
2130 4796 2462 4860 universas
2501 4805 2696 4860 terras
2731 4796 3147 4859 obtinuerunt
3185 4817 3327 4879 quae
3365 4800 3444 4861 ad

1959 4917 2133 4960 mare
2163 4905 2312 4959 sunt
2333 4895 2567 4978 positae,
2582 4903 2644 4958 et
2669 4894 3224 4976 apprehenderunt
3253 4895 3444 4958 etiam

1958 5015 2063 5058 eas
2083 5014 2226 5076 quae
2257 5002 2402 5056 sunt
2431 4995 2511 5056 ad
2529 4993 2868 5056 Oceanum.
2895 4992 3036 5053 Filii
3069 4999 3278 5054 autem
3301 4992 3446 5056 Sem

1958 5093 2403 5155 habitaverunt
2433 5111 2739 5168 seorsum,
2766 5091 2846 5153 ab
2866 5091 3184 5172 Euphrate
3216 5089 3447 5155 facien-

1958 5200 2053 5254 tes
2085 5191 2364 5254 initium.
2399 5190 2709 5272 Amplius,
2744 5189 3006 5251 ultimus
3040 5187 3324 5251 filiorum
3355 5190 3448 5252 Je-

1958 5299 2105 5354 ctan
2154 5290 2220 5352 in
2264 5297 2438 5352 textu
2484 5296 2746 5353 vocatur
2784 5286 3002 5350 Jobab.
3045 5287 3228 5351 Circa
3273 5288 3446 5370 quod

3489 3453 3598 3496 Gen.
3611 3465 3653 3505 x,
3666 3453 3736 3496 26-

3471 3517 3538 3558 2⁹.
