4309 6259
113 2658 180 2700 Ιώ
189 2671 236 2705 τι,
249 2660 289 2700 4.

107 4216 196 4261 itia.
208 4226 322 4269 indi.

133 4710 230 4756 Im.
251 4720 308 4763 1⁶.

1208 508 1555 555 amanum
1599 508 1659 553 ιΝ
1702 506 1839 553 cAr.
1886 507 1927 553 x
1969 507 2093 553 soa.
2141 492 2221 536 '—
2262 508 2404 553 Anr.
2452 507 2575 555 xxv

3312 487 3425 551 451

342 676 604 753 tionem,
639 679 1040 739 mirabiliter
1077 700 1178 739 me
1215 682 1469 739 crucias
1509 677 1834 741 doloribus
1865 678 1916 739 A
1951 676 2040 740 ibi
2080 677 2428 759 praehabita
2466 676 2572 741 hic
2610 678 2810 760 repeti
2850 684 3153 760 possunt3
3197 676 3437 739 idcirco

338 774 570 837 animae
627 783 692 837 et
746 776 1055 857 corporiS‚
1115 784 1178 839 et
1238 776 1302 838 in
1365 794 1588 839 somno
1645 784 1836 857 atque

337 872 580 951 vigilia,
615 873 730 935 diu
769 892 1026 955 quoque
1067 874 1502 937 continuando
1540 892 1713 936 meas
1751 872 1838 935 af-

339 967 687 1033 flictiones.

414 1070 790 1139 Immuras,
823 1070 888 1132 id
927 1078 1044 1147 est,
1079 1088 1349 1134 renovas
1388 1079 1452 1133 et
1486 1070 1830 1145 confortaS,

341 1175 516 1226 testes
549 1176 688 1227 tuos
716 1178 940 1229 contra
975 1190 1095 1239 me,
1127 1168 1191 1230 id
1231 1177 1329 1230 est
1365 1170 1602 1231 amicos
1633 1187 1830 1243 mem,

337 1262 450 1343 qui
483 1263 788 1327 videntur
817 1274 882 1328 et
912 1283 1052 1327 esse
1093 1284 1161 1327 se
1193 1266 1438 1347 jactant
1479 1274 1670 1329 testes
1709 1274 1834 1327 tuae

339 1360 628 1424 veritatis
673 1380 687 1423 :
731 1362 1040 1444 quoniam
1091 1371 1312 1426 contra
1358 1384 1460 1426 me
1511 1372 1682 1426 tuam
1734 1364 1836 1425 de-

335 1457 614 1522 fendunt
671 1461 988 1543 justitiam
1039 1462 1218 1524 velut
1267 1470 1490 1524 contra
1541 1462 1835 1543 blasphe-

337 1576 538 1635 mum,
575 1568 640 1621 et
667 1578 782 1641 per
813 1578 1038 1642 poenas
1076 1580 1250 1625 meas
1283 1561 1520 1625 videris
1553 1560 1836 1624 testimo-

337 1655 518 1718 nium
573 1657 788 1720 verbis
838 1678 1058 1721 eorum
1111 1658 1430 1735 conferre,
1480 1678 1715 1741 eosque.
1767 1658 1832 1720 in

338 1772 454 1817 suo
503 1764 728 1817 contra
777 1775 880 1819 me
932 1757 1236 1821 exercitio
1287 1756 1696 1821 confirmare.
1750 1762 1834 1819 Et

1949 774 2376 855 prolixitatem
2408 775 2716 852 devitans,
2731 776 2809 837 ad
2835 774 3297 857 expositionem
3320 782 3438 836 ter-

1948 872 2022 934 tii
2052 873 2317 955 capituli
2350 874 2663 953 legentem
2697 872 2949 935 remitto
2986 890 2999 933 :
3034 892 3182 934 nam
3214 871 3439 934 etGre-

1946 970 2163 1049 gorius
2210 971 2298 1033 ita
2342 970 2517 1033 facit.
2562 972 3011 1034 Verumtamen
3052 970 3317 1033 verbum
3359 969 3437 1030 is—

1949 1069 2081 1144 tud,
2128 1069 2415 1131 Fuissem
2460 1070 2643 1150 quasi
2688 1087 2815 1131 non
2862 1088 3088 1145 essem,
3138 1086 3266 1131 non
3306 1076 3434 1129 tam

1947 1166 2116 1229 clare
2148 1176 2321 1249 patet
2350 1186 2427 1229 ex
2455 1185 2551 1243 eo,
2587 1168 2757 1249 quod
2802 1168 2985 1230 tertio
3025 1167 3304 1249 capitulo
3341 1165 3437 1227 di-

1946 1265 2132 1341 citur,
2183 1265 2359 1327 Sicut
2404 1266 2765 1327 abortivum
2812 1265 3256 1327 absconditum
3306 1281 3434 1327 non

1947 1364 2383 1439 subsisterem,
2415 1364 2581 1426 sicut
2618 1365 2787 1445 quod
2829 1364 2917 1426 ait
2953 1362 3081 1440 hic,
3114 1363 3315 1436 Quare
3355 1363 3435 1425 de

1947 1461 2160 1538 vulva,
2186 1471 2330 1539 etc.,
2354 1481 2429 1525 ex
2455 1481 2530 1525 eo
2561 1463 2732 1543 quod
2764 1461 3065 1524 scribitur
3096 1461 3209 1537 ibi,
3234 1460 3433 1535 Quare

1948 1578 2076 1622 non
2109 1560 2176 1621 in
2208 1561 2401 1624 vulva
2428 1569 2717 1623 mortuus
2749 1562 2934 1621 sumt
2972 1559 3211 1622 Idcirco
3243 1557 3436 1641 parti-

1946 1657 2090 1720 cula
2120 1658 2241 1719 ista
2266 1658 2398 1739 jam
2428 1659 2801 1740 exponenda
2829 1665 2925 1721 est
2950 1656 3436 1719 breviter.Fuis-

1947 1775 2076 1819 sem
2108 1757 2294 1838 quasi
2336 1774 2463 1819 non
2503 1776 2705 1819 essem
2744 1774 2758 1817 :
2796 1756 2860 1819 id
2900 1763 3016 1832 est,
3053 1755 3105 1817 si
3149 1756 3215 1817 in
3255 1764 3435 1817 utero

339 1856 744 1929 multiplicas
774 1858 946 1916 iram
982 1865 1190 1925 tuam,
1213 1855 1276 1917 id
1308 1864 1404 1918 est
1434 1855 1831 1937 punitionem
1871 1857 1916 1919 B
1946 1856 2165 1917 matris
2215 1854 2514 1932 obissem,
2570 1874 2685 1918 nec
2737 1854 2921 1919 vivus
2971 1854 3117 1916 inde
3166 1852 3433 1916 fuissem

336 1968 482 2029 quae
527 1970 668 2013 esse
712 1951 966 2015 videtur
1016 1952 1111 2015 ira
1163 1961 1292 2031 tua,
1340 1972 1451 2016 seu
1502 1973 1579 2016 ex
1626 1953 1834 2033 rigore

338 2056 462 2109 tuae
504 2048 774 2129 justitiae
816 2070 1136 2113 emanare.
1185 2052 1357 2114 Hanc
1401 2051 1574 2113 enim
1619 2051 1836 2113 multi-

337 2146 574 2227 plicem
617 2146 778 2210 facis
820 2149 889 2211 in
928 2169 1055 2211 me.
1093 2154 1177 2211 Ec
1197 2170 1406 2228 poenoe
1437 2153 1729 2211 militant
1762 2152 1835 2211 in

339 2265 462 2314 me,
495 2243 561 2307 id
592 2255 710 2322 est,
735 2265 946 2328 poenae
977 2247 1114 2310 istae
1144 2256 1209 2311 te
1236 2248 1643 2329 permittente
1675 2248 1833 2309 mihi

339 2341 632 2421 inflicta),
667 2364 771 2408 me
809 2346 1189 2427 impugnant
1219 2356 1282 2409 et
1314 2346 1670 2422 vulnerant,
1710 2346 1832 2409 sic-

339 2450 410 2503 ut
455 2442 697 2505 milites
747 2444 962 2507 hostes
1017 2444 1348 2509 invadunt.
1405 2446 1529 2508 Hoc
1582 2445 1834 2528 plenius

340 2534 734 2604 elucidatum
779 2543 1077 2606 recordor
1122 2543 1188 2605 in
1233 2544 1630 2626 expositione
1674 2544 1832 2607 sexti

341 2638 630 2719 capituli,
665 2639 776 2701 ubi
823 2640 940 2703 Job
981 2640 1072 2703 ait
1116 2658 1129 2702 :
1175 2641 1427 2721 Sagittae
1468 2642 1719 2705 Domini
1767 2642 1832 2703 in

339 2756 440 2798 me
477 2746 652 2815 sunt,
687 2757 962 2819 quarum
1009 2738 1365 2818 indignatio
1410 2740 1611 2803 ebibit
1654 2741 1835 2822 spiri-

339 2842 474 2897 tum
517 2854 776 2911 meum3
825 2844 891 2899 et
934 2845 1208 2901 terrores
1253 2838 1504 2901 Domini
1556 2839 1836 2901 militant

339 2942 558 2996 contra
603 2954 732 2997 me.
785 2936 853 2997 In
912 2936 1034 2999 hoc
1093 2936 1390 3017 equidem
1444 2937 1630 3014 libro,
1683 2938 1835 3019 quia

1945 1955 2230 2030 eductus,
2269 1953 2531 2015 fuissem
2564 1953 2746 2034 quasi
2780 1971 2907 2015 non
2944 1971 3173 2029 essem,
3208 1951 3273 2014 id
3314 1959 3427 2029 est,

1945 2072 2084 2115 esse
2110 2072 2325 2115 meum
2359 2061 2488 2114 tam
2518 2052 2712 2116 breve
2742 2060 2805 2115 et
2834 2052 3177 2127 occultum,
3210 2051 3435 2113 fuisset

1947 2170 2060 2234 pro
2101 2151 2305 2214 nihilo
2348 2159 2746 2232 reputatum3
2782 2170 2901 2213 nec
2930 2150 3099 2211 mala
3129 2150 3263 2213 haec
3302 2170 3434 2212 sus-

1947 2250 2240 2327 tinerem,
2284 2250 2411 2313 imo
2460 2250 2762 2311 immunis
2813 2268 3015 2312 essem
3059 2268 3096 2311 a
3134 2249 3281 2313 vitae
3322 2249 3435 2311 hu-

1939 2350 2044 2431 jus
2076 2348 2375 2425 miseriis,
2411 2348 2594 2429 quasi
2625 2366 2956 2429 nunquam
2996 2346 3285 2423 fuissem,
3322 2366 3435 2409 seu

1945 2448 2128 2528 quasi
2175 2465 2435 2528 prorsus
2486 2464 2612 2508 non
2664 2465 2889 2507 essem.
2945 2446 3065 2508 Sed
3116 2446 3434 2526 quomodo

1948 2546 2079 2607 haec
2111 2544 2287 2607 licite
2317 2563 2389 2606 ac
2419 2542 2883 2606 rationabiliter
2911 2543 3037 2605 dici
3070 2542 3339 2627 possint,
3366 2542 3429 2603 in

1947 2643 2341 2724 expositione
2373 2641 2543 2704 >tertii
2573 2641 2835 2723 capituli
2869 2640 3247 2721 requiratur.

3490 2666 3574 2709 Art.
3588 2681 3638 2711 xi.
3652 2669 3728 2711 cir-

2025 2743 2373 2821 Numquid
2400 2762 2529 2800 non
2552 2742 2847 2817 paucitas
2866 2742 3125 2799 dierum
3146 2760 3433 2801 meorum
3462 2740 3513 2771 α·
3530 2729 3673 2773 ‘'mm'‘-

1943 2842 2215 2917 finietur
2246 2840 2425 2899 brevi
2441 2840 2471 2897 ’β
2499 2837 2563 2899 id
2594 2846 2711 2914 est,
2748 2836 2970 2918 utique
3003 2836 3140 2899 dies
3178 2837 3305 2900 mei
3344 2856 3436 2899 re-

1947 2945 2209 3013 stanteS,
2234 2936 2346 3018 qui
2381 2936 2567 3017 pauci
2600 2944 2769 3013 sunt,
2805 2936 3158 3017 praesertim
3187 2954 3437 3017 compa-

337 3032 652 3095 rhetorice
693 3034 970 3115 scriptus
1010 3042 1128 3110 est,
1163 3043 1226 3095 et
1267 3035 1654 3118 disputative
1696 3055 1835 3118 pro·
1870 3039 1912 3101 C
1947 3036 2191 3098 ratione
2222 3034 2665 3117 perpetuitatis
2699 3034 3049 3115 sequentiS,
3075 3034 3202 3097 cito
3235 3033 3432 3097 finem

337 3130 534 3207 cedit,
597 3132 821 3194 eadem
883 3132 1205 3194 sententia
1264 3131 1632 3214 frequenter
1691 3134 1834 3197 aliis

335 3229 544 3291 verbis
591 3230 922 3311 repetitur,
969 3230 1133 3293 sicut
1179 3230 1245 3293 in
1292 3230 1834 3312 disputationibus

337 3328 803 3411 rhetoricisque
833 3330 982 3393 fieri
1015 3330 1175 3393 solet
1201 3330 1564 3405 codicibus;
1590 3339 1654 3393 et
1684 3351 1837 3413 prae-

338 3426 554 3490 sertim
617 3428 685 3489 in
737 3427 1141 3491 sermonibus
1201 3428 1513 3491 dolorosis
1565 3436 1627 3491 et
1675 3427 1835 3491 affe-

339 3525 597 3603 ctuosis,
633 3525 701 3586 in
731 3524 966 3606 quibus
997 3544 1178 3588 amor
1207 3535 1271 3588 et
1301 3526 1483 3588 dolor
1524 3533 1834 3590 renovant

341 3622 636 3704 spiritum
665 3624 746 3685 ad
777 3624 1230 3685 resumendum
1269 3642 1412 3704 quae
1451 3623 1618 3685 dicta
1658 3612 1828 3685 suntss

342 3719 520 3782 Tales
548 3728 765 3782 autem
791 3729 942 3782 sunt
967 3738 1292 3783 sermones
1320 3720 1489 3782 beati
1508 3720 1640 3783 Job.
1661 3720 1836 3793 Quod

346 3819 530 3881 etiam
564 3839 643 3882 ex
673 3839 867 3901 passu
897 3820 1267 3883 immediate
1297 3819 1591 3901 sequenti
1615 3819 1694 3882 fit
1713 3820 1842 3883 evi-

348 3916 522 3979 dens.
555 3917 714 3979 Nam
745 3917 1040 3981 subditur
1074 3935 1088 3979 :

428 4018 643 4083 Quare
678 4018 761 4075 de
797 4019 996 4076 vulva
1032 4016 1323 4075 eduoeisti
1364 4036 1462 4075 me
1481 4019 1512 4077 ?
1551 4019 1678 4085 Qui
1717 4018 1842 4077 uti-

347 4132 500 4173 nam
529 4123 946 4189 consumptus
983 4134 1204 4181 essem,
1233 4134 1314 4173 ne
1349 4118 1570 4174 oculus
1609 4136 1708 4174 me
1746 4117 1841 4175 vi-

1948 3133 2292 3210 habebunt,
2319 3133 2736 3214 praeteribunt
2768 3152 2879 3195 seu
2910 3131 3222 3195 defluent.
3256 3131 3436 3195 Unde

1945 3232 2219 3313 septimo
2250 3231 2529 3312 capitulo
2560 3230 2721 3292 dixit
2756 3247 2769 3291 :
2802 3231 2991 3293 Parce
3020 3230 3205 3307 mihi,
3229 3230 3437 3294 Domi·
3461 3245 3547 3289 10⁶
3564 3259 3636 3297 vn,
3654 3248 3719 3288 w.

1947 3350 2048 3406 ne,
2086 3329 2250 3391 nihil
2282 3328 2453 3392 enim
2494 3336 2643 3391 sunt
2673 3329 2808 3392 dies
2843 3329 2995 3391 mei.
3031 3330 3107 3390 Et
3146 3329 3379 3392 iterum
3416 3347 3429 3391 :

1945 3428 2089 3491 Dies
2119 3427 2247 3490 mei
2277 3427 2559 3491 velocius
2591 3427 3000 3503 transierunt,
3035 3446 3227 3508 quam
3270 3446 3307 3489 a
3351 3437 3437 3490 te-
3487 3442 3611 3487 lbid.
3632 3446 3673 3488 ⁶.

1947 3535 2133 3589 xente
2185 3525 2310 3588 tela
2351 3524 2721 3601 succiditur,
2764 3533 2829 3587 et
2876 3525 3240 3607 consumpti
3287 3533 3436 3587 sunt

1948 3625 2189 3706 absque
2220 3643 2353 3706 spe.
2377 3623 2468 3685 Ad
2499 3623 2777 3686 litteram
2806 3641 3067 3705 quoque
3099 3624 3219 3686 hoc
3250 3623 3431 3701 dixit,

1949 3722 2251 3805 quoniam
2281 3729 2540 3804 propter
2570 3722 2978 3784 acerbitatem
3011 3721 3299 3784 dolorum
3333 3741 3437 3784 su-

1948 3841 2129 3885 orum
2166 3820 2411 3902 putavit
2450 3840 2518 3883 se
2556 3820 2849 3901 protinus
2880 3820 3284 3896 moriturum,
3318 3838 3437 3882 nec

1950 3919 2323 3983 naturaliter
2363 3918 2551 3997 longa
2592 3917 2716 3980 sibi
2765 3917 2892 3981 vita
2936 3917 3002 3979 in
3043 3916 3275 3980 saeculo
3312 3918 3435 3981 isto

1949 4018 2246 4081 restabat.

2027 4118 2301 4178 Dimitte
2336 4134 2482 4192 erqo
2522 4136 2647 4185 me,
2696 4114 2759 4176 id
2804 4122 2919 4190 est,
2970 4112 3295 4196 paulisper
3332 4132 3437 4176 me

347 4213 542 4271 deret.
569 4210 699 4273 Hoc
731 4210 903 4273 enim
934 4219 1030 4273 est
1058 4210 1231 4292 quod
1263 4229 1456 4293 supra
1485 4212 1574 4274 ait
1601 4212 1838 4286 :Quare
1867 4220 1916 4279 D
1953 4214 2265 4295 respirare
2296 4213 2593 4289 concede,
2629 4220 2694 4275 et
2720 4211 2801 4274 ab
2831 4209 3211 4274 afflictionis
3242 4210 3436 4292 hujus

350 4326 475 4371 non
520 4308 592 4369 in
637 4307 833 4371 vulva
878 4316 1170 4371 mortuus
1209 4311 1392 4369 sum‘l
1431 4327 1724 4390 egressus
1763 4330 1839 4373 ex

347 4414 528 4469 utero
560 4424 692 4469 non
725 4407 941 4468 statim
979 4405 1188 4489 periit
1233 4406 1335 4469 Sic
1375 4426 1632 4489 quoque
1668 4411 1840 4490 quod

349 4504 664 4581 subditur,
685 4508 976 4567 bibissem
997 4507 1189 4586 quasi
1219 4526 1350 4567 non
1378 4527 1597 4576 essem,
1615 4511 1694 4568 de
1714 4518 1842 4569 ute-

352 4622 418 4662 ro
459 4608 822 4665 translatus
867 4606 956 4665 ad
1001 4608 1360 4674 cumulum,
1403 4604 1640 4667 ibidem
1697 4605 1840 4668 aliis

351 4700 564 4763 verbis
619 4700 708 4763 ita
758 4700 1138 4783 exprimitur
1191 4719 1204 4763 :
1262 4701 1435 4765 Sicut
1482 4702 1840 4768 abortivum

349 4798 796 4863 absconditum
827 4819 956 4863 non
987 4801 1522 4877 subsisterem,vel
1558 4802 1668 4882 qui
1699 4821 1845 4865 con-

351 4898 516 4980 cepti
557 4916 690 4961 non
728 4898 1029 4961 viderunt
1065 4899 1296 4962 lucem.
1338 4898 1647 4973 Quoniam
1692 4920 1843 4982 ergo

353 4996 542 5059 verba
593 4997 728 5060 haec
775 4997 964 5061 tertio
1013 4998 1294 5080 capitulo
1351 4997 1596 5061 diffuse
1654 5007 1844 5081 atque

353 5094 594 5175 prolixe
643 5095 932 5178 exposita
979 5104 1162 5173 sunt,·
1203 5104 1268 5158 et
1315 5104 1613 5177 praetacta
1671 5116 1842 5161 nunc

351 5190 540 5274 hujus
569 5192 838 5274 capituli
867 5191 1057 5257 verba
1085 5194 1165 5255 ad
1197 5192 1682 5275 intelligendum
1717 5196 1845 5276 ple-

354 5290 525 5354 narie
562 5289 964 5355 difficillima
1001 5299 1174 5368 sunt,
1207 5311 1326 5356 nec
1365 5291 1587 5374 paucis
1630 5292 1842 5356 verbis

1952 4311 2395 4393 magnitudine
2423 4311 2737 4373 modicum
2757 4328 2949 4387 cessa,
2964 4328 3185 4373 eamve
3205 4317 3441 4392 tempe-

1954 4430 2042 4487 ra,
2069 4421 2142 4471 ut
2162 4414 2483 4488 planyam
2504 4412 2861 4488 paululum
2891 4412 3175 4469 dolorem
3205 4428 3439 4477 meum,

1954 4508 2018 4569 id
2068 4515 2183 4584 est,
2232 4507 2645 4569 adversitates
2694 4513 2758 4568 et
2806 4524 3025 4587 poenas
3074 4524 3217 4586 quae
3276 4505 3438 4568 mihi

1953 4614 2307 4669 evenerunt
2352 4613 2415 4667 et
2464 4604 2705 4681 insunt,
2748 4604 3113 4685 aliqualiter
3155 4622 3267 4666 seu
3310 4622 3443 4667 mo-

1954 4705 2251 4767 deranter
2280 4704 2630 4785 deplorem,
2662 4723 2859 4785 quum
2902 4712 2965 4766 et
3006 4702 3199 4767 fletus
3238 4703 3321 4765 sit
3358 4702 3443 4765 al-

1955 4802 2294 4867 leviativus
2334 4802 2569 4865 interni
2608 4801 2869 4878 doloriS,
2899 4810 2971 4863 ut
3001 4820 3168 4883 saepe
3196 4803 3443 4883 exposi-

1958 4910 2087 4963 tum
2121 4907 2237 4962 est.
2272 4899 2460 4973 Quasi
2491 4900 2661 4961 dicat
2694 4916 2707 4960 :
2743 4899 2941 4961 Tanta
2970 4906 3067 4961 est
3105 4898 3439 4979 plagarum

1954 5017 2237 5060 mearum
2263 4996 2596 5073 acerbitaS,
2631 5004 2699 5057 ut
2728 5015 2857 5077 prae
2887 5014 3217 5077 poenarum
3251 4996 3443 5059 vehe-

1954 5096 2194 5159 mentia
2241 5095 2533 5158 lacrimas
2583 5093 2850 5156 fundere
2898 5112 3232 5174 nequeam.
3279 5094 3442 5157 Hinc

1953 5195 2042 5257 ait
2069 5193 2407 5273 Gregorius
2444 5210 2457 5254 ε
2494 5192 2667 5255 Sicut
2697 5192 3019 5254 moderata
3048 5190 3323 5254 afflictio
3353 5192 3445 5254 la-

1952 5292 2181 5355 crimas
2212 5291 2531 5374 exprimit,
2548 5289 2634 5352 ita
2658 5290 3071 5353 immoderata
3100 5289 3439 5354 subducit:
