4309 6259
789 481 910 545 238

1126 498 1474 546 zumulo
1517 500 1578 545 IN
1620 500 1758 546 ω.
1802 500 1960 546 xxm
2002 498 2161 544 unm
2202 497 2455 545 stonum
2494 497 3025 545 Panatu’cufflon.
3070 515 3151 526 —
3190 496 3333 543 ΛΒΤ.
3380 496 3535 543 xxm

792 689 1010 734 eorum
1057 680 1427 734 manserunt
1475 671 1872 754 superstites.
1911 674 2040 742 Qui
2081 672 2279 731 mini·
2310 666 2363 728 A
2392 688 2588 733 censu
2636 670 2836 734 Gaver
2886 669 3247 735 vulneravit
3291 667 3585 743 letaliter,
3617 672 3679 728 et
3724 663 3877 725 inde

789 772 1084 831 strabam
1123 773 1208 839 ei,
1240 770 1482 834 scilieet
1526 780 1754 853 patruo
1787 770 1918 849 regi
1949 769 2274 843 Ochoziae3

525 880 764 933 1VRe9.x‚
793 878 850 929 et
900 870 1221 947 interfecit
1263 872 1408 931 illos
1453 890 1477 931 .·
1518 878 1709 952 prout
1765 875 1992 950 quarto
2041 869 2279 948 Regum

502 946 567 993 13,
591 943 657 984 1⁴.

499 1369 618 1415 lbid.
631 1371 762 1420 1¹37.

527 2853 551 2897 1
555 2851 716 2896 bidem.

796 965 958 1029 libro
1015 966 1266 1048 legitur.
1320 972 1543 1045 Ipsum
1599 990 1847 1047 quoque
1893 970 2283 1046 perquirens

796 1068 1652 1144 ochoziam,comprehendit
1681 1070 2046 1128 latitantem
2075 1068 2147 1125 in
2169 1069 2285 1129 Sa—

795 1167 1032 1233 maria,
1064 1169 1546 1245 adductumque
1579 1170 1668 1227 ad
1701 1188 1786 1235 se,
1822 1168 2075 1227 occidit.
2109 1164 2279 1227 Istud

795 1261 1046 1325 videtur
1073 1263 1445 1327 contrariari
1476 1264 1759 1327 historiae
1801 1263 2012 1345 quarti
2040 1264 2279 1343 Regum

793 1360 964 1437 libri,
999 1361 1064 1423 in
1107 1379 1233 1442 quo
1277 1361 1508 1441 legitur
1545 1379 1559 1423 ε
1591 1361 1892 1426 Ochozias
1927 1369 2139 1424 autem
2172 1380 2280 1423 rex

785 1458 967 1535 Juda,
1018 1460 1244 1522 videns
1290 1459 1432 1537 hoc,
1486 1458 1652 1540 fugit
1700 1479 1812 1542 per
1843 1459 2012 1523 viam
2053 1461 2279 1522 domus

789 1557 980 1635 horti,
1016 1567 1512 1640 persecutusque
1541 1566 1638 1621 est
1666 1578 1812 1622 eum
1843 1558 2022 1636 lehu,
2056 1565 2120 1621 et
2149 1557 2273 1620 ait:

788 1656 995 1719 Etiam
1014 1657 1186 1720 hunc
1216 1657 1528 1739 percutite
1557 1657 1622 1720 in
1654 1677 1846 1720 curru
1875 1676 2011 1720 suo.
2037 1657 2114 1718 Et
2143 1676 2279 1739 per-

789 1762 1122 1817 cusserunt
1166 1773 1311 1817 eum
1357 1754 1424 1817 in
1469 1774 1735 1818 ascensu
1766 1754 1988 1819 Gaver.
2021 1756 2116 1817 Ad
2155 1756 2275 1819 hoc

2392 767 2691 831 Ochozias
2740 767 2905 850 fugit
2943 769 3011 831 in
3054 769 3374 849 Mageddo,
3426 765 3715 845 obiitque
3760 761 3881 823 ibi-

2392 866 2559 928 dem.
2596 872 2679 930 Et
2722 872 3108 945 sepelierunt
3144 888 3315 935 eum,
3363 882 3489 928 non
3542 864 3678 945 ipse
3715 860 3877 923 Jehu

2393 974 2456 1027 et
2484 967 2651 1029 servi
2680 967 2804 1044 sui,
2838 969 2947 1031 sed
2978 965 3256 1029 ministri
3281 963 3565 1029 Ochoziae
3593 962 3879 1023 tulerunt
3932 977 4179 1034 Wflqnx.

2392 1082 2623 1148 corpus
2644 1066 2781 1147 ejus
2814 1066 2879 1130 in
2898 1065 3269 1143 Jerusalem,
3295 1072 3359 1127 et
3390 1062 3774 1146 sepelierunt
3804 1058 3873 1120 in
3906 1042 3987 1085 ²⁸·

2392 1163 2646 1228 civitate
2667 1165 2884 1242 David,
2904 1186 2972 1226 eo
2992 1168 3163 1245 quod
3182 1174 3333 1225 esset
3350 1165 3532 1241 filius
3549 1161 3873 1236 Josaplzat.

2391 1265 2510 1341 qui
2536 1267 2878 1342 quaesierat
2904 1266 3259 1325 Dominum
3286 1265 3361 1322 in
3388 1264 3573 1321 corde
3598 1279 3733 1320 suc.

2468 1360 2615 1435 Quae
2642 1370 2856 1425 autem
2877 1362 2983 1425 hie
3012 1368 3391 1443 sequuntur,
3414 1358 3697 1441 exposita
3724 1364 3875 1418 sunt

2391 1459 2554 1525 libro
2604 1471 2829 1544 quarto
2868 1462 3131 1543 Regum.
3167 1464 3299 1522 Nec
3337 1470 3476 1520 erat
3518 1462 3693 1519 ultra
3736 1476 3875 1533 spes
3930 1470 4183 1517 neam-

2388 1564 2638 1641 aliqua,
2662 1572 2734 1622 ut
2750 1564 2830 1621 de
2856 1562 3054 1637 stirpe
3072 1561 3218 1638 quis
3244 1566 3543 1635 regnaret
3561 1555 3867 1619 Ockozioe.
3902 1536 3951 1575 ³⁶

2390 1662 2730 1740 Siquidem
2750 1660 3021 1719 Atkalia
3043 1668 3244 1718 mater
3270 1658 3433 1735 ejus,
3453 1656 3675 1715 videns
3702 1654 3873 1731 qued

2388 1769 2679 1820 mortuus
2708 1767 2859 1818 esset
2876 1760 3058 1833 filius
3076 1776 3257 1825 suus,
3276 1756 3566 1816 surrevit
3592 1764 3653 1815 et
3683 1755 3875 1813 inter-

792 1853 1229 1935 respondetur‚
1293 1854 1463 1934 quod
1514 1852 1813 1917 Ochozias
1872 1853 2275 1935 conspiciens
2314 1852 2360 1914 B
2386 1860 2539 1936 fecit
2558 1877 2808 1917 omnem
2822 1857 3090 1931 stirpem
3116 1856 3363 1931 reyiam
3388 1856 3617 1914 domus
3633 1855 3869 1913 Joram.

791 1950 1064 2033 qualiter
1088 1951 1296 2014 Joram
1327 1951 1734 2014 occidebatur
1755 1971 1793 2014 a
1809 1952 1989 2028 Jehu,
2016 1951 2180 2033 fugit
2209 1953 2275 2014 in

791 2049 1012 2112 urbem
1039 2050 1297 2127 Jezrael,
1323 2050 1578 2113 interim
1602 2051 1771 2132 quod
1790 2051 1948 2113 Jehu
1969 2070 2113 2113 eum
2145 2051 2277 2113 suis

792 2146 918 2209 fuit
947 2157 1291 2231 occupatus
1320 2149 1491 2212 circa
1513 2148 1745 2226 Joram,
1778 2158 1841 2212 et
1871 2150 2158 2231 corporis
2180 2150 2278 2212 sui

791 2248 1246 2329 projectionem
1301 2248 1366 2309 in
1421 2265 1643 2327 agrum
1687 2248 1955 2311 Naboth.
1997 2248 2279 2311 Audiens

788 2354 1026 2423 autem,
1079 2347 1250 2428 quod
1292 2345 1450 2409 Jehu
1491 2345 1736 2409 veniret
1779 2347 1857 2409 ad
1884 2345 2141 2423 Jezrael‚
2178 2346 2278 2409 fu-

791 2444 884 2525 git
914 2444 1062 2509 inde
1104 2446 1170 2507 in
1209 2445 1432 2507 urbem
1469 2444 1766 2507 Samariae
1807 2444 2059 2522 fortem,
2095 2453 2159 2509 et
2189 2445 2279 2509 ibi

790 2542 947 2605 Jehu
980 2563 1094 2626 per
1121 2563 1268 2607 suos
1300 2542 1606 2606 satellites
1637 2544 1872 2625 reperit
1902 2562 2063 2621 eum,
2090 2563 2281 2625 quem

793 2641 985 2724 jussit
1005 2642 1128 2704 sibi
1160 2641 1413 2717 adduci,
1447 2642 1919 2722 adductumque
1947 2643 2026 2704 ad
2056 2663 2145 2719 se,
2181 2662 2284 2707 oc-

795 2740 972 2803 eidit.
1023 2741 1256 2803 Tamen
1309 2749 1376 2801 ut
1429 2748 1657 2821 quarto
1705 2740 1944 2821 Regum
1986 2741 2278 2820 habetur,

796 2858 924 2903 non
955 2840 1170 2902 statim
1202 2838 1433 2903 occidit
1464 2858 1610 2901 eum
1633 2838 1930 2917 totaliter,
1957 2841 2066 2903 sed
2099 2840 2166 2903 in
2189 2861 2287 2904 as-

2392 1960 2590 2019 Porro
2603 1956 2893 2015 Josabetlt
2918 1956 3067 2029 filia
3094 1954 3287 2029 reqis,
3312 1953 3465 2012 tulit
3484 1953 3631 2011 Joas
3649 1951 3871 2026 filium

2391 2055 2701 2120 Oclzozioe,
2730 2064 2788 2113 et
2814 2054 3045 2131 furata
3073 2061 3161 2112 est
3188 2072 3335 2111 eum
3363 2052 3443 2109 de
3472 2051 3677 2111 medio
3703 2050 3877 2124 filio-

2389 2174 2539 2213 rum
2559 2154 2729 2229 reyis
2746 2174 2949 2231 quum
2970 2153 3502 2227 interficerentur,
3526 2149 3880 2209 abscondit-

2390 2272 2512 2329 que
2537 2272 2684 2310 eum
2703 2270 2850 2309 cum
2878 2251 3131 2309 nutrice
3148 2270 3268 2309 sua
3293 2250 3360 2307 in
3385 2249 3675 2307 cubiculo
3696 2248 3881 2305 lectu-

2394 2353 2625 2409 lorum.
2674 2350 2963 2408 Josabetlt
3010 2358 3225 2408 autem
3269 2368 3413 2425 quoe
3465 2347 3879 2405 absconderat

2392 2468 2561 2514 eum,
2591 2455 2728 2505 erat
2772 2448 2917 2522 filia
2958 2447 3126 2522 reyis
3149 2448 3396 2512 Joram,
3430 2463 3593 2503 umor
3629 2445 3878 2504 Joiadoe

2387 2548 2933 2623 pontifici-3,soror
2966 2546 3252 2606 Ockozia’
3280 2565 3303 2604 .·
3331 2553 3387 2603 et
3418 2544 3658 2603 idcirco
3678 2544 3882 2603 Atha-

2398 2647 2489 2703 lia
2520 2665 2645 2705 non
2676 2646 3000 2721 interfecit
3038 2664 3205 2704 eum..
3240 2645 3395 2705 Fuit
3442 2662 3589 2719 erqo
3616 2661 3763 2701 cum
3791 2644 3885 2700 eis

2396 2744 2469 2803 in
2494 2746 2679 2803 domo
2707 2744 2829 2802 Dei
2855 2744 3259 2803 absconditus
3277 2762 3388 2801 sea)
3414 2741 3631 2808 anniS,
3650 2742 3885 2817 quibus

2396 2842 2693 2917 regnavit
2720 2842 2993 2901 Athalia
3018 2859 3210 2916 super
3240 2847 3500 2898 terram.

1824 3268 2478 3357 ARTICULUS
2555 3270 2859 3354 XXIII

963 3546 1275 3593 Exposl'rlo
1318 3547 1597 3592 CAPITULI
1639 3546 1900 3591 vmasuu
1941 3544 2142 3590 'rssn'ru
2187 3545 2201 3589 t
2249 3545 2413 3590 ANNO
2457 3546 2662 3592 Auri-:u
2704 3546 2957 3592 SEPTmo
3000 3545 3426 3592 CONFORTATUS
3467 3546 3715 3607 sommi,

1933 3644 2269 3690 Assunu’srr
2310 3643 2746 3690 CENTURIONES.

916 3923 1516 3999 ONSEQUENTER
1548 3922 1614 3985 in
1661 3922 1955 4004 praesenti
1999 3922 2281 4004 capitulo
2319 3919 2362 3983 C
2393 3924 2559 3999 reqis
2598 3925 2914 4001 reynabit,
2943 3925 3109 3983 sicut
3152 3928 3397 3985 locutus
3436 3936 3525 3986 est
3565 3927 3883 3987 Dominus

935 4008 1258 4101 recitatur,
1294 4023 1570 4104 qualiter
1599 4021 1741 4086 Joas
1789 4020 1966 4084 filius
1996 4020 2281 4085 Ochoziae

794 4122 1126 4187 institutus
1148 4123 1228 4185 sit
1262 4141 1392 4198 rex,
1417 4130 1480 4184 et
1500 4121 1752 4183 Athalia
1774 4119 2126 4195 interfecta,
2153 4120 2283 4183 cul·

791 4230 1024 4303 tusque
1053 4220 1162 4284 Dei
1196 4227 1523 4301 reparatus
1555 4218 1620 4280 in
1653 4220 1912 4300 templo.
1947 4222 2138 4281 Anno
2168 4240 2284 4279 au-

796 4329 918 4381 tem
943 4322 1208 4397 septimo
1239 4319 1636 4394 confortatus
1661 4320 1919 4389 Joiada,
1939 4320 2283 4393 assumpsit

793 4419 1219 4483 centuriones,
1251 4417 1569 4477 Azariam
1603 4400 1906 4475 'videlicet
1945 4418 2165 4493 filium
2192 4420 2285 4477 Je-

795 4519 1046 4585 ronam,
1064 4523 1122 4574 et
1135 4516 1372 4575 Ismael
1389 4517 1466 4590 fil
1472 4515 1608 4573 ium
1622 4514 1947 4581 Iohanan,
1965 4518 2283 4575 Azariam

795 4634 1044 4693 quoque
1084 4614 1306 4690 filium
1349 4614 1540 4678 obed,
1586 4621 1644 4671 et
1691 4613 2016 4673 Maasiam
2063 4613 2282 4683 filium

794 4713 1050 4779 Adaiae,
1067 4720 1126 4770 et
1145 4711 1488 4787 Elisaphat
1507 4713 1728 4787 filium
1749 4712 1978 4772 Zeckri
1990 4733 2018 4781 ,·
2043 4720 2100 4769 et
2122 4712 2281 4769 iniit

793 4832 940 4873 cum
967 4812 1059 4870 eis
1084 4811 1318 4888 foeduS.
1355 4810 1481 4879 Qui
1520 4812 1982 4870 circumeuntes
2008 4811 2277 4878 ludam,

2389 4040 2579 4097 super
2605 4023 2779 4098 filios
2795 4023 3032 4083 David.
3053 4024 3179 4083 Iste
3196 4032 3283 4083 est
3301 4044 3449 4101 erqo
3472 4045 3673 4085 sermo
3694 4046 3882 4104 quem

2387 4120 2644 4197 facietis
2670 4140 2692 4179 .·
2730 4122 2943 4181 Tertia
2957 4142 3115 4199 pars
3144 4130 3444 4193 vestrum,
3469 4126 3587 4202 qui
3607 4127 3879 4185 veniunt

2390 4222 2478 4277 ad
2502 4221 2857 4286 sabbatum,
2886 4223 3285 4281 sacerdotum
3312 4230 3369 4280 et
3398 4224 3777 4283 Levitarum
3820 4233 3881 4282 et

2373 4318 2775 4392 janitorum,
2802 4319 2926 4375 erit
2954 4319 3027 4377 in
3050 4319 3293 4394 portis,·
3318 4321 3507 4379 tertia
3532 4340 3677 4380 vero
3698 4340 3877 4397 pars.

2390 4417 2476 4474 ad
2502 4418 2765 4475 domum
2790 4417 2963 4492 reyis
2980 4439 3008 4487 ,·
3034 4426 3091 4474 et
3122 4419 3333 4488 tertia,
3357 4420 3445 4478 ad
3456 4428 3715 4497 portam
3734 4442 3879 4499 quae

2390 4516 2758 4591 appellatur
2796 4516 3258 4576 Fundamenti.
3308 4518 3503 4577 Omne
3546 4538 3693 4579 vero
3736 4522 3881 4579 reli-

2394 4632 2594 4689 quum
2623 4616 2855 4688 vulqus
2879 4614 2963 4672 sit
2993 4614 3065 4673 in
3094 4616 3286 4673 atriis
3319 4617 3543 4675 domus
3570 4618 3840 4678 Domini
3852 4643 3879 4689 ,-

2392 4730 2507 4771 nec
2558 4711 2885 4788 quispiam
2929 4713 3103 4771 alius
3147 4714 3563 4790 inyrediatur
3614 4718 3878 4777 deinum

2391 4810 2685 4877 Domini,
2712 4810 2846 4868 nisi
2879 4813 3227 4871 sacerdotes
3259 4821 3318 4870 et
3356 4815 3473 4891 qui
3500 4816 3879 4877 ministrant

793 4918 1339 4986 conqreyaverunt
1361 4909 1618 4969 Levita-s
1635 4910 1714 4968 de
1740 4908 1985 4967 cunctis
2015 4909 2280 4967 urbibus
2389 4910 2468 4967 de
2488 4908 2750 4967 Levitis.
2775 4909 2915 4985 Ipsi
2936 4913 3375 4971 tantummodo
3396 4913 3881 4988 inqrediantur,

791 5009 988 5079 Juda,
1020 5016 1077 5066 et
1097 5007 1426 5086 principes
1465 5006 1884 5084 familiarum
1919 5006 2147 5076 Israel,
2184 5025 2281 5064 ve-
2392 5006 2547 5083 quia
2574 5007 2963 5083 sanctificati
3006 5016 3199 5079 sunm
3224 5018 3281 5068 et
3327 5030 3513 5071 omne
3548 5012 3877 5090 reliquum

792 5114 1153 5184 neruntque
1180 5106 1254 5164 in
1280 5107 1657 5165 Jerusalem.
1689 5104 1859 5163 Iniit
1896 5122 2044 5179 erqo
2071 5104 2280 5163 omnis
2313 5106 2363 5168 D
2394 5107 2625 5180 vulqus
2650 5104 2922 5163 observet
2961 5108 3283 5167 custodias
3311 5110 3601 5171 Domini.
3634 5111 3876 5172 Levicoe

794 5204 1144 5265 multitudo
1183 5210 1451 5279 pactum
1497 5203 1570 5261 in
1607 5203 1792 5261 domo
1820 5202 2091 5260 Domini
2132 5222 2281 5261 cum
2388 5210 2603 5261 autem
2629 5203 3027 5262 circumdent
3054 5223 3291 5280 reqem,
3312 5208 3609 5267 habentes
3626 5210 3881 5286 singuli

793 5322 959 5380 reye.
992 5302 1306 5379 Dioeitque
1331 5301 1420 5359 ad
1457 5318 1556 5359 eos
1580 5300 1816 5359 Joiada
1843 5316 1868 5359 .·
1903 5301 2057 5361 Ecce
2094 5301 2279 5376 filius
2388 5320 2575 5360 arma
2604 5320 2724 5360 sua
2746 5322 2773 5371 ,·
2815 5308 2873 5359 et
2912 5302 2972 5361 si
3009 5302 3156 5381 quis
3192 5305 3368 5364 alius
3404 5306 3729 5382 inqressus
3768 5308 3875 5385 fu-
