4309 6259
867 498 982 563 178

1201 512 1548 560 ENARRATw
1589 512 1651 557 IN
1694 511 1830 557 CAP-
1877 506 2072 555 xxvm
2114 505 2273 553 unm
2315 505 2483 553 ptum
2524 506 3055 554 PARAmouENON.
3100 524 3182 535 —
3221 505 3363 552 Am.
3410 503 3602 551 xxvm

1859 875 2506 964 ARTICULUS
2584 874 2957 960 XXVIII

899 1128 1212 1176 Exposl'rlo
1255 1126 1530 1172 CAPITULI
1565 1124 1827 1170 vlcsssuss
1870 1121 2087 1167 oc'rAvl
2121 1120 2136 1164 :
2184 1118 2559 1164 CONvocAvrr
2602 1120 2803 1165 mmm
2844 1120 3032 1165 DAle
3074 1120 3271 1166 OMNES
3314 1120 3624 1166 PRINCIPES
3666 1119 3908 1165 Istum..

861 1380 1329 1545 PRAESENS
1387 1376 1740 1461 capitulum
1797 1374 2017 1451 refert,
2071 1371 2350 1454 qualiter
2379 1369 2431 1432 A
2462 1370 2527 1433 id
2570 1378 2687 1448 est,
2741 1372 2975 1434 resedit
3023 1372 3089 1433 in
3137 1390 3233 1449 e0,
3270 1371 3370 1437 vel
3420 1379 3595 1435 extra
3641 1371 3953 1435 lectulum

999 1481 1193 1544 David
1214 1500 1323 1543 rex
1338 1478 1562 1543 videns
1583 1496 1652 1539 se
1672 1474 1862 1539 morti
1883 1472 2343 1556 propinquum,

863 1579 1078 1643 filium
1110 1598 1296 1641 suum
1327 1577 1449 1641 sibi
1473 1576 1540 1637 in
1569 1592 1763 1655 regno
1795 1589 2239 1636 successurum
2260 1588 2353 1631 sa-

864 1679 1112 1761 pienter
1143 1688 1215 1740 a'c
1247 1676 1568 1741 ferventer
1588 1671 1939 1749 admonuit,
1959 1678 2022 1733 et
2051 1667 2353 1732 instruxit

865 1778 944 1840 de
972 1776 1287 1840 universis
1317 1773 1578 1856 agendis
1619 1790 1734 1855 per
1765 1772 1998 1854 ipsum.
2038 1772 2351 1830 Convoca-

865 1878 960 1937 vit
1003 1877 1210 1954 iqitur
1254 1875 1471 1937 David
1509 1892 1721 1933 omnes
1759 1870 2090 1949 principes
2116 1869 2350 1935 Israel,

865 1981 1082 2056 utpote
1109 1977 1320 2044 duces,
1354 1972 1475 2035 hoc
1508 1978 1605 2033 est
1635 1966 1990 2051 praefeetOS,
2027 1967 2347 2033 tribuum,

859 2082 920 2133 et
939 2073 1312 2149 proepositos
1341 2081 1735 2138 turmarum,
1765 2084 2041 2148 quorum
2072 2062 2349 2145 quilibet

858 2178 1124 2253 praeerat
1172 2168 1400 2249 viginti
1451 2174 1724 2249 quatuor
1768 2164 2056 2227 millibus
2103 2180 2348 2245 pugna-

857 2276 1092 2347 torum,
1143 2270 1260 2349 qui
1309 2268 1770 2327 ministrabant
1815 2265 1954 2341 reyi
1970 2286 1999 2335 ,·
2051 2263 2348 2323 tribunos

857 2388 1126 2448 quoque,
1161 2366 1226 2429 id
1257 2374 1353 2429 est
1381 2362 1796 2439 millenariOS,
1832 2379 2105 2443 quorum
2147 2377 2351 2421 unus—

859 2466 1134 2548 quisque
1176 2463 1432 2548 praet'uit
1476 2462 1654 2525 mille
1698 2461 1854 2526 viris
1885 2458 2342 2543 pugnantibuS,

2460 1470 2654 1546 stetit,
2691 1478 2761 1531 ut
2808 1470 3036 1533 melius
3086 1471 3411 1534 audiretur
3454 1489 3493 1533 a
3539 1470 3776 1533 multis.
3816 1469 3949 1531 Alii

2460 1568 2703 1645 dicunt,
2738 1570 2909 1650 quod
2954 1570 3227 1632 surrexit
3256 1590 3295 1631 a
3324 1570 3464 1633 loco
3505 1588 3636 1651 quo
3664 1568 3851 1645 sedit,
3888 1576 3957 1630 et

2461 1667 2636 1728 stetit
2674 1686 2866 1749 super
2905 1669 3169 1747 gradum
3217 1687 3411 1750 quem
3456 1666 3693 1731 fecerat
3730 1668 3807 1729 ad
3862 1664 3956 1729 lo-

2461 1765 2809 1846 quendum.
2862 1766 3223 1830 Assurrexit
3278 1785 3536 1849 quoque
3588 1764 3954 1847 -maJoribus

2462 1864 2848 1941 convocatiS,
2878 1864 2992 1947 qui
3036 1865 3563 1929 communitatem
3608 1872 3800 1928 totam
3850 1882 3955 1926 re-

2459 1962 2948 2044 praesentabant,
2969 1964 3048 2026 ad
3081 1964 3503 2028 reverentiam
3527 1962 3956 2027 communita-

2460 2061 2563 2139 tis,
2581 2062 3115 2142 quemadmodum
3146 2062 3224 2125 de
3252 2062 3622 2125 beatissimo
3650 2062 3827 2124 Petro
3864 2061 3955 2125 le·

2457 2160 2628 2239 gitur
2677 2160 2745 2222 in
2785 2159 2997 2223 Actis:
3028 2160 3303 2241 Surgens
3352 2162 3573 2224 Petrus
3621 2160 3686 2222 in
3733 2159 3952 2223 medio

2458 2256 2748 2335 fratrum,
2780 2258 2961 2320 dixit.
2997 2258 3099 2321 Sic
3138 2259 3334 2322 abhas
3366 2257 3640 2339 assurgit
3669 2276 3955 2321 conven-

2458 2356 2573 2433 tui,
2610 2356 2676 2418 in
2704 2375 2833 2438 quo
2862 2356 3185 2420 Christum
3219 2357 3511 2421 honorat.

2538 2458 2654 2518 Ait
2688 2477 2711 2516 .·
2732 2458 2975 2518 Audite
3006 2477 3128 2526 mc,
3157 2457 3398 2535 fratres
3426 2458 3599 2519 mei:
3618 2474 3765 2519 ecce
3804 2474 3953 2519 ver·

859 2575 920 2625 et
945 2565 1371 2633 centuriones,
1395 2563 1594 2641 etqui
1615 2569 1944 2639 proeerant
1971 2558 2348 2620 substantioe
2386 2558 2431 2620 B
2458 2554 2612 2616 bum
2661 2554 3042 2617 humilitatis
3070 2579 3084 2631 ς
3118 2565 3176 2615 et
3214 2559 3497 2633 populus
3528 2575 3703 2617 meus
3736 2572 3761 2615 .·
3796 2572 3953 2617 ecee

859 2673 920 2724 et
939 2662 1436 2741 possessionibus
1479 2662 1668 2737 reqis,
1705 2657 1769 2719 id
1809 2666 1905 2720 est
1942 2674 2048 2719 eos
2089 2656 2201 2737 qui
2242 2674 2349 2718 cu-

859 2760 1222 2824 stodiebant
1239 2777 1392 2841 opes
1413 2766 1477 2820 et
1498 2748 1828 2819 facultates
1852 2754 2041 2837 regiS,
2055 2756 2349 2834 filiosque

858 2880 1004 2921 suos
1031 2880 1179 2920 cum
1196 2858 1535 2926 eunuchis,
1563 2865 1623 2917 et
1642 2865 1928 2933 potentes
1954 2864 2014 2913 et
2050 2853 2348 2913 robustis-

857 2960 1052 3018 simos
1079 2976 1354 3038 quosque
1384 2956 1457 3016 in
1485 2956 1799 3023 emercitu,
1818 2956 2196 3013 Jerusalem.
2230 2950 2349 3011 Eu-

861 3055 1057 3118 nuchi
1086 3054 1213 3117 dici
1243 3053 1450 3117 solent
1467 3050 1698 3115 abscisi
1721 3075 1736 3125 3
1762 3069 1890 3113 non
1922 3058 2133 3112 autem
2166 3048 2346 3112 licuit

859 3153 1158 3217 Israelitis
1206 3151 1534 3215 abscidere
1583 3169 1671 3213 se.
1724 3148 1900 3223 Quod
1950 3150 2003 3211 si
2052 3148 2348 3211 dicantur

860 3251 1141 3316 eunuchi
1185 3250 1291 3313 isti
1337 3249 1536 3312 fuisse
1576 3247 1870 3329 gentileS,
1900 3265 2028 3310 non
2075 3246 2349 3310 fuissent

862 3351 1130 3414 forsitan
1161 3350 1238 3412 ad
1282 3348 1622 3412 consilium
1653 3346 2008 3410 convocati.
2042 3344 2202 3408 Hinc
2233 3362 2347 3427 per

843 3448 1189 3512 ‘eunuchos
1218 3446 1664 3528 intelliguntur
1691 3445 1816 3522 hic,
1839 3444 1960 3509 viri
1983 3443 2349 3526 spirituales

585 3564 710 3608 Dent.
723 3576 834 3615 uun,
850 3547 1099 3611 devoti.
1123 3546 1384 3610 Ideo-ait
1411 3544 1632 3607 Glossa
1667 3561 1681 3606 :
1715 3543 1840 3606 Lex
1871 3542 2169 3626 prohibet
2198 3542 2351 3604 Isra-

864 3646 1046 3709 elitas
1077 3644 1350 3719 abscidi3
1375 3651 1440 3706 et
1467 3642 1842 3722 alienigenae
1871 3660 2000 3704 non
2033 3640 2241 3704 solent
2270 3640 2349 3702 ad

2456 2651 2723 2715 verbum
2753 2653 3001 2736 paterni
3032 2654 3288 2717 amoris.
3320 2656 3612 2732 Coyitavi
3640 2664 3713 2715 ut
3740 2656 3955 2733 ‹edifi—

2456 2771 2669 2813 cat-em
2708 2756 2974 2815 domum
3024 2756 3098 2815 in
3144 2773 3274 2832 qua
3330 2754 3743 2833 requiesceret
3789 2770 3951 2815 arca

2454 2851 2718 2928 foederis
2732 2854 3023 2925 Domini,
3038 2862 3097 2913 et
3111 2854 3455 2913 scabellum
3467 2856 3711 2929 pedam
3729 2855 3951 2914 Domi-

2456 2951 2533 3009 ni
2552 2952 2674 3010 Dei
2710 2954 2916 3011 nostri
2928 2975 2957 3021 ,·
2990 2961 3051 3011 et
3089 2953 3178 3011 ad
3212 2952 3698 3027 aedificandam,
3721 2953 3949 3011 omnia

4011 2181 4126 2223 Act.
4142 2196 4170 2229 ι,
4192 2184 4251 2223 15.

2450 3052 2847 3125 praparavi.
2888 3047 3023 3110 Jam
3064 3067 3257 3130 supra
3302 3046 3594 3110 habitum
3623 3056 3739 3125 est,
3774 3047 3947 3111 AEdi-
3980 3066 4286 3121 tanna„

2460 3144 2678 3208 ficavit
2709 3146 2903 3210 David
2945 3146 3177 3224 locum,
3214 3146 3277 3208 id
3326 3155 3423 3209 est
3465 3147 3745 3223 domum,
3780 3166 3949 3211 arcae

2455 3244 2589 3321 Dei,
2625 3244 3020 3326 tetenditque
3048 3244 3108 3307 ei
3140 3244 3619 3307 tabernaculum
3644 3262 3658 3306 :
3682 3262 3951 3327 quomo-

2457 3343 2538 3405 do
2566 3360 2717 3424 ergo
2756 3362 2927 3406 nunc
2972 3342 3289 3420 subditur,
3324 3347 3495 3405 Deus
3524 3354 3741 3405 autem
3768 3346 3951 3406 dixit

2460 3444 2646 3513 milii,
2672 3444 2819 3503 Non
2846 3444 3202 3519 (edificabis
3222 3446 3488 3503 domum
3510 3444 3765 3503 nomini
3785 3463 3949 3514 mec,

2456 3558 2523 3597 co
2549 3542 2719 3618 quod
2745 3540 2834 3598 sis
2854 3541 2959 3598 vir
2978 3540 3263 3610 bellator,
3286 3548 3345 3599 et
3376 3543 3655 3600 multum
3684 3542 3951 3617 sanqui-

2458 3657 2605 3698 nem
2631 3639 2887 3714 fuderis
2908 3640 2937 3697 ἓ
2968 3637 3090 3699 Sed
3119 3638 3197 3698 ad
3219 3635 3391 3698 istud
3412 3644 3584 3719 patet
3614 3636 3949 3719 responsio

863 3743 1117 3807 consilii
1149 3750 1391 3806 secreta
1420 3740 1691 3803 admitti.
1717 3740 1839 3803 Sed
1866 3740 2089 3801 dicunt
2119 3738 2237 3802 hoc
2262 3738 2351 3800 lo-
2378 3736 2421 3799 C
2459 3754 2535 3797 ex
2568 3735 2964 3817 expositione
3012 3735 3435 3817 superiorum.
3478 3735 3613 3798 Non
3645 3736 3815 3798 enim
3866 3736 3949 3798 de

864 3862 938 3907 co
983 3843 1308 3906 eunuchos
1359 3839 1595 3916 vocari,
1630 3839 1741 3920 qui
1772 3858 1808 3900 a
1839 3837 2053 3900 saeculi
2101 3837 2348 3900 actibus

862 3942 1078 4019 alieni,
1110 3939 1508 4005 orationibus
1539 3946 1602 4001 et
1632 3936 1892 4000 lectioni
1921 3936 2251 4013 vacabant,
2287 3943 2349 3999 et

864 4059 1088 4104 uxores
1118 4058 1246 4103 non
1276 4056 1467 4101 causa
1495 4035 1807 4111 libidinis,
1842 4036 1952 4097 sed
1995 4034 2349 4117 suscipien-

861 4140 959 4202 dae
1001 4138 1199 4220 prolis
1241 4136 1562 4198 habebant
1597 4151 1610 4196 ε
1643 4152 1804 4215 quos
1827 4133 2137 4215 Josephus
2167 4141 2351 4196 vocat

862 4237 1154 4300 Essenos,
1203 4235 1361 4297 Hinc
1409 4233 1601 4295 etiam
1646 4231 1846 4313 aliqui
1887 4232 2198 4307 scribunt,
2234 4251 2349 4314 per

861 4334 1190 4399 eunuchos
1233 4331 1550 4413 designari
1601 4332 2014 4393 instructores
2061 4329 2348 4393 filiorum

850 4434 1029 4513 ‘regis
1085 4442 1148 4495 et
1196 4430 1564 4506 nutritoreS,
1607 4430 1694 4491 ita
1740 4438 1810 4491 ut
1861 4437 2120 4511 propter
2169 4449 2348 4491 suam

863 4530 1216 4594 castitatem
1259 4529 1484 4592 saltem
1527 4526 1926 4609 conjugalem
1967 4535 2032 4590 et
2073 4526 2348 4609 probita-

863 4639 990 4695 tem
1022 4638 1331 4696 vocentur
1363 4627 1664 4691 eunuchi.

929 4734 1279 4809 Quumque
1296 4728 1677 4789 surreoeisset
1697 4747 1836 4796 rem,
1857 4736 1916 4786 et
1945 4728 2231 4787 stetisset.
2257 4725 2346 4787 Ex

568 4839 832 4953 ¹1¹2ssqu
861 4829 964 4890 his
1007 4837 1070 4891 et
1111 4845 1254 4909 quae
1295 4826 1360 4888 in
1401 4824 1564 4888 libro
1611 4825 1849 4906 Regum
1893 4823 2128 4905 scripta
2170 4831 2340 4899 sunt,

2456 3852 2859 3915 quacumque
2889 3834 3078 3896 domo
3101 3833 3481 3913 intelligitur
3513 3833 3705 3911 istud,
3732 3834 3842 3897 sed
3864 3836 3947 3897 de

2458 3933 2695 4015 templo
2734 3932 3005 4009 solenni,
3045 3940 3113 3994 ut
3150 3931 3471 3995 sacrificia
3506 3931 3756 3995 fierent.
3790 3932 3955 3995 Pras·

2458 4039 2649 4107 terea,
2683 4031 3150 4113 operimentum
3198 4049 3364 4093 arcae
3406 4038 3542 4093 erat
3590 4031 3943 4093 secundum

2455 4131 2761 4212 quosdam
2797 4129 3147 4193 scabellum
3178 4131 3414 4212 pedum
3448 4129 3556 4193 Dei
3601 4129 3945 4192 residentis

2458 4248 2648 4312 super
2697 4229 3231 4312 propitiatorium,
3276 4230 3447 4310 quod
3500 4228 3624 4291 fuit
3676 4229 3946 4291 thronus

2458 4348 2568 4391 seu
2600 4330 2779 4391 sedes
2810 4347 3002 4410 super
3023 4328 3181 4389 illud
3214 4327 3514 4405 sedentiS,
3541 4326 3711 4408 quod
3740 4335 3947 4409 porta-

2458 4427 2643 4489 batur
2674 4425 3069 4490 aCherubim
3096 4442 3109 4487 z
3136 4425 3373 4488 idcirco
3402 4425 3469 4487 in
3502 4432 3673 4487 textu
3700 4424 3945 4487 dictum

2457 4534 2573 4602 est,
2607 4525 2685 4586 Et
2713 4524 3063 4587 scabellum
3103 4524 3339 4606 pedum
3372 4522 3480 4585 Dei
3520 4523 3743 4600 nostri,
3776 4531 3945 4586 esset

2457 4624 2525 4686 in
2554 4625 2743 4687 domo
2786 4622 2897 4685 illa
2936 4642 3049 4685 seu
3087 4622 3347 4705 templo.
3383 4621 3507 4683 Alii
3540 4640 3691 4685 vero
3722 4621 3945 4701 imagi-

2457 4730 2709 4798 nantur,
2763 4723 2935 4803 quod
2994 4720 3195 4783 sedile
3242 4720 3351 4784 Dei
3411 4738 3523 4783 seu
3576 4718 3945 4801 propitiato—

2456 4822 2646 4898 rium,
2676 4819 2801 4882 fuit
2851 4820 3061 4902 ipsum
3112 4838 3273 4882 arcae
3318 4818 3825 4901 operimentum;
3876 4827 3943 4880 et

861 4926 1114 4990 videtur
1159 4925 1329 5007 quod
1373 4924 1571 4987 David
1620 4942 1750 5005 prae
1789 4921 2225 4986 invaletudine
2274 4940 2347 4984 ac
2380 4923 2429 4985 D
2457 4920 2893 5003 pavimentum
2942 4937 3154 4981 coram
3202 4936 3368 4996 arca,
3423 4916 3618 4980 fuerit
3657 4916 3764 4980 Dei
3810 4935 3941 4979 sca-

857 5024 1038 5087 senio
1068 5023 1372 5085 decubuit
1403 5023 1586 5100 lecto,
1620 5022 1878 5103 quando
1908 5020 2120 5082 filium
2158 5040 2345 5083 suum

860 5122 1258 5185 Salomonem
1292 5118 1659 5184 informavit
1693 5121 1771 5182 de
1802 5120 1924 5196 his,
1946 5138 2093 5201 ›quae
2127 5120 2191 5182 in
2225 5119 2346 5183 isto

856 5230 918 5284 et
949 5220 1239 5301 sequenti
1281 5219 1594 5281 habentur
1634 5218 1953 5299 capitulis,
1991 5217 2223 5299 Sicque
2253 5219 2347 5281 di-

853 5318 1122 5381 cendum
1155 5325 1343 5393 esset,
1368 5316 1443 5377 Et
1473 5314 1746 5377 surrexit
1765 5316 1844 5377 de
1875 5314 2038 5377 lecto
2059 5325 2122 5377 et
2143 5318 2337 5395 stetit,

2456 5019 2719 5083 bellum.
2752 5017 2829 5079 Et
2873 5016 3355 5096 intelligendum
3388 5024 3485 5079 est
3524 5014 3941 5098 spiritualiter

2455 5128 2659 5182 totum
2717 5117 2908 5192 istud,
2969 5135 3167 5198 quum
3229 5116 3391 5177 Deus
3449 5114 3795 5177 altissimus
3853 5112 3941 5175 sit

2458 5236 2716 5301 prorsus
2738 5213 3273 5296 incircumscripti
3284 5214 3447 5291 bilis,
3468 5222 3659 5295 atque
3682 5212 3939 5274 immen-

2454 5336 2539 5380 sae
2587 5324 2650 5379 et
2706 5311 3257 5394 superpurissimae
3309 5310 3760 5394 simplicitatis.
3816 5308 3937 5372 Sed

4010 3758 4151 3802 Ibid.
4166 3774 4273 3806 xm:

3984 3820 4026 3865 ΙΙ
4040 3822 4167 3879 Βες.
4186 3838 4261 3867 vn.
