4309 6259
78 1395 181 1438 Δεῖ.
202 1407 285 1444 κη,
301 1397 343 1438 6.

118 1491 248 1537 nid.
267 1495 306 1536 7.

102 1682 271 1728 ezeeh.
284 1695 344 1735 m,

1154 513 1503 563 mammo
1545 516 1607 561 IN
1650 515 1787 561 cAP.
1833 514 2049 562 xxxvl!
2087 514 2214 562 1013.
2260 535 2340 546 -—
2381 517 2523 562 ΛΒΤ.
2571 518 2688 564 va

3345 501 3464 564 693

362 695 430 750 et
466 685 807 750 scientiam
856 687 981 750 sibi
1021 705 1377 765 concessaS,
1414 686 1686 750 aliorum
1730 704 1870 750 cor·
1896 684 1949 746 A
1977 705 2170 766 mam,
2233 688 2503 751 nubium
2561 687 2862 770 cogniti0‚
2921 698 3018 752 est
3074 687 3467 772 principium

362 785 445 848 da
491 786 869 849 illuminant
908 804 923 848 :
966 806 1110 868 quae
1158 787 1432 849 lustrant
1480 794 1707 850 cuncta
1755 804 1870 868 per

363 885 736 963 circuitum,
756 886 908 967 quia
930 885 1171 967 ubique
1199 885 1619 948 inveniuntur
1648 885 1871 965 hujus-

366 983 541 1047 modi
590 983 1083 1061 illuminatoreS‚
1148 983 1539 1065 ubicumque
1596 983 1870 1065 Spiritus

368 1081 641 1146 Sanctus
672 1101 781 1146 eos
819 1082 1176 1145 adduxerit.
1213 1082 1538 1144 Interdum
1574 1081 1747 1144 enim
1778 1080 1873 1142 di-

368 1181 616 1243 vinitus
656 1181 1082 1264 prohibentur
1120 1179 1360 1244 alicubi
1396 1200 1507 1244 seu
1545 1179 1871 1261 aliquibus

372 1280 743 1362 praedicare,
796 1279 1335 1361 quemadmodum
1384 1279 1450 1341 in
1498 1278 1671 1342 Actis
1720 1278 1874 1358 legi-

372 1388 475 1441 tur
512 1397 525 1440 :
561 1377 771 1442 Vetati
816 1386 968 1442 sunt
996 1377 1253 1458 (Paulus
1294 1385 1359 1438 et
1402 1376 1529 1456 sui)
1556 1395 1595 1439 a
1632 1375 1873 1458 Spiritu

374 1475 608 1540 Sancto
639 1475 818 1557 loqui
848 1475 1116 1541 verbum
1146 1475 1258 1538 Dei
1278 1493 1295 1556 ;
1318 1475 1396 1536 Et
1423 1493 1553 1538 non
1582 1473 1875 1557 permisit

374 1593 483 1638 eos
514 1573 793 1657 Spiritus
822 1574 992 1638 Jesu.
1026 1572 1344 1637 Ezechieli
1376 1591 1637 1655 quoque
1664 1571 1875 1636 Domi-

374 1691 497 1735 nus
530 1672 624 1734 ait
657 1688 671 1734 :
706 1671 1019 1752 Linguam
1059 1679 1235 1733 tuam
1277 1671 1599 1734 adhaerere
1640 1668 1873 1732 faciam

374 1772 591 1854 palato
619 1779 752 1848 tuo,
787 1777 851 1833 et
878 1770 1007 1832 eris
1034 1779 1274 1846 mutuS,
1300 1787 1417 1832 nec
1439 1767 1624 1850 quasi
1656 1767 1754 1832 vir
1772 1767 1875 1831 ob-

1979 788 2404 868 cognoscendi
2455 807 2676 852 omnes
2727 788 2895 851 aeris
2943 787 3466 871 permutationes„

1980 893 2201 967 utpote
2241 894 2489 964 ventOS,
2535 888 2808 969 pluviaS,
2853 887 3056 964 nives,
3103 887 3468 968 grandineS,

1981 983 2284 1062 tonitrua,
2317 993 2510 1066 atque
2549 985 2802 1049 similia.
2839 987 2982 1049 ldeo
3020 986 3350 1068 pluraliter
3385 985 3477 1048 di-

1982 1081 2092 1160 cit,
2113 1081 2366 1163 Magnas
2387 1092 2450 1146 et
2471 1085 2785 1166 perfectas
2817 1085 3116 1148 scientias
3146 1104 3159 1147 :
3185 1103 3472 1165 magnaS,

1983 1189 2245 1264 propter
2274 1182 2394 1245 hoc
2423 1184 2594 1264 quod
2621 1183 2992 1265 hujusmodi
3022 1184 3478 1267 impressiones

1983 1281 2052 1341 in
2082 1280 2344 1342 sublimi
2375 1299 2640 1364 corpore
2673 1281 2874 1362 siunt3
2899 1283 3213 1365 perfectas
3245 1292 3474 1360 autem,

1983 1379 2289 1461 quoniam
2348 1379 2620 1442 nubium
2679 1381 2947 1444 scientia
2995 1380 3480 1463 comprehendit

1983 1495 2238 1539 omnem
2270 1477 2562 1541 notitiam
2584 1487 2649 1540 et
2667 1478 2999 1542 scientiam
3031 1480 3478 1561 praedictarum

1984 1575 2481 1658 impressionum
2511 1585 2701 1659 atque
2729 1576 3106 1656 effectuum,
3140 1579 3255 1660 qui
3285 1597 3362 1641 ex
3385 1578 3478 1641 eis

1984 1683 2470 1754 consequuntur
2509 1675 2576 1736 in
2619 1673 3035 1739 inferioribus
3074 1675 3237 1738 istis.

2054 1774 2281 1834 Nonne
2301 1775 2680 1835 vestimenta
2712 1784 2824 1834 tua
2843 1775 3061 1836 calida
3088 1784 3260 1842 sunt,
3280 1795 3485 1854 quum

364 1870 660 1952 JurganS‚
696 1868 851 1950 quia
897 1868 1126 1931 domus
1174 1886 1555 1949 exasperans
1602 1874 1719 1930 est.
1764 1866 1875 1928 lta·
1912 1871 1956 1932 B
1975 1872 2262 1948 perflata
2284 1871 2492 1947 fuerit
2523 1880 2694 1930 terra
2720 1873 3007 1932 Austro?
3039 1870 3280 1934 Ventus
3309 1871 3482 1934 enim

370 1987 519 2048 que,
558 1967 626 2028 in
658 1984 1069 2048 quocumque
1096 1967 1237 2030 loco
1268 1973 1330 2028 et
1359 1965 1598 2048 populo
1626 1964 1874 2028 miseri-

364 2065 605 2129 cordiae
640 2085 771 2128 suae
814 2064 1191 2147 praeceperit
1218 2065 1380 2127 Deus
1425 2064 1871 2146 praedicatores

367 2165 531 2228 tales
560 2183 703 2228 esse
732 2172 797 2228 et
824 2163 1026 2245 loqui,
1060 2163 1151 2226 ibi
1183 2172 1247 2227 et
1280 2162 1415 2226 illic
1455 2161 1704 2226 fluenta
1733 2162 1873 2245 plu-

364 2271 487 2326 unt
530 2262 861 2326 doctrinae.

448 2365 769 2425 Ausculta
792 2363 1093 2434 licea-Iob,
1118 2360 1271 2442 quia
1292 2359 1598 2422 sublimia
1616 2367 1786 2437 sunt,
1810 2367 1875 2422 et

366 2460 771 2526 advertentia
816 2459 1035 2542 digna,
1073 2466 1295 2542 utpote
1336 2459 1403 2520 in
1432 2457 1671 2540 quibus
1710 2457 1875 2541 sapi-

368 2560 549 2624 entia
599 2567 793 2640 atque
842 2557 1129 2641 potentia
1168 2556 1279 2620 Dei
1322 2557 1654 2621 evidenter
1702 2565 1878 2639 pate-

369 2666 583 2722 scunt.
618 2661 763 2730 Sca,
798 2657 863 2718 id
894 2665 1014 2733 est,
1048 2675 1303 2718 rursum
1333 2664 1546 2718 mente
1585 2662 1645 2718 te
1674 2654 1871 2736 erige,

369 2765 675 2838 recteque
724 2755 1002 2820 vivendo
1050 2755 1127 2817 ad
1168 2753 1775 2836 contemplationem
1814 2761 1877 2816 te

370 2873 705 2939 praepara3
738 2864 797 2915 et
833 2856 1170 2914 considera
1208 2855 1548 2915 mirabilia
1575 2853 1699 2913 Dei
1733 2870 1875 2933 quae

372 2953 508 3016 dixi
557 2961 620 3016 et
668 2952 881 3015 dicam
927 2969 942 3012 ε
985 2971 1129 3032 quae
1176 2951 1470 3033 quamvis
1520 2950 1651 3012 sint
1695 2957 1878 3012 natu-

1982 1967 2280 2030 australis
2338 1986 2415 2030 ex
2463 1968 2688 2030 calidis
2747 1968 3115 2048 regionibus
3169 1969 3367 2047 venit,
3421 1978 3485 2032 et

1984 2064 2229 2128 calidus
2260 2073 2380 2142 est,
2412 2085 2755 2147 aeremque
2785 2075 2850 2130 et
2880 2075 3086 2130 vestes
3114 2086 3188 2130 ac
3217 2085 3486 2149 corpora

1984 2162 2278 2226 calefacit
2312 2181 2327 2225 ε
2361 2163 2474 2246 qui
2512 2172 2742 2227 ventus
2779 2165 2962 2246 quasi
3010 2164 3090 2227 ab
3129 2165 3260 2228 imo
3307 2166 3486 2230 veni-

1986 2280 2121 2338 enS,
2159 2280 2426 2344 vapores
2455 2264 2900 2345 congregando
2930 2264 3300 2342 condensat,
3322 2282 3484 2345 quos

1986 2368 2215 2424 ventus
2243 2361 2477 2442 Aquilo
2523 2361 2728 2443 magis
2766 2361 3099 2443 dispergit.
3133 2361 3484 2444 Spirituali-

1987 2465 2105 2536 ter,
2124 2459 2354 2520 Auster
2372 2466 2470 2522 est
2491 2457 2768 2541 Spiritus
2789 2457 3079 2536 SanctuS,
3099 2477 3214 2522 seu
3235 2457 3484 2522 fervida

1988 2555 2328 2638 inspiratio
2359 2557 2523 2638 ejus,
2557 2555 2952 2619 Vestimenta
2980 2564 3196 2620 autem
3226 2556 3481 2634 animae,

1987 2665 2136 2717 sunt
2172 2655 2440 2719 virtutes
2469 2664 2533 2719 et
2560 2656 2728 2719 dona
2756 2654 3032 2736 Spiritus
3069 2654 3308 2733 Sancti,
3341 2675 3484 2736 quae

1986 2773 2133 2818 cum
2165 2753 2406 2837 Spiritu
2437 2753 2666 2818 Sancto
2686 2753 3019 2831 afflantur,
3043 2753 3402 2817 excitantur
3421 2762 3485 2816 et

1984 2860 2348 2930 actuan'tur,
2382 2852 2749 2917 fervescunt
2789 2861 2853 2916 et
2888 2851 3222 2935 potissime
3258 2860 3480 2932 agunt.

2072 2955 2170 3012 Tu
2197 2952 2483 3028 forsitan
2513 2971 2661 3012 cum
2701 2971 2769 3011 eo
2799 2952 3158 3032 fabricatus
3185 2970 3248 3010 es
3275 2953 3480 3012 caelos.

371 3053 555 3130 ralia,
590 3051 797 3114 nihilo
824 3050 1041 3113 minus
1082 3048 1406 3112 mirabilia
1445 3049 1871 3132 appellantur,
1912 3050 1956 3113 C
1986 3049 2114 3113 Hoc
2144 3048 2388 3112 ironice
2416 3048 2526 3126 ait,
2563 3056 2866 3130 tanquam
2888 3048 3060 3112 dicat
3092 3065 3106 3110 :
3140 3048 3207 3110 ln
3237 3056 3484 3111 tantum

373 3151 443 3214 in
483 3158 799 3233 quantum
834 3149 920 3212 ab
960 3148 1333 3212 hominibus
1369 3147 1558 3231 plene
1591 3166 1879 3229 compre-

372 3249 573 3314 hendi
613 3267 743 3312 non
783 3248 1019 3314 valent.

441 3349 792 3428 Numquid
808 3348 934 3408 sci-s·
958 3349 1218 3428 quando
1228 3347 1535 3424 proecepit
1556 3347 1721 3406 Deus
1731 3349 1878 3423 plu-

372 3449 525 3518 viis,
550 3456 639 3508 ut
681 3449 1083 3507 ostenderent
1122 3449 1329 3506 lucem
1368 3446 1647 3504 nubium
1686 3445 1827 3520 ejus
1847 3445 1879 3504 ἒ

372 3545 438 3607 id
480 3552 600 3622 est,
643 3561 772 3624 quo
817 3551 1105 3624 tempore
1140 3541 1334 3624 jussit
1372 3561 1409 3604 a
1450 3541 1771 3623 principio
1813 3549 1877 3604 et

372 3643 527 3706 inde
557 3639 929 3723 frequenter
960 3639 1211 3722 pluvias
1246 3639 1312 3702 in
1344 3647 1575 3702 terram
1616 3640 1877 3702 descen-

372 3742 547 3818 dere,
576 3747 895 3822 quatenus
930 3757 1044 3820 per
1086 3756 1303 3801 earum
1344 3757 1561 3801 casum
1595 3737 1875 3800 nubibus

373 3837 734 3914 rarefactiS‚
788 3837 898 3898 lux
948 3835 1220 3898 nubium
1270 3843 1628 3918 appareret,
1681 3855 1875 3917 quam

373 3959 412 4002 a
452 3935 882 4000 luminaribus
923 3934 1071 3999 coeli
1114 3934 1495 4016 suscipiunt,
1530 3953 1649 3998 nec
1685 3952 1878 4017 appa-

376 4044 477 4100 ret
504 4034 816 4117 quamdiu
851 4033 1057 4096 nubes
1094 4040 1244 4095 sunt
1270 4031 1486 4095 densoe
1519 4039 1583 4095 et
1615 4050 1871 4113 grossae.

376 4136 729 4216 Numquid
774 4134 948 4194 nosti
1002 4133 1261 4193 semitas
1306 4134 1605 4205 nubium,
1657 4131 1724 4193 id
1782 4137 1879 4194 est

1990 3156 2051 3211 te
2092 3147 2309 3228 erigiS,
2354 3146 2540 3228 quasi
2579 3155 2955 3228 cooperator
2986 3147 3095 3211 Dei
3137 3145 3370 3210 fuisses
3417 3147 3486 3210 in

1988 3246 2310 3310 creatione
2343 3244 2672 3322 coelorum‚
2700 3263 2900 3326 quum
2932 3254 3145 3308 tamen
3173 3245 3487 3308 aeriarum

1990 3344 2486 3429 impressionum
2519 3343 2851 3407 scientiam
2883 3363 3011 3408 non
3041 3344 3337 3424 attingas
3360 3347 3490 3414 Qui

1986 3445 2371 3506 solidissimi
2417 3445 2609 3522 quasi
2652 3462 2777 3504 oere
2816 3444 2959 3520 fusi
3007 3453 3161 3504 sunt
3191 3465 3214 3503 .·
3250 3441 3316 3505 id
3363 3451 3482 3521 est,

1988 3560 2253 3625 corpora
2291 3541 2574 3605 coelestia
2625 3559 2742 3604 nec
2790 3541 3142 3604 divisibilia
3189 3559 3306 3604 nec
3350 3561 3488 3623 per-

1989 3640 2352 3704 transibilia
2378 3649 2548 3718 sunt,
2585 3649 2656 3702 ut
2693 3659 2802 3702 aer
2841 3648 2904 3703 et
2941 3658 3132 3721 aqua,
3174 3659 3250 3702 ac
3277 3648 3487 3703 cetera

1988 3737 2242 3812 mollia3
2266 3737 2378 3798 sed
2402 3744 2531 3798 tam
2563 3735 2754 3798 firma
2773 3743 2836 3798 et
2866 3733 3290 3798 indivisibilia
3309 3744 3482 3814 sunt,

1988 3835 2174 3920 quasi
2203 3834 2351 3897 fusa
2383 3841 2598 3898 essent
2636 3853 2712 3897 ex
2742 3853 2888 3911 aere,
2922 3834 3090 3915 quod
3141 3852 3270 3897 non
3317 3834 3488 3897 cedit

1989 3933 2299 4015 tangenti.
2334 3932 2466 4006 Quo
2509 3932 2706 3996 verbo
2748 3932 3238 4012 redarguuntur,
3273 3930 3486 3995 dicen-

1990 4042 2083 4096 tes
2140 4050 2409 4114 corpora
2453 4031 2738 4095 coelestia
2785 4049 2926 4094 esse
2970 4029 3344 4109 divisibilia,
3397 4030 3486 4094 ita

1990 4131 2162 4213 quod
2184 4130 2384 4194 stellae
2412 4130 2755 4192 transirent
2775 4147 2890 4211 per
2919 4130 3114 4193 coelos
3140 4128 3486 4192 dividendo

375 4243 589 4298 motus
620 4240 685 4296 et
714 4249 1051 4314 processus
1082 4247 1322 4306 earum,
1359 4230 1678 4310 quomodo
1710 4238 1773 4292 et
1801 4249 1878 4293 ex
1909 4237 1961 4299 D
1989 4230 2246 4294 eosdem
2277 4228 2444 4291 sicut
2471 4228 2608 4292 avis
2640 4247 2754 4310 per
2783 4246 3017 4304 aerem,
3051 4235 3116 4290 et
3143 4227 3338 4309 piscis
3370 4247 3486 4310 per

378 4353 506 4416 qua
535 4350 729 4396 causa
758 4330 837 4391 ad
869 4329 1153 4392 diversas
1185 4336 1397 4410 partes
1438 4328 1879 4411 propellantur

376 4451 456 4496 ex
507 4428 793 4512 impulsu
842 4434 1219 4500 ventorum3
1254 4446 1525 4504 maynas
1571 4435 1630 4486 et
1668 4429 1881 4506 perfe-

377 4541 513 4593 ctas
540 4529 847 4590 scientias
866 4528 897 4586 ?
926 4525 993 4587 id
1022 4531 1119 4586 est
1146 4523 1213 4586 in
1235 4543 1507 4605 quarum
1540 4544 1753 4588 rerum
1784 4544 1881 4588 co-

378 4627 673 4710 gnitione
710 4624 1072 4688 consistunt
1100 4621 1386 4686 scientiae
1416 4640 1662 4704 magnae
1686 4633 1881 4706 atque

382 4725 708 4809 perfectae,
744 4721 1097 4785 secundum
1135 4720 1307 4802 quod
1352 4720 1475 4783 ista
1514 4720 1881 4784 referuntur

384 4841 515 4888 non
546 4821 757 4884 solum
786 4817 865 4880 ad
886 4837 1111 4881 causas
1132 4837 1279 4880 suas
1311 4819 1632 4880 naturales
1652 4827 1716 4882 et
1738 4837 1883 4900 pro-

385 4921 614 4996 ximaS,
661 4917 773 4980 sed
821 4916 1087 4997 insuper
1131 4916 1210 4978 ad
1260 4934 1485 4979 causas
1533 4915 1771 4998 primas
1820 4926 1883 4980 et

389 5034 695 5091 summas»,
748 5013 1047 5078 videlicet
1095 5015 1175 5077 ad
1227 5013 1505 5078 rationes
1554 5014 1885 5097 sapientiae

391 5116 523 5193 Dei,
558 5131 719 5196 quas
763 5111 829 5174 in
862 5111 993 5174 vita
1032 5112 1152 5176 hac
1186 5113 1726 5196 comprehendere
1756 5132 1884 5177 non

392 5213 705 5287 valemus,
766 5228 883 5272 cur
942 5209 1190 5274 scilicet
1244 5211 1410 5274 Deus
1470 5219 1699 5273 cuncta
1751 5211 1887 5275 haec

396 5311 611 5376 taliter
654 5306 1029 5371 instituerit.
1070 5308 1285 5387 Porro,
1328 5309 1679 5372 secundum
1720 5309 1885 5374 Tho-

1986 4346 2243 4409 aquam.
2272 4327 2468 4408 Cujus
2498 4326 2690 4388 etiam
2722 4325 3047 4408 opinionis
3078 4323 3340 4388 fuerunt
3359 4325 3487 4388 Pla-

1987 4435 2052 4489 to
2092 4426 2160 4489 in
2196 4425 2405 4508 primo
2437 4423 2678 4500 Timaei,
2711 4432 2776 4487 et
2814 4424 3207 4500 PtolemaeuS‚
3239 4423 3350 4506 qui
3390 4443 3488 4486 se-

1988 4525 2272 4589 cundum
2321 4522 2796 4606 Hieronymum,
2833 4522 2899 4584 in
2941 4523 3169 4601 dogma
3205 4521 3485 4586 Platonis

1990 4624 2216 4687 cadere
2251 4620 2606 4684 videbatur.
2640 4620 2758 4694 Qui
2805 4620 3070 4703 insuper
3117 4620 3489 4684 asserebant

1990 4721 2177 4785 orbes
2207 4720 2498 4784 coelestes
2531 4737 2660 4782 non
2694 4719 2941 4783 moveri
2979 4728 3092 4781 aut
3121 4718 3487 4783 circumfer-

1991 4821 2070 4898 ri,
2108 4820 2219 4882 sed
2251 4819 2538 4901 planetas
2575 4826 2638 4880 et
2676 4818 2892 4881 stellas
2938 4835 3054 4899 per
3091 4816 3236 4881 illos
3271 4836 3484 4880 meare

1992 4919 2419 4999 choreamque
2447 4919 2695 4980 ducere.
2709 4915 3151 4998 Spiritualiter,
3171 4915 3318 4979 coeli
3339 4924 3484 4978 sunt

1994 5007 2267 5096 angelici
2299 5016 2586 5098 spirituS,
2621 5033 2894 5096 quorum
2925 5023 3150 5076 natura
3191 5012 3384 5076 firma
3410 5033 3484 5078 ac

1996 5114 2248 5178 stabilis
2277 5123 2395 5192 est,
2428 5122 2619 5195 atque
2659 5131 2772 5194 per
2807 5111 3077 5192 gratiam
3121 5112 3212 5176 sic
3249 5111 3486 5176 confir-

1996 5222 2168 5275 mata
2199 5212 2264 5274 in
2304 5211 2496 5288 bone,
2531 5218 2602 5273 ut
2637 5211 2748 5274 aeri
2792 5209 3020 5272 merito
3057 5219 3482 5293 comparetur.

1998 5310 2308 5374 Similiter
2349 5308 2641 5372 homines
2682 5307 2973 5385 virtuosi,
3006 5318 3266 5391 propter
3305 5310 3488 5374 robo—
