4309 6259
570 4251 635 4296 1⁸.
646 4265 759 4302 xxxv,
770 4252 835 4294 2¹.

586 4747 624 4792 11
634 4746 765 4790 Esdr.
779 4760 831 4796 ux,

568 4812 665 4917 (ἰὶοὸ
680 4887 778 4925 xxv,
791 4875 830 4915 3.

582 5276 639 5321 111
650 5277 762 5334 Rev.
774 5289 831 5330 τι,

564 5341 635 5385 8⁶.

1416 496 1764 544 mumulo
1806 498 1869 542 IN
1910 496 2047 542 cAP.
2093 495 2204 542 111
2244 495 2403 541 unm
2441 495 2666 550 Quan'rl
2707 493 2932 541 limum.
2976 513 3058 524 --
3097 496 3240 542 ΛΒΤ.
3285 495 3440 542 xxm

1911 904 2562 992 ARTICULUS
2641 905 2944 989 XXIII

1050 1187 1425 1238 DECLARATIO
1468 1186 1744 1234 CAPITULI
1786 1184 2048 1230 Vlcasml
2090 1183 2259 1228 Pmffl
2301 1182 2315 1227 ζ
2361 1180 2769 1236 Domssvrrouss
2811 1181 3100 1228 Ezsscmas
3143 1183 3260 1229 CUH
3304 1182 3597 1228 PATRIBUS
3639 1182 3788 1228 SUIS.

1014 1473 1261 1537 GITUR
1303 1470 1408 1533 hic
1444 1471 1525 1534 de
1563 1466 1935 1549 regnatione
1964 1465 2262 1527 Manassae
2301 1470 2365 1525 et
2395 1463 2445 1525 A
2474 1465 2719 1524 altaria
2759 1467 3078 1526 universoe
3120 1466 3381 1527 militioe
3416 1468 3562 1527 coeli
3599 1468 3670 1527 in
3711 1469 3964 1527 duobus

1036 1571 1163 1634 filii
1220 1571 1361 1652 ejus
1419 1570 1645 1630 Amon.
1705 1566 2153 1643 Dormivitque
2205 1564 2365 1623 Eze-

872 1675 1053 1734 chias
1082 1693 1229 1732 cum
1252 1670 1553 1748 patribus
1590 1668 1752 1736 suis,
1786 1675 1845 1724 et
1887 1665 2187 1742 reynavit
2218 1665 2362 1722 Ma-

875 1791 1087 1832 nasses
1113 1771 1297 1848 filius
1324 1769 1464 1844 ejus
1486 1785 1608 1843 pro
1646 1784 1737 1825 e0.
1772 1765 2123 1825 Duodecim
2166 1780 2365 1822 anno-

872 1891 1024 1930 rum
1041 1879 1180 1929 erat
1201 1871 1526 1930 Manasses
1546 1883 1749 1944 quum
1771 1882 2039 1939 reynare
2058 1863 2361 1938 coepisset,

870 1978 931 2028 et
972 1967 1453 2048 quinquaqinta
1492 1966 1779 2044 quinque
1815 1963 2011 2023 annis
2052 1963 2354 2038 reynavit

873 2067 947 2126 in
974 2068 1350 2127 Jerusalem.
1376 2065 1625 2128 Nomen
1656 2063 1885 2123 matris
1913 2062 2053 2138 ejus
2084 2062 2362 2137 Hapsasi-

873 2168 973 2226 ba.
1000 2166 1299 2244 Fecitque
1328 2166 1577 2224 malum
1604 2161 1678 2221 in
1708 2170 2043 2238 conspectu
2064 2161 2355 2230 Domini,

856 2266 1065 2342 juxta
1084 2266 1287 2335 idola,
1306 2262 1369 2324 id
1392 2270 1488 2324 est
1509 2260 1861 2323 secundum
1883 2258 2075 2319 ritum
2095 2257 2362 2321 culturae

872 2363 1209 2438 idolorum,
1237 2362 1535 2439 yentium
1570 2379 1729 2439 quas
1772 2359 2006 2418 delevit
2036 2359 2356 2418 Dominus

872 2485 915 2524 a
942 2463 1113 2539 facie
1145 2463 1438 2540 filiorum
1466 2462 1695 2529 Israel,
1730 2457 1794 2518 id
1838 2465 1934 2520 est
1974 2455 2357 2518 Chananaeo-

871 2580 1038 2638 rum,
1072 2577 1346 2642 quorum
1387 2555 1809 2620 idololatriam
1838 2555 2149 2617 Manasses
2189 2575 2362 2618 excr-

2472 1564 2666 1623 atriis
2701 1567 2922 1641 templi
2955 1566 3226 1626 Domini
3255 1583 3279 1625 .·
3309 1565 3482 1646 quod
3523 1563 3650 1626 ruit
3690 1566 3964 1629 detesta-

2476 1659 2602 1724 bile
2646 1662 3074 1743 sacrilegium,
3109 1663 3232 1726 Deo
3272 1663 3581 1726 altissimo
3625 1674 3958 1727 contume-

2472 1759 2726 1836 liosum,
2779 1761 2964 1842 cujus
3015 1762 3322 1844 templum
3383 1763 3700 1827 convertit
3749 1763 3812 1825 in
3865 1763 3962 1826 fa·

2473 1877 2650 1921 num.
2676 1863 2755 1921 Et
2779 1862 3076 1921 traduoeit
3101 1863 3324 1939 filium
3351 1882 3546 1922 suum
3569 1881 3690 1939 per
3711 1864 3958 1941 ignem.-

2471 1957 2638 2020 sicut
2664 1959 3020 2041 expositum
3049 1966 3145 2021 est
3174 1961 3254 2022 de
3282 1960 3522 2035 Achaz;
3554 1970 3614 2020 et
3643 1963 3962 2023 ariolatus

2468 2065 2579 2128 est,
2630 2057 3022 2121 consulendo
3073 2057 3347 2136 divinOS,
3402 2058 3956 2141 idololatriamque

2471 2157 2819 2220 exercendo
2859 2157 2923 2219 in
2968 2157 3116 2234 aris,
3153 2169 3214 2218 et
3249 2161 3606 2221 observavit
3643 2163 3959 2237 auyuria,

2471 2253 2536 2316 id
2561 2261 2658 2317 est
2694 2254 3140 2332 divinationeS,
3177 2274 3319 2336 quae
3359 2256 3534 2319 fiunt
3570 2259 3960 2322 advertendo

2467 2353 2742 2433 garritus
2784 2363 3136 2436 cantusque
3174 2355 3412 2434 avium,
3447 2366 3506 2417 et
3544 2358 3700 2436 fecit
3727 2361 3964 2435 pytho-

2469 2473 2602 2524 nes,
2647 2452 2710 2516 id
2759 2462 2855 2516 est
2901 2473 3119 2535 magos
3166 2453 3564 2518 sciscitantes
3607 2455 3944 2520 veritatem

2470 2561 2532 2614 et
2563 2553 2720 2635 quid
2759 2553 2842 2615 sit
2879 2554 3217 2633 agendum,
3254 2573 3292 2617 a
3323 2554 3590 2617 mortuis
3621 2573 3784 2636 quos
3820 2564 3958 2618 arte

871 2658 1026 2723 cuit.
1063 2661 1533 2736 Conversusque
1560 2663 1671 2726 est,
1707 2653 1771 2716 id
1802 2662 1921 2730 est,
1942 2661 2196 2716 vertens
2225 2671 2295 2716 se
2323 2671 2360 2714 a
2395 2649 2442 2710 B
2471 2670 2583 2713 sua
2612 2651 2988 2715 videbantur
3009 2653 3335 2730 suscitare,
3361 2661 3553 2735 prout
3580 2654 3658 2716 de
3686 2653 3808 2717 hoc
3829 2655 3958 2735 ple-

872 2757 1062 2832 bonn,
1094 2754 1263 2837 quod
1306 2751 1677 2836 sperabatur
1718 2750 2025 2828 facturuS‚
2068 2752 2145 2813 ad
2189 2749 2356 2813 mala

871 2874 944 2918 ac
986 2854 1284 2936 pessima,
1316 2861 1376 2912 et
1412 2851 1764 2928 <edificavit
1799 2854 2068 2919 eoecelsa,
2101 2849 2223 2912 hoc
2262 2856 2360 2911 est

873 2954 1021 3017 fana
1058 2961 1248 3033 atque
1286 2948 1511 3013 altaria
1552 2947 1619 3009 in
1664 2947 1821 3011 locis
1860 2947 2248 3011 sublimibus
2278 2948 2357 3010 ad

870 3051 1285 3116 exercendam
1325 3046 1744 3111 idololatriam
1787 3047 1852 3108 in
1894 3046 2154 3124 eisdem,
2190 3068 2354 3126 quce,

870 3151 934 3214 id
965 3158 1061 3212 est
1092 3165 1364 3230 quorum
1396 3146 1631 3208 similia
1660 3145 1727 3206 in
1759 3145 1991 3227 speeie,
2015 3148 2362 3224 dissipave-

869 3260 975 3311 rat
992 3249 1297 3312 Ezechias
1310 3257 1501 3325 pater
1518 3246 1757 3322 ejus,·et
1776 3247 1954 3305 eremi
1959 3254 1980 3306 t
2001 3266 2151 3306 aras
2169 3247 2354 3314 Baal,

868 3359 929 3409 et
956 3349 1111 3426 fecit
1141 3351 1334 3417 lucos,
1368 3344 1432 3406 id
1476 3351 1571 3407 est
1611 3343 1751 3406 loca
1788 3342 2087 3406 umbrosa
2120 3341 2359 3406 arbori-

868 3447 989 3510 bus
1010 3444 1273 3521 consita,
1287 3443 1365 3507 ad
1386 3443 1805 3505 exercendum
1827 3442 1891 3504 in
1915 3441 2006 3505 eis
2027 3440 2356 3504 lasciviam

868 3544 1079 3608 carnis
1128 3543 1195 3605 in
1237 3544 1497 3606 deorum
1540 3541 1869 3616 honorem,
1911 3543 2077 3600 sicut
2114 3542 2358 3619 fecerat

867 3646 1087 3706 Achab
1114 3663 1231 3704 rea:
1260 3643 1485 3711 Israel,
1518 3650 1578 3701 et
1606 3641 1907 3700 adoravit
1946 3659 2196 3699 omnem
2235 3640 2358 3698 mi-

868 3744 1084 3803 litiam
1114 3743 1281 3810 coeli,
1314 3739 1376 3801 id
1417 3745 1513 3801 est
1548 3737 1835 3801 ordinem
1875 3744 1938 3798 et
1976 3736 2357 3800 universita-

2466 2749 2612 2811 nius
2635 2749 2876 2812 dictum
2906 2759 3001 2813 est
3033 2751 3098 2812 in
3129 2751 3525 2833 expositione
3549 2751 3738 2833 primi
3768 2750 3950 2826 libri3

2465 2861 2524 2910 et
2552 2853 3018 2928 multiplicavit
3047 2855 3394 2929 aruspices,
3417 2851 3528 2933 qui
3558 2851 3850 2914 divinant
3882 2853 3950 2914 in

2467 2947 2626 3010 extis
2647 2948 3020 3010 animalium
3041 2949 3164 3011 diis
3187 2948 3681 3027 immolatorum,
3695 2950 3798 3014 vel
3818 2951 3956 3012 dies

2468 3065 2540 3108 ac
2582 3046 2770 3109 horas
2819 3046 3160 3110 observant
3203 3065 3318 3128 pro
3367 3049 3629 3128 agendis
3683 3049 3955 3130 negotiis

2467 3145 2622 3223 suis»,
2655 3145 2839 3226 quasi
2869 3153 3158 3228 tempora
3187 3147 3316 3209 sint
3347 3145 3648 3224 infausta,
3681 3157 3756 3209 ut
3781 3150 3956 3232 [ace-

2465 3254 2562 3305 ret
2581 3249 2828 3306 malum
2848 3265 3064 3306 coram
3082 3248 3378 3315 Domin0,
3398 3256 3457 3306 et
3479 3248 3773 3307 irritaret
3789 3267 3953 3309 eum.

2546 3345 2897 3424 Posuitque
2927 3347 3178 3406 idolum
3213 3347 3346 3405 luci
3374 3365 3396 3405 .·
3427 3345 3598 3426 quod
3645 3344 3712 3406 in
3743 3344 3889 3408 luco
3917 3357 3956 3408 a

2466 3459 2534 3504 se
2566 3440 2734 3505 facto
2764 3441 2970 3505 voluit
3004 3442 3364 3524 specialiter
3402 3443 3730 3518 venerari3
3762 3465 3954 3524 quem

2463 3543 2723 3618 fecerat,
2759 3543 2831 3601 in
2875 3545 3102 3618 templo
3144 3543 3435 3614 Domini,
3473 3561 3668 3619 super
3705 3563 3828 3622 quo
3877 3546 3956 3603 lo-

2464 3649 2650 3699 cutus
2691 3649 2780 3700 est
2809 3641 3127 3701 Dominus
3169 3643 3259 3700 ad
3293 3642 3539 3710 David,
3568 3649 3628 3700 et
3669 3643 3954 3702 Salomo-

2465 3760 2612 3800 nem
2637 3740 2858 3817 filium
2886 3741 3028 3816 ejus
3059 3759 3082 3798 .·
3112 3742 3193 3800 In
3237 3743 3464 3816 templo
3498 3741 3638 3810 lzoc,
3667 3749 3727 3800 et
3751 3742 3824 3800 in
3850 3744 3952 3802 Je-

867 3849 992 3903 tem
1048 3827 1468 3922 planetarum,
1516 3835 1628 3918 qui
1673 3835 2065 3918 praeeipuum
2114 3835 2354 3898 hahent
2388 3835 2433 3898 C
2465 3841 2770 3908 rusalem,
2810 3858 3006 3917 quam
3047 3840 3210 3914 eleyi
3250 3841 3330 3898 de
3371 3840 3620 3899 cunctis
3661 3841 3952 3900 tribubus

866 3937 1185 4000 influxum
1217 3945 1281 4000 et
1310 3934 1625 3999 actionem
1658 3934 1723 3996 in
1757 3934 1876 3996 ista
1907 3932 2356 3996 inferiora.1n·

866 4037 1113 4100 terdum
1137 4052 1287 4099 vero
1316 4032 1549 4095 militia
1579 4031 1725 4094 coeli
1757 4031 2065 4114 accipitur
2096 4049 2214 4114 pro
2245 4050 2355 4094 an-

867 4133 1050 4216 geliS,
1094 4131 1207 4215 qui
1252 4131 1321 4193 in
1362 4129 1711 4211 caliginoso
1760 4147 1905 4192 aere
1952 4147 2352 4191 commoran—

868 4240 970 4294 tur
1018 4251 1032 4295 :
1082 4231 1160 4293 de
1208 4229 1444 4312 quihus
1487 4227 1770 4309 loquitur
1810 4227 2023 4302 IsaiaS‚
2055 4226 2355 4290 visitabit

868 4329 1173 4393 Dominus
1215 4346 1405 4410 super
1442 4324 1739 4387 militiam
1778 4323 1923 4387 coeli
1965 4323 2029 4385 in
2075 4325 2348 4388 excelso.

863 4429 1223 4512 Aliquando
1254 4445 1405 4491 vero
1434 4423 1746 4506 accipitur
1782 4442 1898 4507 pro
1938 4423 2072 4487 acie
2110 4425 2352 4489 civium

864 4545 1307 4610 supernorum,
1353 4543 1464 4587 seu
1505 4533 1712 4585 turma
1753 4521 2183 4602 angelicorum
2227 4523 2352 4605 spi-

864 4627 1103 4689 rituum
1159 4642 1173 4686 :
1226 4624 1304 4686 de
1350 4621 1587 4705 quibus
1637 4621 1703 4682 in
1751 4620 2054 4683 Nehemia
2113 4621 2350 4685 dicitur

864 4726 1011 4802 Dec,
1060 4723 1387 4786 Exercitus
1436 4719 1583 4784 coeli
1631 4720 1851 4782 adorat
1897 4727 1998 4795 te3
2045 4729 2237 4803 atque
2284 4721 2349 4783 in

860 4823 998 4900 soh,
1030 4819 1349 4902 Numquid
1390 4826 1487 4882 est
1525 4837 1827 4881 numerus
1858 4817 2135 4880 militum
2168 4819 2353 4914 ejus?

862 4925 948 4986 Εἰ
976 4923 1176 4982 coluit
1203 4941 1367 4980 eam.

2464 3938 2691 4008 Israel,
2716 3956 2960 4015 ponam
2999 3957 3230 3998 nomen
3271 3957 3482 3999 meum
3521 3940 3595 3998 in
3625 3941 3954 4016 sempiter-

2464 4055 2665 4106 num,·
2699 4045 2758 4096 et
2799 4038 2974 4095 ultra
3007 4054 3135 4095 non
3166 4037 3412 4114 faciam
3441 4039 3826 4096 commoveri
3845 4057 3954 4114 pe-

2462 4136 2607 4194 dem
2649 4137 2857 4194 Israel
2897 4137 2976 4193 de
3017 4142 3187 4194 terra
3230 4155 3426 4214 quam
3469 4136 3623 4194 dedi
3651 4135 3954 4211 patribus

2462 4251 2708 4301 eorum,
2740 4233 2800 4292 si
2831 4242 3042 4292 tamen
3073 4233 3495 4293 custodierint
3522 4251 3705 4310 opere
3731 4233 3954 4292 omnia

2462 4351 2604 4411 quoe
2627 4332 2908 4409 praecepi
2925 4333 3042 4400 eis,
3065 4340 3123 4391 et
3147 4333 3514 4392 universam
3537 4335 3736 4408 leyem
3755 4351 3954 4410 quam

2465 4431 2804 4489 mandavit
2823 4431 2913 4488 eis
2933 4449 3154 4488 servus
3175 4449 3352 4489 meus
3374 4431 3642 4507 Moyses.
3668 4432 3788 4490 Illi
3807 4450 3952 4490 vero

2461 4547 2590 4587 non
2618 4529 3001 4597 audierunt,
3026 4531 3136 4588 sed
3164 4529 3410 4588 seducti
3437 4538 3590 4589 sunt
3615 4549 3655 4589 a
3681 4530 3954 4590 Manas-

2459 4645 2522 4684 se
2553 4645 2575 4685 .·
2603 4625 2716 4706 qui
2756 4625 3251 4688 comminatione
3293 4635 3356 4688 et
3400 4643 3730 4707 poenarum
3775 4626 3952 4688 infli-

2459 4723 2691 4801 ctione,
2727 4723 3018 4806 exemplo
3061 4731 3124 4786 et
3161 4723 3576 4806 persuasione
3616 4723 3947 4806 pestifera,

2460 4821 2648 4884 traxit
2677 4841 2860 4884 suum
2891 4822 3198 4904 populum
3239 4823 3320 4884 ad
3358 4821 3751 4886 idololatrias
3783 4823 3951 4886 mul-

2458 4918 2770 4997 tiformeS,
2806 4929 2869 4982 et
2907 4922 2986 4984 ad
3031 4920 3159 4983 alia
3199 4929 3459 5003 peccata
3503 4921 3828 4996 enormia;
3875 4931 3951 4983 ut

944 5020 1417 5098 E'oestruoeitque
1436 5037 1609 5088 aras,
1630 5015 1693 5078 id
1720 5023 1816 5080 est
1838 5015 2062 5078 altaria
2081 5018 2348 5081 deorum
2381 5018 2431 5081 D
2457 5020 2742 5098 facerent
2775 5023 3020 5081 malum
3049 5041 3242 5097 super
3263 5030 3482 5096 yentes
3511 5040 3671 5100 quas
3709 5022 3951 5080 contri-

862 5137 1123 5183 suorum
1154 5116 1480 5197 sacrilega,
1517 5118 1590 5177 in
1619 5121 1805 5178 domo
1834 5118 2127 5189 Domini,
2159 5117 2218 5179 id
2254 5127 2352 5180 est

863 5217 930 5280 in
961 5215 1223 5299 templo,
1257 5219 1337 5278 de
1362 5237 1493 5296 qua
1528 5217 1706 5276 dixit
1736 5217 2055 5276 Dominus
2084 5235 2108 5277 .·
2139 5218 2220 5277 In
2249 5219 2351 5277 Je-

860 5321 1143 5379 rusalem
1186 5317 1313 5392 etit
1350 5335 1581 5378 nomen
1623 5334 1861 5376 meum.
1896 5316 1982 5377 Et
2022 5317 2350 5377 eoestruoeit

2458 5119 2554 5179 vit
2595 5118 2913 5179 Dominus
2955 5138 2997 5178 a
3037 5119 3210 5194 facie
3248 5119 3542 5195 filiorum
3585 5119 3848 5180 Israel:
3882 5117 3947 5179 id

2457 5223 2574 5292 est,
2607 5214 2864 5295 gravius
2893 5224 3316 5296 peccaverunt
3354 5235 3546 5297 quam
3577 5213 3942 5294 Chananaei,

2458 5313 2572 5395 qui
2595 5331 2713 5377 nec
2743 5313 2943 5394 legem
2976 5333 3014 5376 a
3043 5313 3169 5376 Deo
3197 5314 3432 5392 datam,
3453 5333 3571 5377 nec
3600 5313 3946 5397 Prophetas

3990 1973 4042 2078 gv
4053 1975 4158 2030 Bey.
4167 1989 4226 2018 m.

4041 2768 4056 2811 Ι
4097 2771 4197 2824 Rq.

3987 2846 4128 2876 nnn.

3993 3751 4238 3807 lllfleysm.
4284 3775 4285 3782 1

3983 3817 4240 3866 maenas,

3981 3881 4029 3928 ὃς
4061 3877 4098 3920 ΙΙ
4134 3879 4238 3925 Par.

3981 3955 4035 3987 w.
4055 3943 4096 3990 5,
4115 3943 4154 3984 ὗε
4169 3941 4240 3982 Ρε.

3981 4005 4240 4054 ‹anull—ss.
