4309 6259
616 1188 668 1232 lv
681 1190 788 1243 Req.
805 1201 858 1237 xi,

655 4922 690 4966 11
713 4924 826 4967 Par.

613 4998 725 5029 xxm.

887 488 1004 551 242

1235 502 1582 550 RNARRATm
1624 503 1686 548 IN
1729 503 1867 548 cAP.
1911 502 2057 548 xxlv
2101 500 2260 546 LIBRI
2304 500 2556 546 SECUNDI
2596 501 3125 547 PARALu‘ouENON.
3174 520 3254 529 —
3292 501 3434 547 ΛΒΤ.
3479 501 3627 547 xxiv

883 676 981 756 gis
1010 692 1322 739 consensu
1346 673 1556 737 facere
1577 691 1704 736 non
1732 670 2375 748 audenteS,exhihue-
2404 670 2454 731 Α
2483 670 2717 733 stitiam
2752 680 3025 734 vestram
3076 672 3141 734 in
3172 691 3293 747 me,
3328 673 3617 734 ostendat
3646 691 3715 734 se
3742 689 3965 752 cogno-

885 781 1034 835 runt
1061 772 1121 834 ei
1149 772 1455 834 honorem
1487 770 1803 847 divinum,
1827 779 2022 850 atque
2055 777 2123 831 ut
2145 768 2370 845 fertur,

886 870 1378 933 blandiebantur
1401 869 1483 946 ei,
1508 870 1790 932 dicentes
1817 888 1892 931 ac
1924 869 2375 951 persuadentes

887 970 1058 1051 quod
1079 970 1310 1049 dignus
1350 978 1516 1032 esset
1557 968 1666 1029 tali
1699 969 1960 1045 honore,
1994 986 2069 1029 eo
2109 968 2279 1047 quod
2310 966 2375 1027 in

887 1068 1160 1131 infantia
1193 1088 1306 1129 sua
1338 1066 1564 1130 fuisset
1605 1074 2018 1130 conservatus
2047 1075 2105 1129 et
2137 1066 2379 1128 enutri-

890 1176 990 1230 tus
1021 1168 1087 1228 in
1119 1167 1357 1248 templo
1389 1186 1497 1229 sex
1534 1165 1721 1227 annis
1757 1183 1770 1227 :
1805 1166 1974 1245 quod
2017 1184 2145 1227 non
2186 1164 2379 1227 conti-

888 1266 1104 1346 gisset,
1130 1265 1253 1327 nisi
1276 1264 1565 1327 divinum
1590 1264 1744 1344 quid
1775 1263 2004 1326 fuisset
2026 1263 2089 1325 in
2113 1281 2211 1339 eo,
2232 1281 2381 1343 quo-

891 1366 1064 1427 niam
1091 1363 1236 1426 aliis
1269 1381 1459 1444 quam
1479 1362 1912 1425 sacerdotibus
1935 1381 2063 1425 non
2093 1362 2379 1425 licuisset

891 1465 1030 1527 sine
1051 1462 1336 1546 periculo
1356 1463 1600 1542 ingredi
1624 1463 1688 1524 in
1713 1463 1918 1544 ipsum
1937 1463 2045 1525 Dei
2071 1462 2377 1544 templum

893 1564 1056 1625 ultra
1076 1562 1325 1637 atrium,
1350 1560 1488 1623 sine
1509 1560 1806 1643 pericula
1832 1579 1945 1642 per
1965 1569 2373 1624 momentum.

895 1664 1023 1731 Qui
1067 1662 1382 1721 delinitus
1417 1680 1638 1720 eorum
1674 1661 2008 1738 obsequiis,
2042 1658 2105 1721 id
2154 1666 2249 1721 est
2288 1658 2381 1721 vi-

894 1760 1053 1822 tiose
1100 1758 1421 1821 emollitus
1467 1776 1504 1818 a
1549 1758 1854 1819 virtutum
1913 1757 2272 1819 constantia
2316 1764 2380 1820 et

2484 788 2657 832 scere
2686 790 2798 852 per
2827 771 3106 833 debitam
3138 771 3445 833 ultionem
3474 788 3486 832 :
3513 770 3683 853 quod
3704 770 3841 833 zelo
3872 771 3967 851 ju-

2484 870 2694 946 stitiae,
2720 888 2847 932 non
2881 869 3080 933 livore
3108 870 3425 947 vindictae,
3452 876 3705 933 sanctus
3734 878 3968 951 martyr

2486 968 2594 1029 ille
2624 968 2871 1030 locutus
2892 976 3007 1044 est,
3032 967 3383 1049 praesertim
3406 968 3707 1049 quoniam
3730 976 3967 1029 tantam

2488 1066 2591 1129 Dei
2625 1066 2927 1147 injuriam
2960 1068 3023 1128 in
3056 1067 3413 1129 idololatria
3444 1066 3577 1144 illa,
3612 1086 3739 1130 non
3762 1066 3969 1149 potuit

2486 1166 2927 1246 aequanimiter
2974 1166 3308 1229 sustinere.
3340 1166 3461 1229 lste
3498 1165 3963 1241 estZachariaS‚

2486 1265 2835 1325 secundum
2856 1264 3329 1345 Hieronymum,
3348 1264 3428 1327 de
3456 1263 3669 1345 quoin
3690 1265 3969 1345 Evange-

2486 1460 2881 1543 Epiphanius
2908 1461 3017 1538 ait,
3036 1480 3163 1523 non
3192 1461 3441 1544 accepit
3470 1462 3748 1544 populus
3771 1462 3971 1525 Judae-

2485 1576 2666 1619 orum
2707 1578 3081 1642 responsum
3120 1560 3410 1623 divinum
3449 1558 3810 1635 manifeste,
3856 1580 3969 1623 nec

2486 1676 2562 1719 ex
2594 1657 2803 1734 Dabir,
2837 1676 3047 1739 neque
3084 1677 3159 1721 ex
3190 1658 3435 1739 Ephod‚
3470 1666 3541 1720 ut
3578 1667 3750 1721 ante.
3783 1659 3971 1722 Porro

2488 1755 2698 1833 Dabir,
2748 1757 3096 1820 secundum
3145 1756 3508 1839 Josephum‚
3555 1756 3683 1819 fuit
3720 1776 3969 1838 gemma

892 1857 1212 1921 soliditate
1239 1855 1526 1936 justitiae,
1563 1856 1870 1935 sacrilego
1901 1855 2158 1918 illorum
2188 1856 2379 1919 hono-
2416 1854 2461 1915 B
2491 1856 2752 1934 quadra,
2785 1856 3056 1917 duorum
3085 1856 3427 1935 digitorum
3466 1856 3971 1936 magnitudinem

891 1976 960 2019 re
989 1954 1112 2017 sibi
1151 1953 1458 2031 exhibito,
1492 1956 1815 2034 acquievit
1853 1957 1945 2014 eis
1993 1956 2072 2016 ad
2116 1954 2379 2017 idolola-

889 2055 1075 2116 triam
1123 2054 1536 2116 exercendam
1579 2070 1592 2114 :
1631 2061 1696 2115 et
1743 2053 1830 2115 ita
1875 2052 2128 2115 videtur
2178 2052 2379 2115 fuisse

888 2152 1137 2216 occulte
1165 2150 1498 2234 superbuS,
1525 2170 1636 2213 seu
1664 2172 1700 2213 a
1723 2151 1935 2213 stabili
1959 2150 2376 2214 fundamento

890 2250 1198 2313 virtutum
1229 2257 1290 2311 et
1330 2249 1548 2329 gratiae
1577 2248 1850 2325 alienus,
1886 2250 2034 2331 quia
2076 2258 2203 2311 tam
2250 2251 2375 2313 cito

889 2358 949 2412 et
999 2348 1190 2412 facile
1237 2356 1330 2410 est
1368 2349 1692 2429 deceptuS‚
1729 2356 1985 2428 tamque
2030 2348 2376 2410 enormiter

890 2447 1128 2530 lapsus.
1154 2450 1238 2509 Et
1267 2449 1756 2525 dereliquerunt
1780 2450 2084 2524 templum
2109 2448 2378 2507 Domini

889 2548 1011 2607 Dei
1047 2556 1316 2623 patrum
1357 2564 1645 2615 suorum,
1686 2546 2175 2622 servieruntque
2214 2547 2377 2604 lucis

887 2654 944 2711 et
989 2644 1420 2720 sculptilibus,
1475 2644 1562 2701 Et
1610 2645 1786 2721 facta
1836 2651 1924 2701 est
1975 2646 2078 2702 ira
2106 2643 2379 2703 Domini

885 2750 1111 2801 contra
1150 2742 1394 2801 Judam
1444 2748 1501 2799 et
1538 2742 1920 2808 Jerusalem,
1954 2750 2216 2817 propter
2264 2743 2377 2799 hoc

877 2848 1232 2915 peccatum.
1290 2839 1713 2917 M'ttebatque
1751 2839 1841 2897 eis
1883 2840 2260 2916 Prophetas,
2304 2847 2375 2898 ut

885 2946 1358 2997 reverterentur
1407 2938 1494 2995 ad
1541 2938 1922 3005 Dominum,
1971 2957 2126 3016 quos
2168 2947 2375 3013 prote-

883 3044 1123 3095 stantes
1153 3037 1262 3094 illi
1291 3037 1526 3095 audire
1556 3038 1874 3096 nolebant.

965 3136 1258 3210 Spiritus
1295 3135 1514 3212 itaque
1544 3134 1665 3193 Dei
1703 3134 1924 3193 induit
1955 3136 2372 3204 Zachariam,

881 3233 1104 3309 filium
1139 3234 1411 3301 Joiadae,
1458 3234 1840 3291 sacerdotem
1887 3251 2209 3293 summum
2246 3250 2259 3293 :
2307 3232 2369 3295 id

883 3338 1000 3406 est,
1035 3329 1306 3412 Spiritus
1338 3328 1601 3391 Sanctus
1629 3329 1973 3410 assumpsit
2001 3328 2124 3391 sibi
2155 3349 2373 3411 perso-

884 3446 1031 3489 nam
1061 3428 1223 3490 hanc
1252 3426 1626 3507 elegantem,
1659 3427 1738 3487 ad
1777 3427 2082 3489 utendum
2123 3447 2200 3489 eo
2236 3437 2372 3490 tan-

884 3545 1074 3608 quam
1107 3526 1552 3599 instrumento‚
1586 3534 1648 3587 et
1689 3525 1768 3586 ad
1820 3525 2210 3606 loquendum
2259 3546 2371 3608 per

881 3642 1027 3685 eum
1055 3647 1069 3698 3
1100 3635 1159 3685 et
1195 3626 1366 3683 stetit
1407 3625 1480 3682 in
1526 3631 1857 3700 conspectu
1879 3626 2135 3700 populi,
2173 3624 2235 3685 id
2274 3633 2371 3686 est

882 3721 948 3783 in
979 3721 1216 3804 templo
1237 3740 1448 3784 coram
1473 3737 1617 3800 rege
1637 3729 1700 3783 et
1720 3720 2122 3804 principibus
2148 3742 2223 3786 ac
2247 3722 2372 3787 fre

880 3820 1140 3902 quentia
1170 3820 1415 3903 populi,
1447 3830 1506 3879 et
1533 3822 1711 3881 dimit
1741 3822 1874 3880 eis:
1895 3824 2050 3883 Hoec
2071 3825 2234 3882 dicit
2254 3827 2373 3884 Do-

879 3922 1100 3980 minus
1128 3923 1298 3981 Deus
1327 3941 1350 3978 .·
1383 3922 1596 3989 Quare
1630 3921 2168 3995 transyredimini
2200 3942 2369 3998 prae-

877 4027 1128 4095 ceptum
1151 4020 1438 4089 Domini,
1475 4017 1897 4080 idololatriam
1942 4018 2364 4099 prohibentiS‚

877 4120 1048 4195 quod
1095 4119 1265 4176 vobis
1303 4136 1432 4176 non
1475 4118 1788 4192 proderit,
1835 4125 1892 4175 et
1934 4120 2371 4198 dereliquistis

2487 1953 2751 2030 habenS,
2786 1954 2849 2015 in
2882 1954 3091 2017 medio
3110 1953 3401 2017 rationali
3434 1954 3599 2018 inter
3624 1955 3785 2017 alias
3802 1972 3973 2036 gem-

2486 2072 2623 2114 mas
2667 2054 2785 2115 sita
2820 2070 2833 2114 :
2868 2054 3052 2134 cujus
3094 2053 3328 2129 radius,
3359 2053 3759 2135 mutatioque
3804 2053 3973 2117 colo-

2488 2151 2597 2228 ris,
2649 2152 2900 2232 signum
2942 2160 3077 2214 erat
3116 2151 3352 2215 divinae
3392 2152 3865 2233 propitiationis
3914 2161 3973 2215 et

2488 2250 2925 2312 subventionis
2956 2270 3066 2313 seu
3098 2250 3541 2313 exauditionis.

2564 2348 3037 2428 Consequenter
3067 2356 3378 2425 narratur,
3408 2368 3595 2430 quam
3626 2349 3753 2412 cito
3784 2358 3849 2412 et
3880 2368 3977 2412 co-

2487 2446 2665 2527 piose
2693 2446 2894 2509 oratio
2924 2466 3033 2508 seu
3058 2448 3267 2528 potius
3297 2448 3627 2530 prophetia
3658 2448 3975 2511 Zachariae

2486 2554 2703 2607 contra
2732 2545 2873 2607 Joas
2903 2564 2975 2608 ac
2998 2546 3303 2627 populum
3328 2546 3411 2607 sit
3432 2546 3713 2627 impleta.
3737 2549 3977 2615 Quum·

2486 2664 2607 2721 que
2634 2648 2924 2704 evolutus
2954 2654 3107 2704 essct
3152 2664 3387 2715 annus,
3421 2647 3706 2705 ascendit
3746 2656 3975 2706 eontra

2484 2763 2632 2803 eum
2650 2746 2969 2803 exercitus
2998 2746 3235 2820 Syrice,
3270 2751 3329 2804 et
3369 2752 3798 2805 tractaverunt
3824 2762 3975 2805 eum

2484 2860 2558 2902 ac
2590 2840 2910 2922 principes
2932 2842 3072 2921 ejus
3103 2849 3165 2903 et
3206 2842 3537 2923 populum,
3564 2841 3730 2903 sicut
3752 2841 3819 2903 in
3842 2850 3979 2904 tex·

2488 2948 2576 3015 tu,
2622 2940 2731 3019 qui
2772 2940 3000 3021 planus
3040 2948 3154 3015 est,
3201 2938 3521 3003 recitatur.
3552 2942 3863 3019 Venitque
3904 2944 3975 3001 in

2409 3035 2452 3098 C
2482 3041 2723 3099 ludam
2758 3047 2817 3097 et
2845 3041 3226 3108 Jerusalem,
3260 3048 3320 3099 et
3350 3040 3675 3115 interfecit
3715 3048 3978 3099 cunctos

2474 3138 2805 3213 principes
2820 3155 2995 3215 popu
3005 3139 3067 3204 li,
3082 3147 3274 3217 atque
3294 3139 3661 3198 universam
3676 3140 3977 3214 pra’dam

2482 3235 2796 3295 miserunt
2816 3236 2955 3311 reyi
2972 3235 3042 3294 in
3061 3238 3459 3297 Damascum.
3478 3238 3559 3297 E't
3578 3246 3756 3304 certe.
3772 3257 3979 3315 quum

2476 3334 2879 3408 permodicus
2896 3334 3156 3393 venisset
3174 3352 3264 3393 nu
3272 3354 3481 3393 merus
3496 3337 3831 3411 Syrorum.
3846 3344 3977 3395 tra—

2478 3431 2653 3490 didit
2682 3432 2999 3491 Dominus
3032 3432 3103 3491 in
3140 3433 3440 3491 manibus
3478 3452 3701 3491 eorum
3745 3434 3977 3509 infini-

2483 3537 2613 3587 tam
2646 3530 3161 3599 multitudinem,
3190 3550 3259 3588 eo
3283 3532 3453 3607 quod
3478 3532 3975 3609 dereliquissent

2480 3629 2828 3687 Dominum
2861 3630 3065 3687 Deum
3090 3638 3363 3704 patrum
3389 3648 3679 3690 suorum.
3703 3632 3787 3690 In
3816 3632 3973 3691 Joas

2479 3744 2725 3803 quoque
2752 3727 3187 3802 iynominiosa
3214 3746 3552 3787 exercuere
3564 3728 3859 3804 judicia.
3886 3732 3973 3791 Ε(

2478 3826 2800 3893 abeuntes,
2830 3825 3222 3884 dimiserunt
3260 3846 3408 3885 eum
3440 3828 3513 3884 in
3546 3828 3973 3902 lanquoribus

2483 3923 2734 3998 maqnis
2763 3942 2785 3981 .·
2816 3921 2878 3983 id
2908 3930 3024 3997 est,
3050 3941 3197 3984 eum
3228 3922 3648 3986 irreverenter
3668 3924 3975 4005 turpiter-

2481 4038 2603 4099 que
2651 4027 3081 4082 tractaverunt
3120 4040 3197 4083 ac
3240 4020 3517 4099 graviter
3562 4019 3967 4098 afflixerunt,

2480 4124 2793 4197 quatenus
2824 4118 2935 4198 qui
2975 4118 3093 4179 sibi
3128 4118 3380 4182 divinos
3402 4118 3692 4200 permisit
3710 4120 3973 4183 exhibe-

875 4216 1231 4275 Dominum
1263 4223 1333 4274 ut
1376 4216 1846 4291 derelinqueret
1875 4234 1982 4275 vos
2001 4218 2032 4275 ἕ
2066 4219 2194 4283 Qui
2229 4238 2368 4278 con·
2399 4220 2448 4281 D
2482 4217 2533 4276 ri
2562 4216 2857 4292 honoreS‚
2885 4224 3009 4279 tam
3032 4216 3344 4279 vilissime
3374 4236 3447 4279 ac
3476 4216 3828 4281 bestialiter
3852 4228 3973 4281 tra·

869 4314 1125 4388 9reyati
1172 4316 1478 4371 adversus
1525 4332 1694 4381 eum,
1737 4314 2053 4374 miserunt
2093 4317 2362 4391 lapides,

878 4408 942 4469 id
972 4417 1089 4484 est,
1104 4409 1468 4471 Zachariam
1493 4408 2177 4490 lapidaverunt.‚,7'uoeta
2196 4416 2365 4491 reyis

877 4507 1250 4583 imperium,
1275 4510 1346 4566 in
1371 4508 1562 4566 atriis
1589 4510 1816 4567 domus
1836 4511 2120 4576 Domini,
2146 4509 2365 4574 videli-

875 4612 976 4664 cet
1004 4603 1169 4666 inter
1199 4604 1504 4686 templum
1527 4613 1590 4667 et
1608 4604 1806 4667 altare
1828 4604 2356 4671 holocaustorum.

872 4704 960 4761 Et
990 4722 1118 4761 non
1147 4711 1237 4761 est
1266 4706 1634 4763 recordatus
1659 4706 1810 4765 Joas
1849 4725 1966 4763 reat
2007 4708 2363 4767 misericor-

873 4800 1024 4869 dioe,
1056 4820 1254 4878 quam
1281 4803 1519 4878 fecerat
1543 4804 1780 4861 Joiada
1804 4812 1994 4877 pater
2025 4806 2237 4874 illius,
2266 4814 2364 4867 ut-

873 4908 1022 4980 pote
1070 4898 1404 4976 Zachariae‚
1457 4922 1693 4970 secum,
1741 4909 1932 4982 prout
1975 4903 2358 4983 praecedenti

873 4996 1155 5079 capitulo
1212 5007 1305 5059 est
1365 4998 1754 5079 descriptum
1797 5022 1812 5072 ς
1869 5003 1980 5059 sed
2035 5002 2361 5080 interfecit

867 5096 1088 5171 filium
1131 5096 1275 5171 ejus
1329 5095 1770 5158 crudelissima
1827 5105 1888 5157 et
1937 5097 2357 5179 injustissima

869 5201 1094 5254 morte.
1129 5195 1256 5263 Qui
1292 5215 1494 5272 quum
1533 5204 1908 5265 moreretur,
1941 5197 2038 5255 ait
2068 5216 2092 5253 .·
2139 5198 2359 5257 Videat

866 5292 1211 5361 Dominus,
1239 5301 1298 5351 et
1327 5293 1640 5369 requirat,
1671 5290 1735 5352 id
1778 5300 1896 5368 est,
1931 5300 2168 5355 tantam
2198 5294 2361 5375 inju-

2478 4320 2774 4376 ctaretur.
2810 4317 3258 4375 Surreoeerunt
3296 4325 3513 4376 autem
3550 4326 3772 4376 contra
3814 4338 3969 4377 eum

2473 4415 2644 4472 servi
2668 4416 2776 4472 sui
2802 4416 2871 4472 in
2906 4416 3217 4474 ultionem
3248 4416 3593 4491 sanquinis
3622 4417 3965 4478 Zacharia’

2472 4514 2607 4587 filii
2634 4512 2881 4572 Joiadoe
2917 4515 3287 4582 sacerdotis,
3318 4523 3377 4574 et
3414 4515 3785 4574 occiderunt
3814 4536 3969 4575 eum

2474 4611 2541 4667 in
2580 4612 2803 4669 lectulo
2830 4630 2970 4680 sue,
2990 4620 3049 4669 et
3080 4622 3369 4672 mortuus
3398 4621 3507 4673 est.
3532 4614 3968 4689 &petierunt-

2472 4728 2593 4785 que
2637 4728 2782 4767 cam
2834 4710 2901 4767 in
2950 4710 3213 4770 civitate
3257 4713 3497 4781 David,
3544 4714 3656 4770 sed
3706 4730 3835 4770 non
3889 4714 3960 4771 in

2470 4806 2778 4881 sepulcris
2808 4809 3382 4881 requmJnsidiati
3412 4828 3556 4869 vero
3582 4818 3735 4869 sunt
3754 4810 3819 4867 ei
3847 4813 3965 4871 Za-

2470 4906 2627 4963 clzar
2663 4906 2846 4980 filius
2885 4908 3193 4967 Semaath,
3231 4908 3718 4978 Ammonitidis,
3759 4918 3821 4968 et
3856 4911 3965 4967 Jo-

2468 5003 2667 5060 sabad
2696 5003 2879 5078 filius
2908 5006 3235 5064 Semaritlz
3269 5006 3666 5064 Moabitidis.

2550 5103 2753 5160 Porro
2782 5103 2915 5177 fili-i
2935 5103 3094 5177 ejus,
3114 5122 3189 5162 ac
3206 5123 3461 5162 summa
3482 5105 3802 5180 pecunioe,
3814 5124 3961 5183 qum

2466 5201 2759 5257 adunata
2791 5200 3011 5276 fuerat
3038 5203 3154 5260 sub
3185 5220 3252 5259 co
3286 5199 3350 5261 in
3393 5201 3653 5282 praefata
3692 5201 3959 5264 oblatio-

2468 5314 2571 5367 ne,
2602 5305 2661 5356 el
2690 5298 3082 5358 instauratio
3110 5302 3338 5359 domus
3366 5301 3510 5371 Dei,
3532 5302 3775 5377 scripta
3800 5311 3957 5361 sunt

4055 1188 4149 1229 Hier.
4164 1190 4197 1229 in

3992 1250 4202 1293 xuthon.

4042 1315 4173 1355 Mutii.

2488 1361 2574 1425 lio
2605 1362 2887 1444 loquitur
2920 1363 3229 1425 ChristuS.
3265 1363 3353 1424 Ex
3398 1362 3511 1425 illo
3550 1371 3857 1445 tempore,
3904 1370 3969 1425 ut
3994 1380 4159 1425 1¹:12.ss-
