4309 6259
1178 526 1525 573 manuario
1568 527 1628 572 ιΝ
1672 527 1807 572 car.
1856 525 2047 571 xxxiv
2086 525 2214 570 son.
2263 545 2341 554 -—
2381 527 2522 572 aar.
2571 527 2693 572 mm
3353 509 3470 571 673

70 713 97 754 ιι
110 713 347 765 aequm
382 696 501 758 Sed
534 697 689 778 quia
718 697 857 779 ipse
877 697 1074 758 David
1108 697 1296 778 culpa
1327 697 1393 758 in
1425 698 1545 759 hoc
1578 696 1717 776 ipso
1750 715 1875 758 non
1906 693 1958 756 A
1988 713 2181 772 rasse,
2203 697 2311 758 sed
2346 695 2536 759 fortia
2555 697 2840 776 quaedam
2871 695 3128 772 dixisse,
3165 704 3234 757 ut
3263 697 3342 758 de
3379 695 3474 777 ip-

72 778 131 814 1⁸3.

94 910 213 951 ibid.
250 912 323 950 Π.

101 4742 239 4786 Eecli.
256 4755 347 4790 xxi.

147 4809 161 4832 ὓ

376 794 607 870 caruit,
670 814 816 856 nam
874 795 1234 858 voluntarie
1294 795 1669 877 superbiens
1730 793 1873 870 fuit,

377 892 529 956 hine
570 901 635 954 et
666 893 804 974 ipse
838 892 1105 974 punitus
1136 900 1230 955 est
1267 911 1281 954 :
1315 892 1467 974 quia
1508 893 1737 954 intimo
1768 893 1877 955 do-

376 990 511 1053 lore
554 999 751 1072 atque
801 989 1047 1070 ingenti
1101 989 1326 1053 timore
1373 991 1667 1071 angelum
1711 990 1876 1052 intu-

372 1091 561 1166 endo,
598 1098 663 1152 et
694 1089 917 1171 populi
950 1089 1048 1151 sui
1082 1090 1331 1170 plagam
1378 1090 1715 1164 cernendo,
1753 1089 1875 1150 fuit

372 1197 751 1270 prostratuS.
789 1189 909 1251 Sed
942 1189 1095 1270 quia
1125 1196 1400 1251 rectores
1441 1188 1679 1251 habent
1705 1187 1874 1267 judi-

369 1307 511 1350 cem
543 1307 755 1364 suum,
781 1307 1013 1368 magna
1043 1286 1288 1350 cautela
1318 1296 1414 1349 est
1444 1287 1867 1362 subditorum,

370 1404 501 1448 non
536 1393 776 1449 temere
806 1386 1093 1465 judicare
1126 1386 1322 1447 vitam
1355 1386 1735 1465 regentium,
1761 1386 1871 1448 sed

370 1484 701 1566 propriam
734 1483 1184 1546 infirmitatem
1225 1483 1615 1546 incessanter
1652 1502 1871 1565 pensa·

370 1599 461 1642 re.
499 1580 679 1662 Saepe
708 1581 947 1642 etenim
981 1580 1132 1660 quia
1164 1581 1241 1642 de
1275 1580 1461 1642 nobis
1489 1580 1647 1662 ipsis
1680 1579 1870 1642 l'ortia

370 1678 717 1754 creditum,
755 1677 1049 1760 praelatos
1091 1685 1343 1741 nostros
1384 1679 1671 1741 districte
1701 1678 1870 1758 judi-

370 1796 605 1839 camus
623 1777 755 1850 Quo
776 1777 949 1840 enim
973 1796 1089 1840 nos
1123 1776 1295 1858 ipsos
1317 1777 1531 1839 minus
1551 1779 1869 1856 cognosci-

1987 812 2057 854 sa
2099 794 2516 874 inquisitione
2559 795 2942 858 laudentur:
2979 794 3090 876 qui
3135 802 3346 856 tamen
3395 794 3474 856 de

1984 911 2198 955 errore
2227 892 2405 972 argui
2437 902 2879 974 aspernantur,
2913 894 3062 955 dum
3094 911 3338 955 errasse
3369 910 3476 954 no-

1983 999 2276 1053 scuntur.

2064 1091 2409 1170 Numquid
2436 1111 2478 1150 a
2508 1101 2565 1151 te
2585 1094 2754 1152 Deus
2781 1091 3022 1168 empetit
3049 1092 3238 1150 eam?
3258 1088 3322 1150 id
3352 1096 3467 1164 est,

1983 1187 2035 1248 si
2068 1186 2808 1268 loquendoiniquitatem
2844 1187 3102 1263 incurri,
3123 1186 3288 1250 hanc
3309 1187 3473 1248 Deus

1980 1287 2270 1366 exquiret
2300 1305 2335 1348 a
2363 1305 2488 1363 me,
2525 1306 2652 1350 non
2682 1306 2719 1348 a
2749 1295 2810 1348 te
2837 1303 2850 1347 ε
2876 1285 3179 1366 quoniam
3208 1303 3324 1365 ego
3359 1304 3472 1366 pro

1979 1402 2053 1446 ea
2075 1384 2383 1447 rationem
2416 1386 2566 1447 dare
2587 1394 2650 1447 et
2671 1403 2922 1466 poenam
2955 1385 3199 1466 perpeti
3233 1384 3468 1464 exigar,

1982 1500 2108 1544 non
2138 1491 2205 1544 tu
2233 1507 2248 1555 ς
2290 1485 2450 1562 quia
2476 1485 2818 1560 displicuit
2851 1485 2968 1544 tibi
2996 1483 3302 1564 iniquitas
3332 1501 3474 1545 mea

1980 1580 2081 1642 vel
2112 1600 2320 1644 sermo
2353 1601 2554 1644 meus.
2578 1582 2722 1646 Ideo
2742 1600 2859 1663 pro
2891 1600 3033 1644 meo
3065 1590 3322 1664 peccato
3343 1599 3470 1644 non

1980 1679 2266 1761 punieris
2303 1697 2316 1740 :
2355 1680 2519 1742 sicut
2553 1680 2924 1762 frequenter
2965 1699 3129 1742 unus
3174 1679 3251 1742 fit
3281 1679 3473 1760 parti-

1977 1796 2127 1858 ceps
2158 1778 2364 1860 culpae
2402 1778 2664 1840 alterius
2707 1799 2821 1860 per
2861 1796 3243 1840 consensum
3288 1777 3366 1838 ad
3399 1777 3472 1838 il-

374 1895 539 1951 muS,
573 1893 649 1938 eo
680 1874 827 1938 illos
867 1893 1030 1956 quos
1072 1876 1536 1958 reprehendere
1576 1876 1862 1952 nitimur,
1902 1872 1949 1933 B
1979 1874 2127 1936 lam.
2163 1874 2350 1948 Quasi
2382 1876 2551 1938 dicat
2585 1894 2600 1936 ε
2635 1876 2770 1938 Non
2796 1876 2990 1938 debes
3019 1876 3098 1938 de
3127 1875 3468 1938 verborum

372 1973 519 2054 plus
570 1974 886 2036 videmus,
926 1973 1067 2036 Haec
1116 1982 1309 2054 atque
1359 1974 1596 2036 similia
1641 1975 1864 2050 multa,

369 2071 641 2152 pulchra
678 2090 751 2132 ac
793 2071 975 2133 valde
1005 2071 1211 2148 utilia,
1246 2072 1419 2136 eirca
1452 2072 1621 2134 bunc
1658 2073 1865 2136 locum

368 2169 597 2258 scribit
624 2169 963 2250 Gregorius
1003 2171 1082 2232 de
1122 2170 1243 2246 his,
1277 2190 1419 2250 quae
1458 2170 1868 2252 praesidentes

368 2267 791 2348 subditosque
822 2277 1241 2344 concernunt,
1276 2277 1339 2331 et
1377 2270 1696 2350 quomodo
1726 2268 1869 2349 qui-

368 2366 531 2429 libet
575 2385 795 2428 eorum
838 2367 921 2428 'de
964 2385 1032 2429 se
1065 2367 1205 2448 ipso
1239 2366 1569 2430 humiliter
1598 2367 1871 2429 aestima-

368 2484 437 2526 re
480 2473 545 2526 et
574 2465 652 2526 ad
683 2463 883 2525 alium
930 2464 1165 2526 habere
1206 2484 1272 2527 se
1312 2465 1539 2527 debeat
1575 2483 1589 2526 τ
1626 2485 1767 2546 quae
1802 2465 1866 2527 in

368 2561 677 2640 Gregorio
707 2563 1141 2644 requirantur.

451 2661 801 2737 Postremo,
838 2660 981 2722 Eliu
1016 2660 1161 2724 ideo
1192 2661 1457 2723 verbum
1491 2662 1658 2723 istud
1694 2661 1871 2722 indu-

372 2759 485 2834 xit,
510 2766 580 2820 ut
614 2758 969 2821 insinuaret
991 2759 1203 2840 ipsum
1223 2759 1339 2821 101)
1362 2759 1561 2821 luisse
1584 2759 1871 2841 hypocri-

372 2865 526 2932 tam,
562 2864 627 2918 et
660 2865 920 2938 propter
950 2856 1173 2938 populi
1208 2856 1307 2918 sui
1339 2865 1617 2939 peccata,
1652 2857 1869 2920 divina

374 2953 803 3035 permissione
834 2972 1152 3034 regnasse.

1976 1991 2265 2036 meorum
2307 1974 2754 2056 prosecutione
2797 1973 3066 2048 turbari,
3101 1972 3253 2053 quia
3295 1972 3347 2033 si
3400 1972 3466 2033 in

1976 2070 2067 2134 eis
2114 2073 2374 2149 exced0,
2421 2081 2670 2152 egomet
2718 2072 2969 2154 puniar.
3017 2071 3466 2152 Unusquisque
3521 2093 3758 2145 Romam,

1975 2169 2172 2246 enim,
2208 2179 2366 2232 teste
2395 2171 2718 2251 Apostolo,
2747 2189 2861 2252 pro
2891 2189 2958 2232 se
2981 2171 3121 2252 ipso
3155 2168 3464 2232 rationem
3501 2157 3562 2199 ¹²·

1976 2270 2220 2332 reddet.
2265 2271 2357 2331 Ad
2397 2270 2569 2350 quod
2609 2270 2872 2352 insuper
2917 2269 3111 2332 aliam
3153 2269 3464 2331 rationem

1976 2368 2234 2430 adducit
2265 2385 2279 2429 :
2311 2373 2408 2430 Tu
2433 2371 2609 2428 enim
2637 2371 2885 2446 coepisti
2913 2370 3112 2448 loqui,
3133 2367 3195 2430 id
3226 2376 3338 2444 est,
3363 2385 3469 2430 oe·-

1974 2465 2296 2529 casionem
2326 2467 2476 2528 huic
2508 2466 2924 2548 disputationi
2962 2466 3220 2542 dedisti,
3251 2465 3468 2528 dicen-

1977 2565 2079 2638 do,
2117 2563 2334 2626 Pereat
2373 2565 2510 2625 dies
2541 2565 2606 2624 in
2647 2582 2774 2644 qua
2805 2571 2990 2625 natus
3029 2583 3192 2639 sum,
3226 2573 3375 2640 etc.‚
3406 2574 3466 2624 et
3539 2585 3704 2636 10⁶1...
3737 2589 3759 2626 a

1976 2682 2105 2722 non
2137 2682 2269 2738 ‘'90-
2303 2661 2430 2724 Hoc
2462 2662 2652 2724 etiam
2685 2661 2827 2723 Eliu
2856 2661 2965 2738 ait,
3002 2661 3304 2742 quoniam
3335 2662 3469 2725 cul·
3495 2653 3537 2691 ‘³‘
3558 2659 3651 2702 ⁸²⁹·

1978 2759 2324 2840 pabiliores
2370 2779 2510 2822 esse
2551 2758 2756 2822 solent
2795 2759 2906 2840 qui
2947 2759 3014 2820 in
3053 2760 3471 2824 contentioni-

1977 2856 2097 2918 bus
2130 2857 2454 2933 inchoant,
2490 2876 2684 2937 quam
2715 2857 2823 2937 qui
2857 2858 3262 2938 respondent.
3291 2861 3472 2928 Quod

1975 2957 2034 3014 si
2062 2957 2226 3032 quid
2257 2958 2488 3015 melius
2517 2958 2712 3024 nosti,
2748 2959 2997 3034 loquere
3029 2973 3052 3016 .·
3089 2957 3256 3036 quod
3288 2955 3466 3032 dicit,

450 3051 936 3132 Consequenter
990 3052 1341 3134 alloquitur
1388 3061 1679 3116 sanctum
1726 3053 1863 3117 101).
1897 3057 1940 3120 C
1979 3071 2106 3115 non
2140 3054 2422 3134 putando
2454 3053 2624 3132 quod
2644 3052 2761 3116 101)
2790 3052 3035 3134 aliquid
3069 3053 3298 3116 melius
3329 3054 3471 3135 ipso

374 3152 545 3218 Quia
584 3171 733 3228 erqo
785 3154 1033 3211 locutus
1078 3171 1244 3223 sum,
1291 3150 1620 3232 probando
1669 3151 1871 3214 inten-

372 3257 531 3324 tum,
568 3251 657 3308 ad
682 3252 916 3319 Deum,
952 3248 1014 3310 id
1048 3256 1145 3310 est
1183 3249 1261 3310 ad
1294 3249 1495 3330 ipsius
1535 3249 1865 3326 honorem,

369 3355 565 3427 atque
596 3345 881 3409 finaliter
912 3354 1162 3428 propter
1182 3366 1343 3423 eum,
1360 3349 1438 3410 ad
1471 3367 1660 3429 quem
1683 3348 1869 3411 etiam

370 3443 718 3526 aliquando
750 3443 954 3506 direxi
984 3463 1363 3520 sermonem,
1389 3456 1443 3506 te
1463 3466 1711 3526 quoque
1740 3467 1869 3508 non

365 3545 675 3622 prohibeo
707 3542 909 3623 loqui.
945 3542 1415 3624 Disputantium
1448 3544 1619 3607 enim
1651 3553 1768 3622 est,
1803 3564 1872 3608 se

374 3641 653 3704 invicem
682 3640 925 3704 audire.
945 3645 1025 3704 Si
1053 3645 1295 3714 erravi,
1317 3651 1387 3702 tu
1406 3647 1557 3706 doce
1580 3665 1697 3704 me.
1716 3644 1871 3707 Con-

372 3739 778 3821 disputantes
827 3739 1063 3802 etenim
1126 3741 1368 3804 dociles
1424 3759 1564 3802 esse
1609 3741 1865 3816 debent,

374 3857 505 3901 non
537 3837 919 3920 pertinaces
954 3838 1098 3901 ldeo
1130 3839 1182 3900 si
1218 3858 1381 3901 unus
1412 3839 1538 3902 alio
1569 3840 1723 3920 quid
1746 3859 1872 3902 me-

373 3936 499 3998 lius
551 3937 753 4012 novit,
808 3936 968 3998 alter
1024 3937 1427 4017 acquiescere
1483 3937 1693 4001 debet.
1747 3939 1869 4000 Nec

372 4042 637 4117 propter
667 4031 1003 4098 victoriam
1032 4043 1143 4097 aut
1174 4034 1427 4098 laudem
1461 4035 1738 4113 inanem,
1759 4037 1869 4098 sed

372 4139 633 4214 propter
672 4131 961 4194 veritatis
1001 4132 1293 4195 notitiam
1335 4142 1395 4196 et
1437 4133 1692 4196 virtutis
1731 4152 1872 4215 pro-

1978 3151 2191 3227 sciret,
2229 3152 2337 3213 sed
2370 3159 2440 3212 ut
2470 3169 2614 3213 eum
2647 3151 2850 3230 magis
2879 3151 3472 3215 confunderet.1mo

1978 3250 2057 3312 ad
2100 3250 2564 3312 ostendendum
2607 3248 3048 3330 insipientiam
3088 3250 3290 3312 sancti
3330 3248 3466 3326 101),

1979 3347 2253 3430 superbe
2280 3366 2426 3410 mox
2456 3347 2670 3410 subdit
2706 3363 2720 3406 :

2077 3449 2218 3508 Viri
2247 3448 2673 3523 intelligentes
2709 3450 3064 3523 loquantur
3099 3448 3289 3516 mihi,
3321 3446 3472 3526 quia

1979 3546 2135 3608 'tales
2178 3546 2504 3606 dumtaxat
2544 3543 2721 3623 digni
2757 3551 2820 3606 et
2863 3542 2998 3624 apti
3037 3553 3187 3605 sunt
3221 3562 3472 3606 mecum

1978 3642 2272 3706 conferre
2303 3652 2365 3706 et
2385 3642 2741 3723 disputare3
2765 3651 2824 3701 et
2847 3643 2946 3700 vir
2963 3644 3219 3718 sapiens
3237 3644 3473 3703 audiat

1979 3762 2099 3812 me,
2132 3741 2285 3821 quia
2337 3739 2479 3802 talis
2520 3739 2726 3802 solum
2767 3758 2966 3820 capax
3006 3746 3101 3801 est
3140 3738 3472 3802 sententiaa

1980 3840 2321 3902 verborum
2363 3857 2673 3901 meorum.
2709 3837 2895 3910 Quasi
2936 3836 3106 3899 dicat
3141 3854 3155 3898 τ
3191 3837 3312 3898 lste
3354 3836 3471 3899 101)

1979 3945 2237 4018 propter
2289 3936 2614 4016 passiones
2664 3943 2728 3998 et
2777 3934 2932 3997 vitia
2979 3954 3113 4010 sua,
3169 3933 3469 4012 indignus

1978 4044 2073 4098 est
2103 4055 2205 4097 me
2250 4034 2489 4116 alloqui
2531 4043 2594 4096 et
2631 4033 2874 4096 audire.
2919 4032 3076 4096 Hinc
3119 4032 3414 4096 subditur
3449 4049 3464 4094 :

1976 4137 2091 4195 Job
2119 4143 2337 4194 autem
2363 4137 2554 4194 stulte
2587 4137 2835 4192 locutus
2862 4141 2952 4191 esc
2973 4153 2996 4191 .·
3027 4150 3226 4213 quum
3253 4140 3465 4193 tamen

373 4229 616 4294 fectum
657 4230 1005 4312 disputatio
1051 4229 1197 4294 fieri
1237 4232 1427 4294 debet
1470 4252 1545 4295 ex
1584 4232 1865 4295 caritate.
1902 4239 1950 4298 D
1977 4232 2108 4313 Jam
2140 4231 2382 4293 dictum
2406 4231 2509 4307 sit,
2535 4231 2601 4292 ln
2632 4229 2932 4293 omnibus
2962 4230 3063 4291 his
3097 4248 3223 4293 non
3257 4245 3469 4310 pecca·
3525 4246 3758 4298 mmmm

372 4332 453 4391 Si
482 4331 905 4408 iniquitatem
948 4333 1195 4390 locutus
1230 4351 1397 4402 sum,
1432 4330 1495 4392 id
1541 4339 1637 4393 est
1680 4332 1872 4393 verba

376 4427 623 4509 iniqua,
668 4431 847 4488 ultra
892 4448 1021 4488 non
1067 4430 1311 4489 addam
1341 4447 1364 4489 .·
1394 4428 1547 4509 quia
1595 4429 1872 4511 peccatis

375 4525 719 4608 praeteritis
758 4543 888 4587 non
918 4533 1069 4587 sunt
1109 4544 1273 4589 nova
1305 4528 1619 4605 addenda,
1656 4528 1763 4590 sed
1794 4529 1873 4591 de

377 4623 509 4685 illis
557 4620 929 4700 dolendum,
973 4631 1037 4685 et
1086 4624 1165 4686 de
1214 4623 1447 4686 futuris
1494 4627 1868 4704 cavendum,

380 4720 733 4783 secundum
776 4719 937 4782 illud
966 4720 1393 4784 Ecclesiastici
1431 4739 1444 4783 ε
1480 4722 1623 4798 Fili,
1657 4743 1876 4804 pecca-

380 4818 500 4880 stit
524 4837 603 4880 ne
626 4817 891 4899 adjicias
916 4818 1169 4895 iterum,
1196 4820 1307 4881 sed
1338 4828 1401 4881 et
1430 4821 1509 4882 de
1538 4820 1874 4902 praeteritis

378 4917 745 4997 deprecare,
780 4925 853 4978 ut
896 4915 1016 4978 tibi
1058 4917 1482 4994 dimittantur,
1514 4926 1578 4980 et
1621 4919 1805 4999 quasi
1839 4938 1876 4981 a

381 5011 548 5080 facie
578 5013 830 5077 colubri
862 5014 1015 5095 fuge
1045 5025 1325 5097 peccata.
1349 5017 1653 5080 Praeterea
1672 5017 1875 5097 (juxta

378 5111 785 5194 Gregorium)
832 5114 1225 5177 consuetudo
1272 5115 1703 5193 arrogantium
1755 5124 1871 5191 est,

382 5217 535 5274 tunc
564 5211 890 5274 auditores
932 5212 1013 5274 de
1043 5211 1382 5274 verborum
1422 5231 1681 5276 suorum
1713 5232 1879 5276 erro·

380 5327 451 5371 re
480 5309 829 5391 inquirere,
885 5328 1085 5391 quum
1134 5329 1203 5372 se
1252 5310 1549 5373 noverint
1602 5328 1731 5374 non
1783 5329 1880 5372 er-

631 5441 695 5492 T.
731 5442 781 5492 4.

1982 4329 2073 4392 vit
2100 4329 2217 4391 101)
2251 4328 2438 4390 labiis
2479 4327 2633 4405 suiS‚
2669 4346 2785 4391 nec
2825 4327 3090 4389 stultum
3131 4327 3288 4409 quid
3319 4345 3470 4389 con·
3495 4325 3540 4360 ¹¹·
3565 4313 3628 4352 ¹⁰·

1983 4434 2077 4490 tra
2108 4428 2305 4489 Deum
2345 4426 2594 4489 locutus
2627 4434 2743 4489 est.
2781 4429 2866 4488 Ec
2895 4427 3084 4486 verba
3123 4427 3307 4486 illius
3338 4445 3468 4486 non

1979 4536 2214 4587 sonant
2251 4527 2699 4602 disciplinam,
2733 4524 2798 4586 id
2845 4531 2962 4600 est,
3009 4542 3136 4585 non
3187 4522 3472 4586 indicant

1982 4644 2128 4688 eum
2171 4623 2501 4696 moralem,
2539 4622 2956 4685 reformatum
3001 4630 3064 4685 et
3108 4621 3474 4702 disciplina-

1986 4733 2141 4799 tum,
2179 4741 2296 4785 nec
2326 4721 2656 4784 continent
2685 4740 2900 4783 veram
2932 4721 3321 4783 doctrinam:
3345 4719 3474 4781 imo

1982 4821 2346 4897 ostendunt,
2390 4821 2559 4900 quod
2611 4819 2694 4881 sit
2743 4820 2999 4901 penitus
3046 4817 3338 4881 vitiosus,
3384 4816 3478 4878 Si·

1984 4918 2246 4999 quidem
2285 4918 2501 4980 minus
2540 4917 2716 4992 dicit,
2761 4926 2823 4979 et
2871 4915 3074 4996 magis
3123 4914 3471 4993 significat.

1984 5017 2051 5078 ln
2084 5017 2320 5096 quibus
2353 5014 2568 5079 verbis
2603 5033 2822 5076 rursus
2851 5013 2996 5075 Eliu
3036 5011 3478 5094 praesumptio-

1986 5133 2131 5176 nem
2163 5132 2342 5175 suam
2363 5111 2918 5192 arrogantiamque
2939 5110 3346 5173 demonstrat.
3367 5109 3478 5170 Ve-

1988 5220 2342 5273 rumtamen
2375 5219 2840 5291 consequenter
2861 5208 3066 5270 zelum
3097 5205 3207 5270 Dei
3239 5207 3476 5270 habere

1986 5329 2053 5372 se
2082 5309 2364 5371 simulat.

3161 5439 3224 5489 43
