4309 6259
867 520 985 582 614

1664 533 2011 580 ENARRATIO
2054 533 2115 577 m
2159 533 2295 578 cAP.
2342 530 2536 578 xxvul
2575 530 2702 575 1013.
2747 549 2828 559 —
2867 529 3010 575 Am.
3057 529 3152 574 le

868 706 1177 791 pientiam
1230 704 1480 767 cunctis
1540 704 1977 787 corporalibus
2026 704 2239 779 rebuS,
2293 710 2354 763 et
2383 701 2432 763 A
2468 720 2666 777 mum,
2701 698 2931 763 deinde
2962 708 3315 780 argentum,
3353 706 3570 781 postea
3601 716 3686 760 aes
3723 704 3786 759 et
3827 695 3959 759 fer-

866 812 1177 889 quantum
1210 804 1287 866 ad
1319 804 1656 883 originem,
1682 812 1743 865 et
1773 812 2082 884 quantum
2108 803 2184 864 ad
2219 820 2357 883 pre-

862 904 1231 969 tiositatem.
1264 902 1422 965 Hinc
1454 902 1661 983 primo
1692 902 1991 977 ostendit,
2012 902 2183 982 quod
2213 918 2356 981 quae

864 1003 933 1064 in
982 998 1420 1082 corporalibus
1469 1000 1658 1062 rebus
1704 1000 1984 1082 pretiosa
2032 998 2351 1074 videntur,

866 1100 1105 1163 habent
1135 1099 1199 1160 in
1232 1098 1421 1161 certis
1451 1098 1607 1161 locis
1637 1098 1973 1178 originem.
1996 1096 2102 1157 His
2134 1114 2358 1158 conso-

868 1207 978 1263 nat
1034 1198 1205 1279 quod
1263 1196 1464 1278 aliqui
1520 1195 1763 1272 dicunt,
1814 1194 1967 1277 quia
2019 1204 2356 1276 postquam

867 1297 1144 1361 ostendit
1180 1295 1296 1358 Job
1341 1313 1468 1358 non
1516 1296 1813 1358 indecens
1854 1313 1991 1357 esse
2023 1292 2359 1374 providen-

866 1397 971 1459 tiae
1022 1395 1278 1471 divium,
1326 1394 1436 1456 sed
1486 1394 1739 1470 decenS,
1794 1393 1962 1474 quod
2012 1391 2356 1473 aliquando

868 1494 1053 1578 impii
1096 1492 1530 1574 temporaliter
1575 1493 1639 1553 in
1680 1492 1801 1555 hoc
1837 1491 2067 1554 saeculo
2098 1510 2358 1573 prospe-

869 1602 1110 1669 rantur,
1147 1591 1395 1653 ratione
1423 1599 1684 1672 accepta
1724 1609 1799 1652 ex
1837 1589 2147 1673 parvitate
2179 1586 2352 1663 boni,

867 1700 1022 1775 puta
1042 1690 1435 1772 temporaliS‚
1471 1688 1796 1751 sensibilis
1826 1697 1888 1751 et
1918 1688 2163 1763 caduci,
2188 1688 2356 1768 quod

866 1812 903 1854 a
934 1791 1059 1853 Deo
1100 1788 1494 1866 sortiuntur3
1537 1807 1708 1849 nunc
1754 1788 1919 1849 idem
1964 1785 2242 1848 ostendit
2283 1805 2358 1847 ex

2465 820 2630 862 rum.
2673 799 2955 881 Insuper,
2999 800 3349 861 secundum
3399 796 3704 879 majorem
3751 794 3960 857 mino-

2466 917 2680 961 remve
2735 898 3098 980 puritatem,
3162 896 3419 960 metalla
3475 904 3544 957 ut
3601 895 3956 977 plurimum

2462 998 2698 1060 habent
2729 997 3042 1061 diversam
3075 996 3400 1077 originem.
3417 995 3592 1057 L'nde
3617 1002 3956 1075 argentum

2464 1095 2887 1159 communiter
2927 1094 3252 1158 invenitur
3303 1094 3367 1155 in
3413 1092 3794 1175 quibusdam
3839 1101 3958 1155 ter-

2468 1214 2551 1257 rae
2593 1201 2702 1255 aut
2745 1193 3028 1277 lapidum
3073 1193 3252 1257 venis
3300 1212 3411 1255 seu
3455 1192 3792 1267 meatibuS‚
3837 1194 3954 1272 qui

2465 1313 2580 1375 per
2623 1292 2902 1355 laborem
2948 1291 3356 1373 studiumque
3395 1290 3800 1372 reperiuntur
3837 1290 3958 1351 hu-

2465 1410 2747 1467 manum,
2781 1390 3075 1471 quamvis
3123 1388 3503 1453 difficulter.
3547 1389 3762 1470 Itaque
3807 1388 3950 1451 ait:

2465 1490 2663 1552 Habet
2706 1498 3034 1568 argentum
3076 1508 3380 1554 venarum
3420 1508 3676 1551 suarum
3725 1488 3958 1569 princi-

2467 1588 2594 1671 pia,
2640 1588 2702 1651 id
2753 1598 2847 1651 est
2897 1588 3174 1669 origines
3223 1608 3330 1650 seu
3384 1587 3664 1665 exordia,
3711 1586 3958 1650 scilicet

2469 1688 2533 1749 in
2575 1688 2899 1769 aliquibus
2937 1687 3091 1750 locis
3120 1686 3580 1761 determinatiS,
3615 1705 3689 1749 ex
3719 1685 3956 1766 quibus

2469 1787 2873 1849 resolvuntur
2901 1804 3169 1867 vapores
3202 1786 3334 1868 apti
3365 1786 3443 1847 ad
3480 1783 3952 1865 generationem

867 1887 1307 1968 magnitudine
1338 1886 1510 1964 boni,
1532 1887 1699 1967 quod
1729 1885 1883 1968 justi
1916 1886 2107 1947 etiam
2140 1884 2206 1945 in
2239 1884 2357 1946 hac
2393 1884 2441 1946 B
2469 1886 2736 1965 argenti,
2785 1885 2896 1965 qui
2939 1886 3091 1947 dum
3139 1884 3578 1947 immiscentur
3629 1891 3812 1945 terrae
3853 1884 3954 1945 vel

866 1986 999 2051 vita
1048 2006 1085 2048 a
1130 1984 1398 2049 Domino
1448 1992 1921 2065 consequuntur
1976 2002 1989 2044 :
2041 1983 2211 2063 quod
2263 1992 2360 2045 est

867 2087 1107 2151 bonum
1168 2084 1522 2167 spirituale,
1574 2084 1665 2147 sic
1727 2083 2100 2165 temporalia
2157 2092 2360 2145 trans-

868 2186 1169 2261 cendenS,
1206 2184 1526 2265 quomodo
1572 2182 1976 2245 centenarius
2020 2181 2360 2263 parvulum

867 2302 1229 2359 numerum,
1273 2282 1623 2344 secundum
1666 2279 2141 2363 Hieronymum.
2189 2279 2352 2355 Ideo,

867 2382 1017 2445 licet
1052 2380 1209 2463 justi
1250 2378 1705 2463 temporalibus
1747 2380 1932 2441 bonis
1972 2378 2230 2459 privati,
2263 2378 2360 2458 ju-

867 2481 1161 2543 dicentur
1190 2478 1407 2541 miseri
1440 2476 1521 2539 ab
1550 2476 1792 2558 iniquis
1824 2475 2198 2557 temporalia
2225 2476 2359 2539 sola

870 2576 1331 2660 quaerentibuS,
1368 2583 1578 2638 tamen
1612 2594 1828 2637 revera
1860 2573 2178 2637 feliciores
2211 2581 2360 2635 sunt

870 2676 1020 2753 illis,
1067 2684 1286 2757 utpote
1334 2674 1579 2754 maj0ra
1627 2672 1795 2734 bona
1843 2671 2173 2735 habentes.
2214 2672 2358 2735 Ideo

868 2775 1099 2838 mirum
1136 2791 1263 2836 non
1302 2780 1417 2847 est,
1455 2771 1625 2851 quod
1664 2770 1828 2833 Deus
1866 2770 2185 2833 interdum
2228 2790 2361 2853 per-

869 2873 1067 2936 mittit
1116 2870 1419 2954 reprobos
1470 2876 1535 2932 et
1595 2868 1865 2950 injustos
1926 2869 2359 2951 temporaliter

868 2973 1217 3047 abundare,
1251 2969 1486 3051 quibus
1526 2986 1654 3031 non
1695 2968 1971 3031 intendit
1999 2966 2359 3049 spiritualia

2469 1984 2689 2065 lapidi,
2725 1982 3106 2046 efficiuntur
3149 1981 3238 2044 ibi
3283 2002 3462 2045 venae
3505 1982 3774 2062 argenti.
3815 1981 3958 2054 Qui-

2469 2082 2613 2143 dam
2645 2090 2878 2157 autem,
2915 2099 3026 2163 per
3055 2080 3373 2162 principia
3402 2098 3708 2143 venarum
3736 2097 3958 2159 argen-

2470 2180 2539 2257 ti,
2575 2179 2942 2259 intelligunt
2985 2178 3315 2242 materiale
3357 2180 3496 2260 ejus
3539 2178 3950 2261 principium,

2469 2287 2623 2361 puta
2653 2278 2980 2353 mineriaS,
3014 2297 3089 2339 ex
3129 2278 3365 2359 quibus
3405 2285 3735 2357 argentum
3779 2285 3958 2339 natu-

2469 2377 2687 2439 raliter
2733 2384 3076 2455 generatur
3129 2396 3143 2439 ε
3197 2396 3338 2457 quae
3398 2375 3464 2437 in
3520 2374 3956 2438 determinatis

2471 2484 2651 2538 terrae
2683 2474 2864 2537 venis
2897 2493 3036 2537 esse
3065 2473 3390 2537 dicuntur.

2553 2578 2634 2636 Ec
2661 2595 2823 2635 auro
2867 2578 3037 2634 locus
3074 2584 3164 2635 est
3201 2576 3274 2633 in
3315 2594 3437 2653 quo
3475 2578 3818 2651 conflatur.
3855 2574 3959 2637 Se.-

2469 2674 2746 2736 cundum
2781 2672 3262 2754 Thomam,quia
3292 2692 3513 2735 aurum
3545 2671 3956 2754 purissimum

2469 2781 2585 2849 est,
2621 2771 2946 2835 invenitur
2988 2780 3058 2833 ut
3097 2772 3446 2854 plurimum
3489 2780 3858 2851 generatum
3891 2771 3956 2833 in

2471 2890 2582 2933 sua
2628 2872 2904 2953 puritate
2945 2870 3112 2932 inter
3153 2890 3376 2933 arenas
3414 2869 3780 2948 fluminum,
3816 2890 3960 2953 pro-

2469 2980 2609 3052 pter
2655 2969 3134 3032 multitudinem
3178 2968 3646 3050 evaporationis
3697 2978 3760 3031 et
3808 2968 3959 3032 cali-

867 3069 1056 3145 bona,
1094 3086 1235 3149 quae
1266 3064 1707 3150 praestantiora
1738 3073 1906 3142 sunt,
1932 3064 2359 3129 communica·
2391 3067 2436 3130 C
2469 3068 2684 3131 ditatis
2726 3086 2954 3130 arenae.
2989 3067 3132 3131 Ideo
3175 3068 3282 3144 ait,
3327 3068 3496 3130 Auro
3539 3067 3714 3130 locus
3759 3077 3853 3131 est
3892 3068 3954 3129 in

868 3187 936 3229 re
971 3185 984 3230 :
1021 3165 1186 3228 sicut
1216 3173 1277 3227 et
1305 3173 1484 3247 pater
1514 3164 1785 3227 carnalis
1824 3183 1897 3225 ac
1938 3164 2216 3245 sapienS,
2248 3162 2360 3225 bo-

867 3266 969 3328 nis
1005 3264 1161 3326 filiis
1198 3265 1365 3327 bona
1408 3262 1675 3325 meliora
1712 3262 2027 3337 concedit,
2061 3261 2246 3323 malis
2280 3259 2360 3322 fi-

870 3364 973 3426 liis
1006 3362 1332 3425 dimittens
1366 3362 1533 3424 bona
1569 3361 1837 3437 minora,
1871 3360 2023 3442 quia
2054 3369 2205 3421 sunt.
2233 3358 2358 3421 filii

870 3462 1030 3544 ejus,
1053 3460 1153 3524 Sic
1185 3462 1347 3524 Deus
1379 3458 1598 3522 electis
1629 3467 1691 3521 et
1722 3458 1907 3521 bonis
1942 3458 2166 3519 tribuit
2192 3457 2358 3519 bona

869 3560 1087 3643 gratiae
1116 3569 1178 3623 et
1206 3559 1538 3635 virtutum,
1572 3566 1873 3638 tanquam
1920 3556 2077 3619 filiis
2118 3558 2360 3639 adopti-

868 3659 1007 3735 vis;
1052 3657 1338 3741 reprobis
1378 3675 1530 3721 vero
1567 3657 1675 3719 dat
1716 3664 1987 3731 terrena,
2022 3658 2172 3737 quia
2211 3664 2360 3718 sunt

783 3770 799 3777 ’
870 3756 995 3819 filii
1037 3756 1176 3838 ejus
1216 3774 1329 3838 per
1368 3755 1777 3830 creationem,
1811 3762 1875 3816 et
1909 3754 1986 3816 ad
2026 3755 2166 3836 ejus
2207 3754 2358 3817 facti

870 3856 1235 3937 imaginem.

950 3954 1268 4037 Incipiens
1299 3952 1514 4033 itaque
1561 3972 1599 4013 a
1640 3951 1939 4028 metalliS,
1973 3970 2115 4033 quae
2155 3951 2362 4015 homi-

871 4052 1061 4115 nibus
1094 4050 1373 4134 pretiosa
1402 4058 1466 4113 et
1497 4050 1854 4113 necessaria
1884 4059 2055 4126 sunt,
2079 4051 2207 4113 ait:
2233 4055 2362 4113 Ηα-

870 4153 965 4211 bet
993 4159 1334 4227 amentum
1364 4168 1679 4208 venarum
1705 4168 1975 4207 suarum
1998 4150 2355 4225 principia.

2468 3185 2595 3249 quo
2625 3166 2966 3243 conflatur,
3002 3166 3150 3247 quia
3180 3185 3256 3229 ex
3285 3166 3505 3227 multis
3533 3167 3742 3228 arenis
3782 3166 3958 3229 colli-

2466 3274 2704 3347 guntur
2733 3265 3000 3346 granula
3029 3265 3191 3342 auri,
3217 3284 3358 3346 quae
3391 3264 3454 3325 in
3488 3284 3686 3327 unum
3717 3265 3960 3347 liquan-

2470 3374 2571 3427 tur
2605 3384 2618 3428 :
2655 3364 2826 3445 quod
2859 3382 2985 3425 non
3016 3363 3080 3425 in
3113 3363 3290 3426 omni
3319 3363 3527 3442 agitur
3558 3363 3718 3441 loeo,
3751 3364 3861 3427 sed
3892 3363 3956 3425 in

2467 3462 2790 3543 aliquibus
2831 3462 3291 3538 determinatiS,
3336 3460 3445 3523 ubi
3492 3462 3814 3525 concurrit
3855 3462 3960 3525 de-

2467 3561 2604 3623 bita
2633 3560 2888 3624 virtutis
2919 3560 3141 3625 activae
3171 3560 3496 3642 proportio
3525 3561 3605 3622 ad
3629 3561 3955 3624 materiam

2470 3659 2581 3721 tali
2614 3659 2852 3742 speciei
2888 3660 3369 3722 determinatam
3395 3660 3440 3720 *.
3475 3658 3738 3733 Quidam
3770 3679 3960 3743 expo-

4023 3692 4039 3710 ·
4065 3704 4218 3745 ewrw-

2470 3766 2634 3819 nunt
2672 3758 2764 3821 sic
2799 3776 2812 3819 :
2846 3758 3014 3821 Auro
3057 3758 3236 3820 locus
3286 3766 3382 3820 est
3429 3757 3493 3819 in
3545 3777 3670 3838 quo
3720 3758 3958 3821 confla·
3983 3756 4170 3797 ¹³⁰⁰⁸¹⁸³

2471 3864 2594 3933 tur,
2631 3856 2693 3918 id
2721 3864 2818 3919 est
2844 3863 3183 3936 generatur
3217 3874 3231 3917 :
3266 3858 3450 3938 cujus
3487 3857 3814 3936 generatio
3853 3876 3959 3920 vo-

2470 3964 2650 4017 catur
2693 3953 3022 4031 conflatio,
3066 3955 3219 4035 quia
3265 3954 3527 4017 materia
3571 3955 3712 4017 auri
3759 3956 3958 4036 magis

2470 4053 2716 4132 digesta
2758 4061 2853 4115 est
2895 4052 3131 4117 virtute
3170 4053 3420 4130 caloriS,
3456 4072 3648 4134 quam
3687 4053 3954 4116 aliorum

2473 4152 2909 4227 metallorum;
2935 4160 3193 4233 propter
3215 4153 3381 4233 quod
3407 4152 3630 4233 purius
3655 4162 3959 4234 estatque

868 4248 1047 4311 Circa
1087 4248 1259 4328 quod
1300 4246 1574 4308 Thomas
1613 4244 1898 4307 affirmat
1941 4264 1953 4307 :
1998 4246 2244 4309 Metalla
2286 4267 2361 4309 ex
2392 4252 2443 4314 D
2472 4250 2798 4313 ductilius,
2854 4250 3069 4331 Aliqui
3116 4269 3374 4331 quoque
3429 4250 3518 4311 ita
3574 4260 3898 4333 exponunt
3939 4269 3952 4312 ε

870 4346 1151 4409 humidis
1183 4352 1568 4426 generantur
1594 4344 1940 4427 vaporibus
1971 4364 2045 4407 ex
2080 4352 2246 4407 terra
2275 4366 2362 4409 re-

872 4446 1097 4509 solutis
1127 4463 1240 4527 per
1272 4444 1567 4508 virtutem
1600 4443 1752 4506 solis
1785 4452 1975 4525 atque
2005 4444 2356 4518 stellarum,

870 4536 1039 4608 unde
1072 4543 1327 4607 metalla
1355 4542 1618 4605 ductilia
1656 4542 2120 4624 liquabiliaque
2159 4544 2362 4606 consi-

870 4650 1048 4707 stunt
1092 4660 1105 4704 :
1149 4640 1685 4724 quemadmodum
1731 4658 2072 4705 econverso
2114 4641 2359 4723 lapides

869 4751 931 4805 et
960 4740 1351 4823 hujusmodi,
1384 4758 1526 4820 quae
1563 4755 1691 4802 non
1734 4738 2113 4802 malleantur
2151 4759 2360 4821 neque

869 4840 1247 4915 funduntur,
1282 4856 1357 4901 ex
1388 4838 1557 4900 sicca
1584 4836 1983 4901 exhalatione
2013 4838 2362 4918 gignuntur

869 4941 1037 5003 intra
1089 4945 1323 5001 terram
1373 4942 1636 4999 retenta.
1687 4935 2214 4999 Diversificantur
2258 4958 2362 5000 au-

870 5048 998 5102 tem
1038 5036 1283 5119 species
1322 5034 1745 5111 metallorum,
1781 5035 2129 5097 secundum
2163 5037 2362 5117 majo-

866 5157 999 5200 rem
1030 5143 1093 5198 et
1126 5134 1439 5197 minorem
1480 5133 1823 5215 puritatem
1865 5133 2127 5196 resoluti
2169 5153 2361 5216 vapo-

862 5236 974 5311 riS,
1018 5242 1081 5296 et
1123 5231 1473 5295 secundum
1525 5230 1959 5293 diversitatem
2009 5231 2357 5311 digerentis

857 5330 1088 5396 caloris
1124 5346 1137 5391 :
1176 5330 1342 5392 inter
1374 5346 1516 5409 quae
1549 5347 1773 5390 aurum
1806 5328 2058 5392 videtur
2090 5329 2357 5412 purissi-

2471 4346 2824 4425 Conflatur,
2861 4348 2922 4409 id
2967 4355 3085 4425 est,
3128 4348 3194 4409 in
3238 4347 3493 4411 fornace
3531 4358 3840 4431 purgatur
3879 4348 3958 4411 ab

2471 4446 2664 4508 alieni
2695 4446 2972 4508 mixtura
3000 4445 3266 4508 metalli.

2558 4548 2828 4607 Ferrum
2865 4548 2944 4605 de
2977 4555 3146 4606 terra
3182 4547 3433 4607 tollitur
3463 4567 3486 4605 .·
3517 4548 3685 4627 quod
3719 4546 3957 4609 scilicet

2473 4642 2538 4703 in
2573 4650 2738 4703 terra
2767 4641 2948 4723 quasi
2991 4640 3306 4721 indigesta
3337 4643 3681 4720 invenitur,
3717 4644 3837 4707 hoc
3866 4654 3958 4708 est

2475 4741 2538 4801 in
2585 4748 2754 4802 terra
2794 4738 3148 4817 faeculenta,
3183 4748 3246 4803 et
3289 4741 3568 4804 nondum
3610 4741 3954 4823 perfectam

2470 4838 2662 4900 habet
2695 4837 2933 4900 ferrum
2965 4838 3384 4918 digestionem
3411 4856 3424 4899 :
3450 4838 3634 4919 cujus
3667 4840 3958 4904 videlicet

2473 4935 2628 4998 ferri
2673 4936 2941 4998 mineria
2980 4956 3091 4999 seu
3129 4937 3397 5000 materia
3424 4937 3504 4999 de
3532 4946 3699 5000 terra
3729 4940 3959 5022 accipi-

2474 5041 2596 5111 tur,
2634 5033 2697 5094 id
2743 5041 2837 5097 est
2878 5052 2956 5096 ex
2999 5052 3233 5116 vapore
3273 5034 3535 5098 humido
3577 5037 3855 5100 resoluto
3885 5057 3957 5099 ex

2471 5142 2658 5208 terra,
2716 5140 2783 5194 ut
2831 5132 3056 5212 patuit.
3109 5136 3192 5193 Et
3230 5135 3400 5210 lapis
3435 5138 3684 5194 solutus
3725 5140 3955 5203 calore,

2469 5233 2542 5290 in
2569 5251 2653 5291 ces
2685 5232 2979 5290 vertitur.
3015 5230 3200 5311 Lapis
3231 5230 3402 5293 enim
3435 5231 3954 5312 proportionatus

2466 5336 2707 5390 natura)
2735 5326 2876 5388 aeris
2908 5326 3012 5389 cui
3041 5328 3483 5408 permiscetur,
3524 5329 3771 5392 solutus
3801 5330 3956 5393 calo.
