4309 6259
1321 506 1670 555 mammo
1710 508 1773 555 m
1814 508 1950 555 cAP.
1997 508 2020 554 1
2058 508 2184 555 1013.
2230 528 2309 539 —
2351 510 2493 557 Aur.
2541 511 2601 558 lv

3380 493 3497 557 315

408 674 722 757 principis
749 700 766 749 ς
797 684 860 741 61
908 676 1074 741 forte
1113 678 1165 739 si
1209 678 1334 741 filii
1371 679 1487 741 Job
1526 679 1626 743 vel
1674 679 1897 741 saltem
1928 679 1976 741 A
2007 679 2417 761 sculptilibus
2471 681 2758 761 gentium
2816 680 2924 762 qui
2974 681 3251 763 pluant?
3305 680 3495 745 Aliud

406 776 877 857 primogenitus
915 780 1057 860 ejus
1105 779 1329 842 habuit
1366 780 1672 856 sobolem,
1705 777 1896 841 simul

401 876 716 939 exstincta
747 885 864 941 est.
897 879 1039 942 Haec
1066 886 1279 943 autem
1299 880 1646 942 adversitas
1668 898 1899 961 praece-

398 975 706 1039 dentibus
739 985 914 1041 tanto
935 978 1261 1041 molestior
1285 978 1311 1039 l'
1317 979 1429 1054 uit,
1447 998 1572 1059 quo
1604 976 1731 1039 filii
1751 978 1894 1060 plus

395 1073 761 1155 diliguntur
779 1094 973 1157 quam
995 1075 1164 1141 servi
1182 1086 1246 1139 et
1267 1076 1630 1151 facultates;
1664 1084 1725 1139 et
1743 1076 1894 1157 quia

393 1193 621 1237 omnes
655 1173 781 1236 filii
802 1183 866 1237 et
896 1175 1049 1238 filiae
1070 1175 1261 1237 simul
1290 1174 1584 1239 exstincti
1614 1183 1782 1251 sunt,
1809 1174 1895 1236 ita

391 1273 568 1353 quod
599 1292 748 1355 spes
779 1274 1168 1355 posteritatis
1199 1293 1327 1338 non
1356 1274 1629 1351 mansit3
1672 1281 1736 1335 et
1764 1292 1897 1335 rur-

387 1391 524 1447 5115,
559 1372 715 1452 quia
745 1372 812 1433 in
843 1373 954 1435 tali
985 1392 1180 1455 opere
1208 1373 1274 1435 in
1305 1392 1433 1454 quo
1462 1372 1893 1455 periculosum

386 1480 490 1534 est
535 1472 726 1549 mori,
763 1470 1024 1535 fuerunt
1061 1473 1446 1555 consumpti,
1479 1470 1779 1535 videlicet
1827 1471 1892 1533 in

385 1569 720 1646 convivio,
735 1570 802 1631 in
832 1588 961 1650 quo
983 1580 1238 1652 peccata
1260 1571 1480 1632 deesse
1500 1588 1628 1633 non
1651 1570 1887 1643 solent3

383 1670 560 1750 quod
587 1670 743 1731 item
767 1678 892 1731 tam
915 1668 1260 1751 improvise
1277 1687 1352 1731 ac
1372 1668 1598 1745 subito,
1616 1668 1700 1729 ita
1722 1668 1891 1749 quod

383 1788 462 1830 se
497 1769 578 1830 ad
609 1776 880 1831 mortem
921 1786 1035 1850 per
1069 1767 1512 1849 poenitentiam
1553 1768 1892 1849 disponere

2005 777 2177 840 enim
2206 788 2303 841 est
2331 780 2604 843 naturali
2626 800 2815 843 cursu
2837 781 3077 862 pluere,
3101 781 3271 863 quod
3294 780 3491 843 solius

2003 885 2099 938 est
2127 877 2260 954 Dei,
2295 878 2403 959 qui
2447 898 2667 941 causas
2707 880 3027 942 naturales
3057 880 3135 941 ad
3174 880 3295 942 hoc
3323 878 3492 942 ordi-

2003 978 2219 1053 navit;
2260 978 2456 1055 aliud,
2501 979 2710 1041 causis
2750 980 3143 1042 naturalibus
3181 999 3218 1041 a
3247 981 3375 1043 Deo
3410 982 3491 1042 ad

2003 1076 2352 1157 pluendum
2374 1077 2681 1139 ordinatis
2700 1078 3045 1159 aliquando
3064 1077 3491 1141 artificialiter

2004 1174 2120 1251 uti,
2147 1174 2227 1236 ad
2260 1175 2542 1257 pluviam
2574 1177 2673 1240 vel
2696 1185 2955 1239 ventum
2990 1176 3307 1239 interdum
3339 1196 3492 1258 qua-

2002 1272 2055 1334 si
2085 1274 2584 1336 extraordinarie
2612 1275 3111 1358 producendum.

2082 1372 2344 1453 Insuper
2370 1373 2459 1434 ait
2486 1373 2822 1453 Gregorius
2848 1392 2861 1435 :
2886 1374 3263 1451 Notandum,
3297 1395 3487 1456 quam

2001 1470 2229 1533 callide
2270 1479 2361 1533 tot
2406 1472 2719 1534 malorum
2760 1473 3061 1554 pondera,
3094 1482 3157 1535 61
3194 1473 3398 1535 divisa
3426 1480 3490 1535 et

2001 1570 2211 1633 subita
2242 1571 2641 1647 nuntiantur,
2664 1578 2817 1633 utet
2846 1578 3103 1654 repente
3132 1580 3195 1633 et
3224 1570 3491 1653 particu-

2002 1668 2177 1731 latim
2210 1686 2501 1731 crescens
2531 1668 2599 1729 in
2628 1668 2942 1730 audientis
2972 1669 3181 1745 corde,
3216 1688 3353 1731 sese
3380 1670 3490 1731 do-

2002 1767 2096 1829 lor
2127 1766 2265 1849 ipse
2294 1785 2423 1829 non
2453 1776 2744 1850 caperet3
2778 1776 2841 1829 et
2862 1775 3037 1830 tanto
3066 1768 3391 1830 ardentius
3422 1767 3486 1830 in

379 1875 502 1929 aut
530 1885 684 1942 non,
718 1874 831 1929 aut
860 1865 966 1930 vix
1006 1866 1326 1930 valebant.
1358 1866 1449 1927 Ex
1488 1866 1728 1947 quibus
1767 1885 1892 1929 om·
1925 1868 1970 1929 B
2001 1866 2465 1950 blasphemiam
2496 1868 3143 1947 accenderet‚quanto
3167 1868 3395 1930 subitis
3414 1888 3489 1931 ac

381 1966 585 2027 nibus
614 1966 1040 2045 generabatur
1068 1964 1365 2027 'timorato
1394 1964 1558 2047 patri
1590 1964 1891 2027 sollicitu-

377 2066 472 2126 do
511 2072 575 2126 et
613 2064 807 2125 timor
845 2064 925 2125 de
961 2063 1182 2144 aliquo
1225 2062 1390 2125 forte
1430 2061 1716 2145 periculo
1761 2064 1890 2124 ani-

377 2182 640 2225 marum
690 2181 933 2238 eorum,
969 2161 1322 2244 praesertim
1371 2162 1581 2242 quoad
1612 2162 1886 2224 venialia

375 2280 518 2324 non
551 2260 815 2322 minima
845 2278 859 2321 ε
894 2279 1040 2321 nam
1071 2270 1135 2322 et
1161 2268 1330 2337 ante,
1360 2268 1644 2341 tempore
1672 2260 1888 2323 convi-

371 2360 501 2435 vii,
527 2360 706 2421 misit
731 2360 811 2421 ad
840 2378 970 2436 605,
999 2357 1561 2439 sanctificavitque
1591 2359 1786 2442 ipsoS,
1813 2360 1887 2421 ti-

2001 1965 2467 2048 multiplicibus
2515 1965 2760 2028 nuntiis
2801 1966 2864 2026 in
2901 1984 2968 2027 sc
3008 1966 3339 2045 angustius
3377 1986 3492 2030 aes-

1998 2072 2225 2126 tuaret.
2258 2064 2579 2126 Postremo
2608 2063 2942 2143 Gregorius
2983 2064 3175 2129 sentit
3216 2064 3389 2127 filios
3428 2075 3491 2129 et

2000 2160 2027 2222 s
2033 2162 2172 2223 ilias
2202 2163 2405 2225 sancti
2432 2161 2549 2225 Job
2576 2161 2858 2225 virtuose
2880 2162 3135 2241 vixisse,
3162 2164 3373 2226 sobrie
3404 2184 3493 2226 re-

1999 2259 2250 2337 fecisse,
2303 2259 2769 2341 salubriterque
2816 2260 3053 2324 obiisse
3098 2278 3111 2323 :
3150 2261 3350 2339 Absit,
3401 2263 3491 2325 in·

1997 2360 2247 2439 quienS‚
2275 2378 2354 2421 ne
2386 2359 2543 2421 tanti
2567 2358 2685 2421 viri
2710 2358 2883 2423 filios
2914 2379 3025 2441 per
3044 2360 3486 2425 conviviorum

371 2478 570 2521 mens
601 2460 774 2540 quod
803 2459 1000 2520 Deum
1028 2457 1449 2521 offenderint.
1473 2459 1776 2522 Praeterea
1799 2459 1886 2521 in·
1996 2460 2206 2521 studia
2238 2459 2687 2539 ingurgitando
2718 2459 2924 2523 ventri
2954 2460 3353 2542 suspicemur
3380 2482 3487 2525 va-

371 2558 738 2634 nuendum,
765 2576 956 2638 quam
988 2556 1307 2620 hostiliter
1327 2566 1390 2620 et
1407 2566 1616 2620 astute
1637 2559 1882 2621 daemon
1995 2576 2193 2621 casse.

368 2655 621 2719 invasit
639 2653 777 2717 soh.
796 2654 1006 2717 Primo
1036 2655 1208 2717 enim
1231 2655 1482 2718 induxit
1503 2664 1882 2718 nocumenta
2081 2662 2281 2727 Tunc,
2303 2656 2599 2719 videlicet
2630 2665 2830 2718 morte
2865 2656 3057 2719 totius
3086 2657 3323 2721 sobolis
3352 2675 3483 2719 suae

365 2757 656 2832 minora,
691 2755 924 2817 deinde
971 2756 1234 2837 maiora,
1271 2764 1341 2818 ut
1379 2757 1882 2838 unumquodque
1990 2756 2228 2831 audita,
2271 2758 2559 2816 surrexit
2596 2757 2731 2825 Job,
2782 2773 2909 2817 non
2959 2756 3482 2837 pusillanimitate

365 2874 497 2937 per
547 2872 615 2915 se
659 2853 916 2934 gravius
960 2860 1156 2934 atque
1203 2853 1570 2917 distinctius
1619 2855 1882 2918 sentire·
1992 2855 2298 2935 dejectuS‚
2342 2854 2453 2915 sed
2496 2853 2562 2916 in
2614 2855 2804 2916 Deum
2853 2862 3064 2916 mente
3110 2864 3379 2931 erectus,
3422 2866 3481 2915 et

365 2962 490 3014 tur
541 2969 558 3013 :
609 2971 757 3014 nam
805 2960 1190 3015 nocumenta
1236 2972 1310 3015 ac
1355 2954 1584 3014 damna
1633 2954 1878 3016 minora
1986 2955 2181 3013 scidit
2210 2954 2587 3014 vestimenta
2615 2974 2756 3024 sua,
2786 2964 2845 3015 et
2886 2963 3058 3015 tonso
3086 2954 3315 3030 capite,
3346 2974 3481 3014 cor-

361 3060 526 3135 post
567 3051 809 3133 maj0ra
858 3050 1073 3112 statim
1120 3050 1323 3129 illata,
1357 3071 1581 3133 parum
1629 3059 1738 3114 aut
1784 3052 1876 3113 nil
1911 3053 1956 3117 C
1986 3072 2183 3112 ruens
2210 3052 2278 3112 in
2310 3062 2576 3121 terram,
2603 3054 2924 3113 adoravit.
2957 3051 3139 3132 Apud
3178 3052 3475 3133 antiquos

361 3150 770 3213 sentiuntur.
809 3148 1351 3223 Quemadmodum
1391 3150 1561 3212 enim
1609 3169 1876 3233 parvum
1985 3150 2239 3230 signum
2272 3149 2545 3212 tristitiae
2566 3148 2691 3211 fuit
2713 3158 3051 3229 utrumque
3082 3149 3477 3227 ist01·um,vi-

359 3250 600 3312 lumen
627 3268 772 3311 cum
811 3266 1042 3329 magno
1073 3267 1200 3311 non
1240 3248 1613 3331 percipitur,
1639 3251 1747 3311 sed
1780 3248 1876 3310 fu-
1984 3250 2217 3312 delicet
2244 3249 2534 3312 scindere
2562 3257 2787 3324 vesteS,
2820 3255 3010 3328 atque
3039 3247 3341 3311 abradere
3362 3249 3476 3311 eri-

355 3358 616 3425 scatur,
657 3348 752 3410 sic
801 3347 1015 3410 minus
1059 3347 1392 3425 tristabile,
1429 3366 1556 3411 non
1603 3347 1875 3409 sentitur
1984 3368 2118 3410 1165.
2151 3348 2277 3410 Ν66
2304 3348 2539 3416 mirum
2570 3347 2621 3407 si
2649 3344 2763 3408 Job
2796 3352 2884 3407 tot
2916 3344 2943 3407 l'
2947 3346 3074 3407 iliis
3104 3366 3177 3409 ac
3210 3345 3472 3410 filiabus

355 3446 746 3509 immediate
775 3454 919 3529 post
958 3448 1189 3527 majuS.
1982 3446 2235 3509 amissis
2275 3448 2409 3508 haec
2450 3444 2695 3520 fecerit,
2727 3463 2924 3523 quum
2969 3443 3033 3506 in
3062 3444 3287 3507 Genesi
3319 3446 3472 3508 scri-

442 3546 638 3609 Circa
666 3546 802 3608 haec
830 3544 1054 3608 scribit
1083 3544 1354 3607 Thomas
1388 3562 1402 3607 t
1433 3544 1635 3619 Quum
1665 3544 1872 3607 omnis
1982 3554 2162 3627 ptum
2194 3545 2298 3622 sit,
2332 3542 2863 3625 quemadmodum
2895 3544 3254 3625 patriarcha
3280 3545 3472 3608 Jacob

351 3644 728 3707 adversitas
757 3644 1058 3727 praedicta
1101 3644 1182 3705 sit
1222 3663 1337 3726 per
1366 3642 1554 3705 Satan
1587 3642 1866 3721 inducta,
1982 3651 2213 3725 putans
2251 3640 2480 3722 Joseph
2508 3658 2544 3699 a
2585 3639 2785 3701 bestia
2826 3640 3220 3718 devoratum,
3255 3643 3469 3705 scissis
3501 3660 3594 3703 Gen
3598 3675 3721 3703 xxxxx
3724 3676 3766 3714 ιι,

349 3762 636 3807 necesse
664 3752 760 3805 est
780 3741 1101 3818 confiteri,
1127 3742 1296 3823 quod
1319 3742 1444 3804 Deo
1467 3742 1872 3823 permittente
3500 3724 3566 3773 ³³’
3590 3726 3657 3765 ³⁴·

347 3845 692 3906 daemones
743 3842 990 3923 possint
1029 3841 1194 3903 aeris
1235 3840 1744 3921 perturbationes
1786 3842 1873 3903 in-

345 3944 626 4017 ducere,
649 3948 870 4002 ventos
901 3938 1243 4014 concitare,
1269 3939 1480 4018 ignem
1511 3958 1546 4001 e
1575 3941 1736 4002 coelo
1766 3941 1872 4003 de-

343 4040 589 4121 jicere.
606 4037 905 4113 Quamvis
927 4036 1100 4099 enim
1123 4046 1347 4098 natura
1369 4038 1717 4119 corporalis
1741 4057 1866 4101 non
1979 4046 2094 4120 put
2121 4034 2418 4112 totondit,
2442 4042 2633 4114 atque
2662 4034 2964 4115 deinceps
2989 4034 3306 4097 interram
3336 4054 3472 4099 cor-

347 4136 626 4203 obediat
653 4136 898 4215 angelis
929 4136 1117 4198 bonis
1163 4154 1279 4197 nec
1314 4136 1521 4212 maliS,
1557 4146 1866 4217 quantum
1979 4135 2127 4212 ruit,
2174 4135 2501 4214 Deumque
2546 4132 2853 4209 adoravit,
2898 4133 3254 4195 ostenditur
3301 4135 3469 4214 quod

344 4238 434 4299 ad
457 4234 988 4297 substantialium
1010 4234 1480 4316 susceptionem
1504 4234 1864 4313 formarum,
1901 4239 1948 4300 D
1977 4254 2103 4298 non
2134 4255 2211 4297 ex
2240 4233 2473 4296 mentis
2504 4233 2918 4296 immoderato
2948 4251 3239 4311 moerore,
3266 4236 3375 4297 sed
3395 4254 3471 4297 ex

345 4336 468 4398 sed
507 4333 634 4395 soli
667 4334 813 4409 Deo,
846 4333 1064 4396 obedit
1103 4340 1314 4395 tamen
1354 4333 1446 4395 eis
1486 4335 1698 4414 quoad
1737 4353 1868 4396 mo-
1975 4353 2122 4397 vera
2153 4333 2493 4396 devotione
2524 4332 2659 4395 solo
2692 4339 2873 4393 tenus
2904 4350 2971 4393 56
3001 4333 3367 4414 prostravit.

2055 4431 2174 4494 Sed
2205 4451 2402 4513 quum
2436 4430 2729 4493 Salomon
2760 4430 2948 4508 dicat,
2974 4430 3108 4493 Non
3138 4432 3469 4494 contrista·
3538 4459 3760 4510 ρωωη,

1972 4530 2068 4593 bit
2094 4532 2337 4611 justum
2370 4528 2686 4611 quidquid
2710 4529 2770 4591 ei
2798 4529 3123 4606 acciderit,
3149 4532 3467 4610 quomodo
3496 4524 3563 4565 ²¹·

1970 4630 2084 4693 Job
2115 4626 2383 4709 signifer
2411 4627 2753 4707 aequitatis,
2780 4626 2846 4688 in
2866 4626 3149 4691 adversis
3176 4628 3465 4691 tristatus

1968 4737 2084 4803 est,
2138 4725 2491 4809 praesertim
2540 4744 2741 4806 quum
2788 4723 3091 4807 perfectae
3139 4726 3463 4807 patientiae

1969 4827 2070 4901 sit,
2105 4825 2296 4888 etiam
2347 4843 2493 4888 cum
2534 4822 2953 4886 delectatione
3002 4823 3315 4887 sustinere
3354 4826 3461 4887 ad-

1968 4929 2184 4988 versa?
2212 4924 2289 4986 Et
2318 4922 2852 5006 respondendum,
2873 4922 3041 5002 quod
3065 4922 3328 4984 verbum
3354 4923 3458 4985 Sa-

1966 5023 2239 5086 lomonis
2269 5024 2347 5085 de
2377 5020 2759 5093 inordinata,
2793 5019 3077 5081 saeculari
3110 5029 3173 5081 et
3203 5019 3455 5082 irrefre-

1965 5130 2110 5183 nata
2158 5122 2413 5183 tristitia
2460 5118 2667 5200 accipi
2716 5118 2926 5192 debet,
2978 5136 3119 5198 quae
3164 5118 3449 5180 animum

1963 5218 2199 5293 obruit,
2234 5216 2539 5278 rationem
2568 5222 2859 5289 excaecat‚
2892 5222 2957 5275 61
2982 5215 3158 5294 juxta
3187 5215 3449 5296 Aposto-
3508 5276 3543 5319 u
3576 5276 3667 5320 Cor
3688 5291 3742 5320 vu

1965 5312 2349 5393 lum,esficit
2378 5311 2788 5377 mortem:de
2816 5311 3029 5391 quain
3059 5311 3448 5375 Ecclesiasti-
3478 5342 3555 5382 ω,
3668 5310 3677 5321 ’
3746 5310 3759 5329 ’

1982 3740 2289 3817 vestibuS,
2327 3739 2587 3800 indutus
2616 3738 2700 3799 sit
2728 3738 2964 3815 cilicio,
3000 3738 3223 3819 lugens
3254 3740 3469 3803 l'ilium

1983 3849 2265 3921 tempore
2303 3837 2529 3899 multo.
2563 3836 2846 3917 Denique
2884 3856 2961 3898 ex
3000 3838 3121 3900 hoc
3159 3840 3329 3919 quod
3354 3839 3470 3903 Job

1981 3938 2187 4021 primo
2216 3935 2512 4011 surrexit,
2547 3935 2775 3996 deinde
2804 3943 3012 3997 vestes
3044 3936 3255 4013 scidit,
3288 3946 3350 3999 et
3378 3957 3471 3999 ca-

349 4444 498 4495 tum
547 4432 813 4494 localem
849 4448 862 4493 :
897 4432 1084 4511 cujus
1132 4431 1388 4511 signum
1428 4440 1544 4508 est,
1580 4434 1749 4512 quod
1799 4432 1862 4493 in

349 4531 628 4596 homine
656 4548 732 4593 ex
755 4530 890 4593 solo
911 4529 1262 4593 voluntatis
1286 4530 1556 4612 imperio
1578 4531 1861 4593 membra

343 4633 432 4695 ad
468 4650 638 4712 opus
678 4636 1039 4691 moventur.
1073 4628 1499 4710 Quaecumque
1539 4647 1686 4709 ergo
1725 4629 1860 4692 solo

345 4739 543 4793 motu
573 4727 763 4790 locali
793 4725 940 4789 fieri
972 4735 1262 4808 possunt,
1296 4727 1429 4789 haec
1459 4746 1572 4808 per
1610 4736 1861 4789 natura-

347 4830 486 4892 lem
531 4828 836 4890 virtutem
883 4825 1096 4905 angeli
1143 4825 1296 4887 boni
1335 4844 1411 4887 ac
1449 4826 1599 4888 mali
1649 4825 1858 4889 facere

345 4933 651 5010 possunt,
679 4924 804 4986 nisi
834 4923 1144 4985 divinitus
1175 4921 1654 5006 prohibeantur.
1671 4924 1857 4985 Venti

343 5034 574 5087 autem
623 5032 686 5085 et
723 5022 958 5105 pluviae
997 5030 1062 5083 et
1097 5020 1240 5083 aliae
1279 5019 1644 5101 hujusmodi
1691 5021 1854 5083 aeris

347 5121 878 5207 perturbationes
913 5121 1050 5184 solo
1079 5128 1256 5181 motu
1280 5138 1587 5201 vaporum
1621 5122 1856 5183 resolu-

349 5233 574 5285 torum
603 5240 680 5282 ex
725 5227 888 5282 terra
919 5227 981 5281 ct
1018 5238 1186 5300 aqua
1225 5217 1370 5280 fieri
1409 5228 1697 5299 possunt.
1730 5216 1882 5281 Nec‘

63 5338 318 5396 aenne-,22
347 5319 582 5385 obviat
629 5318 790 5381 illud
835 5317 1120 5381 Jeremiae
1165 5334 1180 5377 :
1222 5316 1540 5398 Numquid
1589 5324 1739 5379 sunt
1785 5316 1850 5379 in
