4309 6259
1208 491 1557 539 :NARRATIO
1600 492 1662 538 IN
1705 492 1843 538 cAP.
1888 491 2105 538 xxxvl!
2144 492 2272 539 1013.
2319 511 2398 522 -
2438 493 2580 539 ΛΒΤ.
2629 493 2744 540 va

3397 475 3517 540 695

410 663 775 740 materiam,
810 671 875 726 et
905 662 1098 725 faciat
1131 662 1675 745 puriorem.Unde
1704 663 1770 724 in
1802 661 1916 723 Ge·
1946 662 1995 724 A
2028 680 2158 724 non
2189 663 2395 726 solum
2435 682 2562 727 non
2595 663 3019 746 impossibilia
3047 676 3155 728 aut
3185 664 3511 743 difficilia,

116 782 383 835 oemunt,
416 763 556 826 nesi
588 762 883 838 habetur,
914 762 1085 842 quod
1115 762 1372 839 Phison,
1405 761 1517 843 qui
1546 772 1641 825 est
1672 761 1915 825 fluvius

92 847 161 888 ¹²·
410 863 737 938 turbiduS,
782 862 1011 925 circuit
1054 880 1309 925 omnem
1358 862 1683 942 regionem
1736 870 1917 924 terrae

411 961 732 1038 Hevilath,
767 979 911 1042 quae
955 969 1051 1024 est
1100 961 1180 1023 ad
1230 960 1620 1041 aquilonem,
1656 960 1766 1023 ubi
1812 979 1917 1023 na-

412 1060 619 1123 scitur
658 1078 885 1121 aurum
914 1077 931 1138 3
972 1067 1036 1122 et
1072 1078 1295 1122 aurum
1332 1066 1513 1122 terrae
1544 1058 1720 1121 illius
1752 1059 1915 1140 opti-

410 1177 591 1220 mum
624 1165 741 1221 est.
776 1157 920 1220 Haec
952 1157 1272 1220 AlbertuS.
1293 1157 1766 1234 Verumtamen,
1802 1177 1915 1238 per

409 1257 731 1332 Hevilath,
785 1255 1168 1336 intelligitur
1218 1255 1416 1332 India,
1470 1275 1613 1336 quae
1663 1255 1915 1319 videtur

410 1374 551 1419 esse
582 1355 651 1416 in
684 1354 932 1417 oriente
953 1354 1159 1436 posita
1181 1354 1382 1434 magis
1409 1373 1603 1435 quam
1633 1354 1711 1416 ad
1744 1354 1918 1435 aqui-

410 1453 650 1518 lonem.
672 1453 985 1534 Denique,
1011 1452 1079 1514 in
1110 1452 1277 1516 libro
1305 1453 1385 1514 de
1414 1452 1915 1534 Proprietatibus

410 1569 649 1626 rerum,
686 1549 889 1613 fertur
921 1551 1091 1631 quod
1133 1550 1201 1611 in
1242 1549 1569 1612 montibus
1603 1549 1911 1627 Saxoniae,

410 1649 523 1730 qui
584 1657 735 1710 sunt
784 1667 1009 1712 versus
1065 1647 1462 1729 aquilonem,
1514 1648 1729 1710 omnia
1781 1647 1915 1712 fere

410 1746 673 1809 metalla
716 1745 1049 1809 fodiuntur
1090 1752 1319 1826 praeter
1356 1753 1679 1808 stannum.
1716 1746 1914 1827 Spiri-

2027 759 2159 822 imo
2204 771 2432 824 cuncta
2473 770 2624 824 sunt
2661 762 2720 826 ei
2758 781 2939 844 aeque
2975 763 3214 842 facilia,
3250 783 3367 827 nec
3407 783 3517 846 po-

2030 865 2147 920 test
2196 859 2260 921 in
2306 869 2417 936 tot,
2462 861 2619 942 quin
2661 861 2862 942 possit
2905 862 2970 923 in
3014 861 3330 925 infinities
3376 862 3517 944 plu-

2027 977 2117 1020 ra.
2154 963 2238 1022 Ει
2261 962 2536 1035 judicic.
2561 963 2736 1024 Justa
2767 980 3042 1042 namque
3071 969 3136 1024 et
3165 962 3518 1043 incompre-

2026 1057 2374 1120 hensibilia
2431 1068 2582 1121 sunt
2629 1061 2768 1141 ejus
2813 1060 3077 1142 judicia.
3131 1065 3213 1124 Ει
3241 1064 3516 1138 justitia

2024 1158 2165 1234 ejus
2205 1160 2514 1219 enarrari
2549 1179 2680 1220 non
2711 1168 2915 1236 potest
2945 1181 2967 1219 .·
2998 1178 3142 1240 quae
3183 1160 3375 1222 etiam
3423 1169 3519 1223 est

2027 1255 2297 1336 ipsemet
2325 1257 2488 1318 Deus
2518 1257 2751 1337 justuS‚
2786 1258 2970 1338 cujus
3009 1276 3136 1321 non
3177 1258 3386 1321 minor
3423 1267 3520 1322 est

2028 1354 2297 1434 justitia,
2352 1373 2544 1435 quam
2591 1355 2932 1418 clementia
2979 1364 3170 1437 atque
3216 1357 3515 1421 essentia.

2026 1451 2205 1514 Unde
2245 1462 2309 1516 et
2345 1471 2462 1535 pro
2503 1471 2630 1516 uno
2669 1461 2927 1535 peccato
2969 1454 3222 1518 mortali
3264 1472 3518 1537 poenam

2031 1549 2276 1630 infligit
2313 1558 2637 1614 aeternam.

2106 1652 2260 1710 Ideo
2292 1651 2606 1710 timebunt
2633 1671 2780 1710 eum
2811 1651 2966 1722 viri,
3001 1650 3116 1732 qui
3157 1669 3304 1714 vere
3343 1650 3520 1731 digni

2027 1747 2158 1809 sint
2199 1747 2458 1810 nomine
2497 1747 2643 1825 viri,
2677 1756 2980 1829 tanquam
3019 1749 3256 1812 virtute
3305 1749 3520 1812 viren-

410 1845 695 1922 tualiter,
748 1845 966 1926 aquilo
1028 1854 1261 1906 terram
1318 1843 1695 1924 gentilitatis
1744 1845 1911 1907 desi-
1953 1847 1997 1908 B
2029 1855 2143 1922 teS,
2178 1845 2508 1926 animique
2555 1846 2772 1926 vigore
2818 1835 3087 1909 viriles':
3121 1865 3394 1928 quorum
3423 1855 3520 1910 est

406 1951 563 2024 gnat
596 1961 611 2005 :
646 1961 723 2005 ex
758 1963 887 2024 qua
916 1962 1143 2006 aurum
1172 1942 1371 2018 venit,
1410 1941 1473 2004 id
1506 1950 1601 2004 est
1630 1942 1913 2007 Ecclesia

408 2059 486 2104 ex
526 2041 827 2122 gentibus
868 2042 1071 2104 electa
1106 2049 1301 2122 atque
1340 2041 1627 2104 collecta.

492 2143 575 2202 Ec
606 2161 647 2200 a
678 2145 807 2201 Deo
836 2142 1258 2218 formidolosa
1285 2141 1581 2200 laudatio
1614 2139 1810 2216 venit,
1848 2140 1910 2202 id

408 2246 527 2314 cst,
563 2257 639 2300 ex
686 2238 895 2319 gratia
944 2237 1051 2300 Dei
1102 2236 1451 2313 confertur,
1494 2237 1665 2318 quod
1714 2238 1909 2301 Deum

410 2345 778 2400 reverenter
809 2355 883 2398 ac
913 2335 1208 2398 timorate
1238 2335 1571 2398 laudemus
1598 2353 1612 2398 ε
1638 2336 1909 2399 cuicum

410 2434 642 2498 timore
670 2434 917 2498 cultum
947 2443 1007 2498 et
1040 2433 1291 2496 laudem
1321 2434 1629 2496 debemus
1664 2435 1911 2517 impen-

140 2551 379 2600 emmi.
409 2535 583 2610 dere,
614 2535 793 2615 juxta
843 2533 1002 2596 illud
1051 2531 1306 2609 Psalmi,
1352 2532 1596 2595 Servite
1644 2533 1911 2598 Domino

410 2633 477 2695 in
510 2631 761 2709 timore,
782 2631 1177 2695 etexsultate
1201 2631 1261 2694 ei
1285 2650 1431 2694 cum
1464 2631 1909 2695 tremore.Non

408 2731 583 2794 enim
634 2731 813 2810 digni
862 2737 927 2793 et
975 2730 1190 2794 idonei
1240 2749 1460 2792 sumus
1518 2730 1597 2791 ad
1656 2729 1909 2792 laudem

410 2828 637 2912 ipsius,
688 2829 812 2891 nisi
864 2837 1175 2910 quantum
1224 2829 1362 2911 ipse
1412 2828 1911 2892 misericorditer

100 2942 379 2996 εοοιωιᾼ.
410 2928 636 2991 tribuit
679 2937 741 2992 et
791 2935 1117 3012 acceptat3
1167 2946 1284 2991 nec
1323 2928 1559 2990 scimus
1604 2946 1686 2990 an
1730 2927 1909 3008 digni

2026 1962 2155 2007 non
2197 1943 2437 2020 servili,
2473 1945 2584 2007 sed
2629 1943 2819 2006 filiali
2862 1946 2963 2008 vel
3012 1947 3234 2009 saltem
3285 1945 3518 2009 initiali

2024 2041 2254 2104 timore
2304 2043 2500 2104 Deum
2553 2042 2802 2120 timere,
2854 2043 2964 2125 qui
3013 2043 3406 2107 effeminatis
3455 2052 3520 2108 ct

2024 2139 2242 2216 fatuiS,
2278 2148 2498 2222 utpote
2527 2140 2937 2219 intimoratiS,
2973 2143 3258 2224 loquitur
3287 2162 3401 2224 per
3425 2143 3518 2206 Je-

2023 2238 2290 2300 remiam
2327 2255 2340 2299 :
2373 2231 2558 2312 Audi,
2595 2239 2830 2320 popule
2861 2239 3074 2316 stulte,
3108 2240 3222 2321 qui
3251 2259 3380 2304 non
3411 2241 3516 2302 ha·
3569 2263 3663 2306 Jer.
3683 2266 3804 2314 v,21.

2023 2336 2134 2399 bes
2167 2355 2420 2414 cor,me
2442 2354 2570 2398 non
2601 2336 3008 2419 timebiS‚qui
3042 2337 3226 2420 posui
3256 2357 3513 2402 arenam
3543 2327 3612 2371 ²²·

2024 2435 2372 2498 terminum
2415 2435 2621 2498 mari?
2659 2436 2861 2509 Quum
2906 2437 3078 2500 enim
3110 2437 3248 2499 laus
3279 2437 3362 2499 sit
3391 2437 3518 2502 vir-

2026 2534 2202 2610 tutis,
2221 2535 2568 2597 secundum
2601 2534 3080 2617 Philosophum,
3106 2535 3161 2597 is
3181 2536 3366 2616 cujus
3396 2536 3518 2601 vir-

2024 2640 2125 2693 tus
2183 2639 2442 2713 propter
2500 2650 2680 2694 suam
2735 2632 3176 2695 excellentiam
3233 2632 3516 2715 perfecte

2022 2747 2149 2792 non
2184 2729 2492 2806 noscitur,
2511 2748 2657 2792 cum
2691 2729 2918 2793 timore
2948 2730 3260 2794 laudatur.
3283 2735 3517 2794 Ecnon

2020 2830 2352 2888 audebunt
2397 2831 2847 2908 contemplari,
2882 2829 2946 2892 id
2995 2838 3112 2906 est,
3155 2831 3352 2893 Deum
3402 2849 3517 2911 per

2022 2925 2630 3006 contemplationem
2693 2925 3026 3010 adspicere
3088 2945 3215 2990 non
3273 2946 3512 3011 praesu-

408 3026 610 3089 simus
674 3045 919 3104 amore,
986 3026 1131 3088 ideo
1191 3024 1536 3088 formidare
1604 3025 1910 3088 debemus
1947 3024 1990 3088 C
2021 3031 2219 3101 ment,
2242 3024 2427 3105 quasi
2460 3023 2748 3088 valentes
2777 3026 3318 3108 comprehendere
3345 3045 3509 3104 eum,

408 3143 490 3187 ne
547 3124 687 3187 laus
745 3132 965 3188 nostra
1013 3123 1137 3186 sibi
1189 3123 1558 3205 displiceat,
1613 3123 1910 3205 dicatque

158 3241 226 3284 ι..
262 3222 489 3291 1=1x‚de
544 3222 731 3286 nobis
775 3241 789 3284 ε
837 3223 1115 3304 Populus
1165 3221 1269 3285 hic
1313 3221 1501 3284 labiis
1558 3241 1661 3284 me
1710 3223 1909 3286 hono-

104 3305 380 3414 }{jg‘mh‘
410 3331 527 3399 rat,
562 3341 673 3386 cor
710 3330 925 3384 autem
966 3339 1186 3384 eorum
1231 3321 1419 3400 longe
1461 3329 1559 3383 est
1596 3341 1633 3382 a
1671 3340 1810 3401 me;
1847 3329 1911 3384 et

150 3421 580 3501 1²⁸.xm.quod
622 3439 841 3482 rursus
880 3419 969 3480 ait
1008 3418 1332 3500 Scriptura
1372 3436 1387 3480 :
1433 3419 1753 3482 Peccatori
1801 3438 1909 3480 au-

106 3504 167 3544 ¹⁶·
407 3527 536 3580 tem
567 3517 729 3580 dixit
766 3517 953 3594 DeuS,
986 3515 1188 3591 Quare
1230 3525 1297 3578 tu
1336 3536 1594 3579 enarras
1625 3517 1907 3598 justitias

405 3620 626 3680 meas?

484 3717 699 3793 Dique
742 3735 891 3774 eum
936 3715 1233 3774 invenire
1274 3734 1405 3774 non
1438 3734 1810 3792 possumuS,
1841 3715 1907 3776 id

404 3821 522 3889 est,
544 3831 620 3876 ex
650 3811 960 3875 creaturis
990 3830 1137 3873 eum
1170 3827 1553 3891 cognoscere
1586 3829 1713 3874 non
1744 3811 1907 3875 vale-

403 3931 549 3973 mus
598 3910 950 3974 secundum
994 3909 1396 3990 dignitatem,
1439 3907 1903 3990 perfectionem

404 4017 467 4072 et
510 4007 955 4072 excellentiam
996 4025 1123 4087 qua
1163 4006 1230 4067 in
1272 4025 1341 4069 se
1380 4007 1522 4089 ipso
1561 4006 1853 4069 subsistit
1888 4025 1901 4069 :

404 4107 534 4170 imo
563 4127 603 4169 a
636 4104 925 4189 perfecta
954 4105 1514 4187 repraesentatione
1545 4105 1781 4168 divinae
1810 4124 1907 4168 es-

2021 3131 2129 3184 aut
2168 3141 2282 3204 per
2325 3122 2604 3204 speciem
2647 3123 2716 3185 in
2759 3123 2890 3186 vita
2927 3124 3048 3187 hac
3085 3143 3366 3201 cernere,
3401 3143 3515 3188 seu

2021 3219 2305 3302 perfecte
2353 3239 2779 3303 cognoscere3
2820 3241 3038 3282 omnes
3086 3225 3204 3302 qui
3249 3225 3376 3284 sibi
3421 3225 3515 3284 vi-

2018 3323 2261 3379 dentur
2287 3321 2627 3396 sapiente&
2663 3319 2726 3382 id
2761 3327 2877 3396 est,
2912 3320 3026 3401 qui
3057 3339 3206 3384 vere
3235 3329 3384 3384 sunt
3419 3341 3516 3385 sa-

2022 3416 2272 3498 pientes
2324 3416 2390 3478 in
2435 3417 2668 3480 saeculo
2715 3417 2858 3481 isto.
2894 3417 3028 3491 Quo
3067 3419 3239 3482 eniin
3272 3419 3516 3484 fuerint

2019 3514 2460 3596 sapientioreS,
2480 3533 2556 3577 eo
2579 3515 2688 3578 Dei
2721 3516 3284 3597 incomparabilem
3317 3519 3513 3582 excel-

2020 3614 2284 3677 lentiam
2312 3632 2386 3676 ac
2416 3613 2694 3696 propriae
2721 3615 2954 3677 mentis
3002 3614 3513 3680 imbecillitatem

2017 3711 2254 3775 clarius
2285 3720 2575 3787 noscunt,
2595 3712 3060 3793 discretiusque
3090 3715 3512 3795 perpendunt.

2016 3809 2256 3872 Idcirco
2317 3827 2445 3872 non
2495 3810 2794 3890 ingerunt
2839 3829 2908 3874 se
2955 3812 3036 3874 ad
3084 3811 3514 3894 impossibilia

2018 3909 2400 3990 peragenda,
2423 3909 2534 3971 sed
2565 3909 2872 3972 honorem
2905 3910 3059 3972 dant
3089 3910 3432 3974 Deo.Unde
3450 3920 3513 3975 et

2016 4006 2190 4069 Plato
2220 4006 2310 4068 ait
2341 4007 2407 4067 in
2437 4007 2646 4089 primo
2676 4005 2895 4070 Timaei
2933 4025 2946 4070 :
2980 4007 3343 4072 Genitorem
3383 4009 3512 4091 opi-

2017 4104 2338 4186 ficemque
2383 4104 2662 4168 universi
2707 4113 2834 4167 tam
2877 4104 3152 4170 difficile
3193 4107 3506 4184 invenire,

402 4205 648 4282 sentiae,
702 4222 924 4267 omnes
973 4210 1278 4266 creaturae
1324 4202 1641 4266 deficiunt
1687 4201 1907 4266 infini-
1936 4202 1987 4264 D
2018 4223 2210 4284 quam
2251 4203 2584 4268 inventum
2632 4203 3033 4287 impossibile
3069 4205 3260 4285 digne
3300 4205 3512 4288 profa-

404 4313 488 4379 ιε,
537 4302 1078 4385 quemadmodum
1119 4300 1188 4362 in
1226 4299 1562 4363 infinitum
1610 4301 1907 4384 imperfe-

402 4403 635 4466 ctiores
686 4409 835 4462 sunt
884 4399 1031 4462 Deo.
1077 4400 1241 4476 lde0,
1287 4399 1353 4461 in
1400 4399 1905 4464 Elementatione

404 4498 765 4581 theologica
800 4496 1004 4561 Procli
1047 4497 1377 4574 Platonici,
1413 4506 1476 4560 et
1515 4498 1583 4560 in
1627 4499 1793 4562 libro
1827 4500 1906 4561 de

405 4597 627 4662 Causis
666 4595 959 4670 habetur,
994 4596 1167 4676 quod
1211 4595 1491 4678 primum
1538 4616 1651 4660 seu
1699 4596 1906 4678 prima

407 4715 622 4773 causa,
656 4693 949 4776 superior
995 4703 1093 4756 est
1142 4693 1319 4756 omni
1368 4695 1755 4759 narratione.
1792 4695 1906 4759 Ec-

112 4808 377 4858 sseczmuu.
406 4793 805 4858 clesiasticus
828 4811 1083 4873 quoque
1098 4810 1113 4854 ε
1131 4791 1299 4869 Quis,
1316 4791 1539 4873 inquit,
1557 4792 1717 4856 vidit
1738 4813 1901 4871 eum,

140 4875 161 4884 ³
409 4901 473 4955 et
500 4889 863 4954 enarrabit?
884 4897 947 4952 et
972 4890 1116 4971 quis
1148 4889 1591 4969 magnificabit
1622 4910 1761 4954 eum
1795 4892 1907 4955 sic-

413 4999 481 5053 ut
510 4998 606 5052 est
637 4987 717 5051 ab
749 4987 975 5050 initio?
998 4991 1277 5066 Magnus
1303 4990 1698 5066 fortitudine
1718 5011 1741 5050 .·
1760 4989 1907 5072 quia

413 5087 845 5170 omnipotens,
879 5095 941 5149 et
986 5086 1044 5149 ei
1092 5086 1257 5148 idem
1307 5096 1404 5150 est
1454 5107 1613 5164 esse,
1652 5086 1910 5151 fortem-

415 5205 543 5268 que
572 5205 735 5263 esse,
755 5185 845 5247 ita
872 5184 1043 5266 quod
1076 5203 1189 5246 sua
1220 5183 1477 5247 infinita
1507 5184 1784 5247 essentia
1814 5195 1911 5247 est

418 5303 533 5348 sua
580 5282 843 5346 infinita
885 5282 1191 5366 potentia.
1227 5283 1369 5348 Ideo
1404 5282 1621 5347 omnia
1660 5292 1808 5346 sunt
1850 5283 1909 5346 ci

2015 4301 2093 4363 ri.
2112 4300 2580 4364 Perfectissima
2605 4321 2862 4384 quoque
2891 4302 3368 4384 contemplatio,
3385 4323 3511 4386 qua

2016 4399 2212 4461 Deum
2263 4399 2329 4461 in
2381 4399 2511 4462 vita
2558 4400 2676 4462 hac
2724 4401 3143 4482 contemplari
3195 4401 3504 4478 valemuS,

2016 4508 2111 4560 cst
2161 4517 2273 4580 per
2320 4497 2806 4578 abnegationem
2854 4517 2868 4560 :
2917 4519 3027 4580 per
3074 4519 3267 4582 quam
3315 4499 3508 4564 etiam

2016 4597 2083 4659 in
2125 4597 2396 4679 mystica
2441 4597 2758 4676 theologia
2799 4617 2981 4660 mens
3029 4599 3157 4662 Deo
3206 4599 3503 4677 intendit,

2016 4704 2204 4778 prout
2239 4695 2496 4759 divinus
2536 4696 2872 4778 Dionysius
2912 4697 3118 4760 docet.

2095 4794 2310 4874 ltaque
2332 4793 2495 4872 Elin,
2520 4793 2598 4856 ad
2620 4792 3082 4857 confutandum
3115 4796 3508 4879 praesumpti-

2014 4909 2204 4954 onem
2248 4911 2440 4972 quam
2482 4899 2701 4954 sancto
2738 4891 2854 4954 Job
2899 4893 3226 4973 imposuit,
3269 4911 3506 4957 sermo—

2019 5008 2164 5052 nem
2206 5007 2388 5050 suum
2427 4988 2493 5051 in
2535 4987 2940 5052 conclusione
2984 4989 3504 5071 incomparabilis

2017 5086 2404 5150 excellentia*
2443 5086 2552 5148 Dei
2594 5085 2830 5148 finivit.
2865 5086 2942 5147 Et
2979 5085 3046 5147 in
3083 5086 3506 5167 disputatione

2019 5184 2280 5266 praefata
2323 5203 2468 5264 quae
2513 5184 2680 5247 inter
2715 5183 2831 5246 Job
2871 5183 3140 5265 ejusque
3187 5183 3308 5247 ruit
3349 5183 3506 5247 ami-

2019 5301 2151 5358 coS,
2185 5282 2326 5345 Eliu
2365 5301 2702 5364 personam
2741 5281 3224 5346 determinantis
3265 5303 3507 5348 assum-
