4309 6259
842 500 1192 548 manuario
1235 500 1297 546 m
1339 501 1475 546 car.
1521 500 1694 545 xxvii
1736 500 1892 545 uam
1932 499 2104 547 rann
2143 500 2673 551 PARAuronanoN.
2716 524 2797 533 —
2836 505 2980 551 aar.
3026 506 3197 555 xxvxi
3452 490 3567 552 177

449 674 803 745 Decimus,
857 692 1070 734 mense
1113 675 1386 743 decimo,
1439 673 1680 743 Mami,
1731 682 1791 733 et
1839 674 1973 750 ipse
1999 667 2052 731 A
2083 674 2252 750 reqis
2279 676 2525 745 David,
2565 674 2629 737 id
2673 683 2790 754 est,
2833 678 3123 739 redactus
3164 676 3300 741 sive
3338 674 3571 739 deseri-

451 771 992 847 Netophathites,
1021 775 1100 831 de
1125 774 1328 849 stirpe
1347 773 1597 833 Zarahi
1610 795 1636 842 ,·
1663 780 1722 831 et
1742 772 1814 830 in
1840 779 1974 830 tur-

451 887 580 927 ma
623 868 768 946 ejus
813 870 1059 947 viyinti
1100 878 1382 948 quatuor
1419 870 1658 929 millia.
1709 868 1975 929 Undeci-

449 987 642 1037 τηρεε,
678 988 892 1027 mense
911 971 1271 1038 undecimo,
1303 969 1598 1030 Banaias
1614 968 1976 1030 Pharatho-

447 1066 666 1133 nites,
695 1069 776 1125 cle
801 1068 970 1143 filiis
993 1067 1314 1143 Ephraim
1335 1090 1364 1137 ,·
1399 1074 1460 1125 et
1489 1067 1562 1125 in
1588 1076 1805 1125 turma
1833 1064 1974 1141 ejus

449 1164 720 1238 viyinti
747 1174 1030 1243 quatuor
1061 1166 1300 1226 millia.
1329 1165 1972 1231 DuoclecimuS,men-

445 1280 528 1319 se
577 1263 989 1330 duodecimo,
1035 1265 1282 1323 Holdai
1331 1263 1840 1339 Netophathites,
1891 1262 1970 1318 de

441 1362 674 1437 stirpe
705 1362 1004 1423 othoniel
1024 1384 1053 1432 ‚·
1091 1369 1151 1419 et
1181 1362 1255 1422 in
1288 1370 1505 1421 turma
1545 1360 1687 1437 ejus
1727 1358 1970 1435 viqinti

443 1469 755 1537 quatuor
781 1461 1022 1519 millia.

543 1560 759 1618 Porro
793 1557 1086 1618 tribubus
1107 1567 1442 1635 proeerant
1477 1558 1548 1617 in
1570 1559 1817 1617 Israel:
1839 1558 1970 1615 Ru-

443 1657 580 1715 ben
591 1657 726 1727 itis,
760 1659 904 1717 dux
924 1658 1186 1717 Eliezer
1212 1658 1398 1733 filius
1421 1656 1655 1716 Zechri
1671 1678 1693 1725 ,·
1724 1655 1968 1715 Simeo-

441 1754 661 1821 nitis,
689 1756 834 1813 dum
883 1755 1238 1832 Saphatias
1277 1756 1460 1831 filius
1491 1754 1766 1814 Asaacha
1789 1775 1814 1821 ,·
1852 1753 1967 1811 Le-

2081 778 2230 852 ptus
2263 790 2391 835 non
2421 782 2517 836 est
2547 773 2613 835 in
2644 774 2825 837 libris
2844 775 3205 852 annalibus,
3231 775 3296 837 in
3329 774 3564 857 quibus

2080 869 2531 932 describuntur
2585 882 2761 952 gesta
2814 874 2989 935 anni.
3054 873 3229 936 Unde
3286 874 3561 948 videtur,

2080 969 2252 1047 quod
2275 969 2470 1033 David
2501 971 2866 1035 cordialiter
2884 972 2963 1035 de
2984 991 3098 1034 sua
3118 972 3417 1053 superbia
3439 988 3572 1053 poe-

2083 1065 2395 1144 nitens‚et
2423 1068 2621 1131 Deum
2651 1070 2772 1132 sibi
2796 1070 3209 1133 reconciliare
3238 1078 3564 1152 exoptanS,

2081 1182 2209 1227 non
2258 1167 2549 1248 permisit
2606 1188 2943 1232 numerum
2993 1169 3175 1232 illum
3226 1168 3449 1233 referri
3502 1168 3567 1231 in

2079 1261 2261 1325 fastis
2290 1284 2366 1328 ex
2408 1267 2789 1345 humilitate,
2824 1267 2977 1350 quia
3006 1268 3296 1350 peccavit
3340 1268 3406 1330 in
3448 1287 3566 1329 nu-

2078 1362 2449 1425 meratione.
2473 1362 2647 1437 Quod
2679 1372 2885 1427 textus
2918 1365 3068 1427 satis
3102 1366 3370 1428 innuere
3399 1364 3567 1428 vide·

2081 1466 2183 1520 tur
2230 1477 2245 1521 ε
2286 1461 2462 1539 Joab,
2505 1462 2825 1545 inquiens,
2874 1471 3152 1546 coeperat
3198 1463 3557 1541 numerare,

2077 1574 2195 1619 nee
2226 1560 2591 1641 complevit,
2618 1562 2773 1642 quia
2804 1560 2993 1644 super
3013 1562 3134 1624 hoo
3167 1561 3261 1623 ira
3290 1561 3563 1623 irruerat

2077 1654 2143 1716 in
2176 1655 2387 1719 Israel.
2413 1656 2651 1731 Quibus
2678 1660 2889 1722 verbis
2921 1660 3192 1741 adjecit:
3218 1660 3293 1722 Et
3321 1659 3562 1727 ideireo

2077 1774 2381 1819 numerus
2412 1776 2628 1821 eorum
2660 1758 2773 1839 qui
2795 1759 3089 1823 recensiti
3124 1767 3293 1835 sunt,
3329 1768 3451 1822 ete.

445 1854 654 1920 vitz‘s,
690 1854 1010 1913 Hasabias
1035 1855 1220 1928 filius
1253 1854 1562 1923 Camuel,·
1599 1850 1961 1919 Aaronicis,
1995 1848 2040 1909 B
2153 1852 2631 1935 Consequenter
2668 1854 3112 1935 exprimuntur
3144 1855 3209 1917 in
3251 1863 3426 1918 textu
3457 1875 3564 1919 eu-

443 1952 726 2021 Sadoc,·
749 1952 1069 2021 Iudaicis,
1095 1953 1254 2013 Eliu
1285 1952 1496 2025 frater
1514 1951 1733 2011 David
1747 1972 1775 2019 ,·
1803 1951 1966 2009 Issa-

443 2049 766 2121 charitis‚
789 2051 988 2111 Amri
1003 2052 1189 2127 filius
1211 2050 1518 2119 Michael,·
1537 2048 1960 2115 ZabulonitiS,

437 2149 786 2208 Jesmaias
805 2150 992 2224 filius
1010 2150 1280 2219 Aluum
1301 2148 1656 2223 Nephthali
1661 2147 1850 2216 tibus,
1870 2146 1967 2205 Je-

443 2247 710 2307 rimoth
751 2249 936 2323 filius
975 2248 1192 2308 Ozriel
1210 2269 1238 2317 ,·
1263 2247 1428 2323 filiis
1448 2245 1798 2322 Ephraim,
1824 2245 1968 2303 Osee

443 2346 654 2420 filius
699 2346 950 2407 Ozaziu
968 2369 995 2416 ,·
1049 2346 1354 2404 dimidiae
1401 2343 1604 2403 tribui
1642 2343 1962 2412 Manasse,

439 2446 604 2504 Joel
614 2444 798 2519 filius
817 2444 1179 2513 Phadaioe,·
1204 2450 1265 2501 et
1283 2442 1583 2501 dimidia?
1607 2441 1810 2500 tribui
1831 2442 1968 2501 Ma-

446 2562 656 2601 nasse
696 2543 770 2601 in
813 2543 1094 2610 Galaad,
1122 2542 1335 2601 Jadclo
1373 2540 1556 2615 filius
1587 2540 1968 2609 Zacharioe;

446 2640 829 2717 Benjamin
849 2648 1088 2709 aute-m,
1109 2640 1312 2698 ,Ias-iel
1329 2638 1512 2715 filius
1531 2640 1788 2707 Abner‚·
1815 2638 1966 2697 Dan

447 2756 642 2808 ver0‚
665 2738 937 2797 Ezrihel
954 2738 1136 2814 filius
1163 2736 1490 2797 Jeroham.
1517 2737 1612 2796 Hi
1639 2736 1966 2811 principes

441 2836 764 2914 filiorum
793 2838 1022 2897 Israel.
1060 2834 1203 2897 Haec
1247 2833 1644 2915 expositione
1691 2852 1818 2895 non
1865 2832 1965 2894 in-

447 2934 709 3014 digent.

2077 1953 2288 2014 stodes
2315 1961 2378 2015 et
2408 1952 2707 2034 praesides
2740 1954 3180 2017 thesaurorum
3230 1962 3411 2017 terrae
3454 1974 3565 2017 na-

2076 2050 2391 2113 scentium
2421 2052 2607 2131 regiS,
2642 2052 2940 2115 videlieet
2969 2052 3081 2134 qui
3117 2053 3562 2115 custodiebant

2075 2149 2331 2211 divitias
2359 2152 2497 2232 ejus
2540 2151 2859 2213 naturales
2900 2160 2963 2214 et
3001 2150 3397 2229 artificiale-S,
3431 2170 3565 2215 mo-

2075 2247 2237 2310 biles
2268 2256 2460 2330 atque
2492 2248 2851 2313 immobiles
2886 2267 2899 2311 :
2934 2250 3087 2331 quia
3124 2269 3201 2313 ex
3231 2250 3567 2314 rationabi-

2079 2346 2248 2408 libus
2291 2348 2498 2409 causis
2550 2348 2695 2411 lieet
2745 2348 3001 2428 regibus
3050 2357 3113 2412 et
3162 2349 3563 2432 principibus

2080 2445 2523 2524 thesaurizare,
2550 2455 2759 2509 tamen
2790 2466 2936 2510 eum
2966 2449 3421 2511 moderamine.
3443 2452 3565 2510 Su-

2067 2563 2189 2619 per
2239 2548 2562 2605 thesauros
2618 2555 2833 2605 autem
2883 2548 3051 2623 reyis
3098 2547 3237 2624 fuit
3285 2549 3563 2608 Azmoth

2075 2646 2152 2719 fil
2159 2646 2257 2703 ius
2279 2646 2493 2705 Adiel.
2520 2646 2643 2705 His
2663 2654 2879 2704 autem
2904 2647 3221 2705 thesauris
3240 2647 3563 2725 quierant

2076 2742 2149 2800 in
2184 2743 2446 2801 urbibus
2473 2751 2533 2802 et
2562 2744 2635 2801 in
2668 2743 2827 2801 vicis
2856 2752 2915 2803 et
2955 2744 3028 2801 in
3062 2744 3376 2813 turribus,
3402 2760 3563 2819 prce-

2075 2842 2321 2901 sidebat
2346 2843 2675 2902 Jonatlzan
2702 2843 2885 2918 filius
2907 2842 3101 2905 Ozioe.
3128 2834 3319 2919 Operi
3348 2852 3563 2903 autem

2075 2942 2315 3000 rustico
2342 2950 2401 2999 et
2432 2941 2735 3016 ayricolis
2754 2941 2872 3019 qui
2899 2942 3273 3001 exercebant
3296 2950 3563 3011 terram,

547 3034 783 3096 Noluit
816 3042 1057 3093 autem.
1089 3030 1192 3093 Sic
1221 3030 1416 3093 scribi
1456 3030 1667 3107 debet,
1702 3038 1766 3093 et
1807 3048 1957 3107 non,
2001 3038 2045 3101 C
2066 3047 2348 3115 proeerat
2378 3039 2545 3099 Ezri
2574 3040 2758 3115 filius
2791 3040 3072 3109 Chelub,·
3104 3040 3565 3119 vinearumque

449 3130 971 3211 voluit.1taque,
998 3129 1205 3193 noluit
1224 3130 1446 3190 David
1465 3150 1812 3191 numerare
1839 3150 1959 3202 εοε,

451 3229 772 3296 videlicet
819 3228 995 3292 filios
1041 3226 1254 3305 Israel,
1297 3249 1340 3289 a
1377 3230 1620 3305 viyinti
1659 3230 1853 3289 annis
1903 3237 1963 3288 et

2073 3138 2446 3208 cultoribus,
2471 3137 2756 3197 Semeias
2784 3138 3226 3209 Romathites,·
3248 3139 3426 3197 cellis
3452 3158 3567 3198 au-

2077 3242 2199 3294 tem
2230 3235 2531 3305 vinariiS,
2558 3236 2836 3295 Zabdias
2856 3236 3225 3311 Aphonites.
3256 3235 3429 3297 Nam
3462 3256 3566 3296 su-

455 3330 776 3407 inferius,
814 3327 879 3390 id
909 3335 1008 3389 est
1036 3344 1146 3389 eos
1177 3325 1290 3407 qui
1331 3326 1618 3389 nondum
1652 3334 1966 3391 venerunt
2064 3352 2187 3409 per
2205 3333 2439 3392 oliveta
2452 3336 2709 3409 ecficeta
2729 3352 2871 3413 quoe
2890 3342 3079 3394 erant
3098 3335 3171 3393 in
3196 3336 3563 3411 campestri-

451 3429 546 3491 ad
587 3426 846 3492 virilem
893 3434 1164 3501 aetatem,
1213 3432 1474 3506 propter
1517 3444 1738 3489 eorum
1779 3424 1968 3487 innu-

454 3526 966 3591 merabilitate-m
1005 3541 1019 3586 2
1062 3524 1206 3587 ideo
1245 3523 1560 3601 subditur,
1593 3526 1750 3603 quia
1785 3527 1969 3585 dime-

455 3636 576 3687 rat
591 3626 941 3695 Domina-3,
964 3632 1038 3683 ut
1059 3624 1529 3699 multiplicaret
1561 3620 1738 3684 filios
1763 3625 1968 3684 Israel

178 3754 314 3797 Ge.-
341 3762 424 3797 xv,
458 3726 662 3806 quasi
699 3726 922 3784 stellas
958 3723 1146 3783 coeli:
1178 3719 1322 3783 ideo
1363 3719 1482 3783 viri
1526 3729 1588 3783 et
1628 3720 1808 3802 pueri
1853 3740 1969 3782 nu-

111 3814 424 3923 Ξζξὴξῗῑ
459 3821 704 3887 merari
737 3820 848 3885 vix
891 3820 1272 3902 potuissent.
1303 3820 1462 3879 Joab
1497 3821 1682 3895 filius
1711 3820 1967 3881 Sarvice

117 3912 324 3989 aaa„
349 3908 426 3980 io.
457 3930 746 3999 coeperat
775 3938 1122 3981 numerare
1149 3936 1188 3979 a
1216 3916 1445 3998 viginti
1465 3917 1651 3979 annis
1672 3926 1736 3981 et
1751 3936 1964 3999 supra,

139 4042 310 4085 iper.
329 4051 428 4087 m.
463 4041 586 4083 nec
603 4019 987 4097 complevit:
1004 4034 1132 4079 non
1153 4014 1324 4078 enim
1350 4016 1710 4080 numeravit
1730 4016 1968 4078 tribum

119 4110 170 4148 ὃ·
461 4118 624 4182 Levi
653 4126 718 4181 et
746 4114 1124 4197 Benjamin;
1168 4116 1326 4193 quia
1363 4134 1556 4192 super
1592 4118 1708 4176 hoc
1736 4117 1842 4176 ira
1871 4117 1966 4175 ir-

2076 3432 2211 3501 bus,
2246 3434 2551 3491 Balanan
2595 3432 2916 3492 Gederites
2935 3455 2962 3504 ,·
3002 3451 3195 3509 super
3230 3434 3565 3510 apothecas

2075 3537 2293 3589 autem
2320 3530 2469 3598 olei,
2496 3530 2665 3589 Joas.
2704 3532 2906 3590 Porro
2938 3533 3251 3592 armentis
3281 3551 3425 3611 quoe
3446 3551 3565 3609 pa-

2073 3630 2411 3687 scebantur
2432 3629 2505 3687 in
2529 3630 2757 3695 Saron,
2770 3630 3157 3705 praepositus
3175 3630 3314 3706 fuit
3339 3630 3560 3690 Setrai

2074 3727 2455 3797 Saronites,·
2490 3734 2551 3785 et
2574 3745 2770 3803 super
2798 3728 2973 3786 boves
3003 3728 3077 3787 in
3108 3730 3409 3798 vallibus,
3446 3730 3563 3789 Sa-

2070 3828 2235 3901 phat
2261 3826 2444 3901 filius
2474 3826 2675 3894 Adli,·
2700 3843 2892 3901 super
2919 3828 3187 3885 camelos
3217 3845 3384 3895 ver0,
3418 3825 3565 3887 Ubil

2077 3924 2478 3993 [smaelites;
2522 3931 2583 3982 et
2628 3941 2822 3999 super
2862 3924 3099 3993 asinos,
3152 3924 3379 3982 Jadias
3430 3925 3564 3982 Me·

2076 4022 2465 4091 ronathites,·
2490 4039 2682 4097 super
2708 4040 2849 4080 oves
2878 4040 3146 4100 quoque,
3183 4022 3373 4082 Jaziz
3394 4024 3563 4099 Agya—

2075 4139 2241 4179 reus.
2276 4122 2501 4181 Omnes
2540 4118 2613 4177 hi
2640 4118 2963 4195 principes
2991 4120 3363 4179 substantioe
3393 4120 3561 4196 reqis

461 4227 698 4279 ruerat
737 4218 809 4275 in
854 4216 1064 4275 Israel
1095 4234 1118 4273 .·
1150 4212 1213 4273 id
1253 4220 1371 4289 est,
1407 4220 1750 4295 antequam
1793 4221 1961 4276 totus
2000 4224 2050 4285 D
2079 4219 2319 4279 David.
2359 4219 2688 4277 Jonathan
2734 4226 2952 4277 autem
2998 4227 3275 4295 patruus
3321 4218 3561 4289 David,

129 4346 427 4400 nnqsm,
461 4316 752 4399 populus
801 4320 1247 4375 numeraretur
1288 4330 1325 4373 a
1371 4310 1548 4389 Joab,
1581 4312 1744 4375 Deus
1794 4312 1970 4375 misit

131 4414 214 4513 ’ζ
245 4408 266 4513 ξ
280 4406 427 4511 4¹⁰¹*
459 4424 718 4499 pestem
749 4414 818 4474 in
849 4411 1182 4495 populum,
1215 4418 1476 4492 propter
1506 4420 1837 4492 peceatum
1867 4432 1966 4475 su-

127 4487 160 4515 ¹
210 4506 222 4521 ’
311 4500 328 4512 ’
459 4514 710 4599 perbiae
731 4531 862 4595 qua
886 4510 1083 4573 David
1113 4510 1390 4591 jusserat
1419 4517 1622 4573 totum
1648 4512 1955 4593 populum

457 4610 824 4686 numerari3
851 4618 915 4672 et
933 4607 1060 4670 nisi
1081 4607 1386 4670 Dominus
1410 4607 1570 4669 iram
1591 4627 1772 4671 suam
1793 4629 1966 4673 mon-

455 4721 754 4789 strasset,
799 4708 1132 4793 probabile
1175 4714 1272 4771 est
1317 4708 1491 4788 quod
1534 4708 1729 4773 David
1777 4709 1968 4774 fecis-

455 4820 562 4877 set
595 4807 922 4874 numerari
944 4807 1252 4870 residuos.
1279 4810 1364 4869 E't
1385 4808 1628 4867 idcirco
1651 4828 1960 4871 numerus

451 4931 690 4974 eorum
717 4910 838 4990 qui
867 4908 1147 4986 fuerunt
1183 4907 1509 4976 recensiti,
1543 4906 1664 4969 hoc
1696 4914 1813 4984 est,
1848 4926 1965 4969 nu-

457 5008 698 5073 merati
747 5025 860 5069 seu
895 5002 1376 5068 commemorati
1418 5022 1532 5085 per
1571 5004 1963 5068 numeralem

453 5106 993 5189 descriptionem,
1043 5124 1172 5164 non
1222 5112 1310 5163 est
1356 5108 1600 5164 relatus
1647 5106 1721 5165 in
1769 5109 1968 5186 fastos

2077 4316 2523 4385 consiliarius,
2546 4316 2652 4376 vir
2659 4325 2885 4392 potens
2903 4325 2963 4375 et
2986 4318 3276 4394 prudens
3304 4326 3364 4376 et
3398 4318 3565 4377 litte-

2078 4425 2263 4476 ratus
2280 4438 2308 4487 ,·
2352 4416 2488 4492 ipse
2537 4423 2597 4476 et
2641 4416 2857 4474 Jahiel
2901 4417 3085 4492 filius
3132 4416 3566 4485 Haehamoni,

2076 4524 2265 4575 erant
2285 4534 2434 4574 cum
2444 4514 2608 4592 filiis
2622 4515 2790 4591 reyis
2808 4513 3120 4592 David‚ad
3142 4514 3563 4577 erudiendum

2077 4631 2208 4690 eOS,
2241 4612 2343 4675 vel
2390 4612 2470 4674 ad
2517 4610 3117 4675 communicandum
3162 4632 3307 4676 oum
3354 4612 3446 4676 eis
3498 4612 3563 4674 in

2077 4710 2340 4775 honore.
2374 4711 2755 4787 Achitophel
2790 4712 2988 4772 etia-m
3028 4714 3443 4773 consiliarius
3472 4732 3565 4772 re-

2069 4812 2197 4887 yis,
2229 4819 2288 4870 et
2312 4810 2550 4871 Chusai
2566 4810 2905 4870 Arachites
2924 4810 3173 4870 amicus
3192 4812 3383 4887 reyis.
3404 4812 3561 4872 Post

2076 4910 2456 4985 Achitophel
2495 4907 2633 4984 fuit
2659 4908 2897 4968 Joiacla
2935 4909 3117 4985 filius
3161 4909 3459 4979 Banaioe‚
3500 4915 3561 4969 et

2076 5007 2418 5068 Abiathar.
2441 5007 2758 5083 Princeps
2777 5015 2993 5067 autem
3022 5008 3340 5069 exercitus
3369 5006 3560 5084 reyis,

2076 5116 2216 5166 erat
2242 5108 2421 5167 Joab.

3257 5436 3321 5493 12
