4309 6259
901 501 1021 564 416

1753 517 2098 575 ENARRATIO
2144 516 2207 561 IN
2249 516 2387 563 CAP.
2419 515 2526 560 vm
2566 516 2591 560 1
2597 516 2693 561 ΟΒ.
2738 536 2819 546 —
2858 517 3001 563 ΛΒΤ.
3046 517 3153 562 111

898 690 1162 751 tentiam
1209 708 1559 771 resurgere,
1590 688 2034 771 judiciumque
2073 688 2184 751 Dei
2225 686 2395 750 effu·
2421 685 2474 747 A
2502 686 2784 770 Eliphaz,
2818 688 3231 770 responsione
3260 705 3516 769 quoque
3543 687 3657 750 101)
3684 687 3765 748 0(1
3794 685 3993 749 verba

898 805 1047 867 gere
1093 796 1320 870 potest,
1375 806 1502 851 non
1551 788 1802 851 videtur
1849 806 2035 870 posse
2080 785 2336 849 defendi
2374 804 2387 848 :

901 884 1050 965 quia
1106 894 1170 949 et
1216 886 1352 967 ipse
1397 886 1658 968 Eliphaz
1698 885 1818 948 hoc
1869 885 2078 967 ipsum
2127 885 2393 967 apertis-

641 996 725 1039 Job
744 1000 870 1049 v,1⁷‚
901 984 1060 1046 sime
1101 982 1307 1046 fassus
1347 993 1465 1061 est,
1497 984 1714 1048 dicens
1750 1002 1763 1045 :
1796 984 2021 1045 Beatus
2056 984 2247 1046 homo
2277 982 2390 1064 qui

608 1062 674 1104 ¹⁸·
900 1083 1242 1165 corripitur
1282 1103 1318 1144 a
1361 1082 1648 1147 Domino.
1693 1082 2195 1164 Increpationem
2242 1098 2390 1161 ergo

899 1181 1149 1243 Domini
1181 1201 1262 1243 ne
1289 1181 1626 1264 reprobes:
1650 1180 1798 1263 quia
1829 1182 1966 1263 ipse
1996 1180 2302 1256 vulnerat,
2328 1188 2389 1241 et

898 1279 1208 1341 medetur.
1243 1280 1598 1361 Totumque
1643 1279 1966 1342 residuum
2009 1279 2184 1340 illius
2224 1278 2389 1360 capi-

899 1378 1016 1439 tuli
1065 1378 1342 1460 pertinet
1397 1379 1472 1440 ad
1531 1378 1672 1441 hoc.
1725 1378 2080 1442 Secundum
2132 1395 2388 1458 quoque

899 1478 1068 1557 quod
1108 1477 1402 1540 Albertus
1445 1476 1731 1540 affirmat
1774 1478 1982 1561 ipsum
2013 1477 2244 1539 Baldad
2286 1495 2389 1537 su-

899 1576 1245 1656 peraddere
1283 1576 1587 1658 positioni
1630 1576 1911 1658 Eliphaz‚
1951 1576 2086 1657 ipse
2127 1574 2386 1656 Eliphaz

603 1686 718 1729 ιὸεα.
731 1688 867 1731 2426.
898 1674 1121 1754 tangit,
1156 1675 1424 1737 dicendo
1459 1692 1472 1736 :
1507 1674 1678 1737 Scies
1709 1675 1876 1756 quod
1907 1693 2124 1756 pacem
2158 1672 2385 1736 haheat

899 1773 1375 1836 tabernaculum
1412 1782 1610 1849 tuum,
1627 1782 1688 1835 01
1709 1772 2043 1855 progenies
2067 1781 2171 1833 tua
2202 1772 2383 1853 quasi

2500 784 2777 867 Eliphaz,
2796 794 3095 867 reputans
3116 785 3541 866 obJectionem
3566 784 3827 867 Eliphaz
3848 802 3996 847 eon-

2500 884 2884 961 cludentem‚
2921 884 3531 967 responsionemque
3567 884 3682 945 101)
3727 880 3991 944 insuffi-

2500 982 2805 1059 cientem,
2860 983 2988 1045 imo
3038 983 3443 1066 insipientem
3500 991 3564 1045 et
3612 981 3989 1045 inconveni-

2499 1081 2670 1143 entia
2712 1100 2838 1143 non
2888 1102 3111 1163 parum
3154 1090 3512 1162 augentem,
3551 1100 3719 1143 nunc
3759 1080 3986 1160 objicit

2498 1188 2715 1242 contra
2742 1179 2880 1256 101),
2915 1182 3133 1243 volens
3165 1180 3334 1243 dieta
3360 1179 3621 1262 Eliphaz
3649 1177 3989 1243 confirma·

2498 1296 2587 1339 re.
2621 1279 2834 1360 Itaque
2882 1279 3114 1342 dicitur
3149 1297 3162 1340 :
3194 1283 3602 1357 Respondeas
3642 1288 3883 1347 autem,
3920 1278 3983 1338 id

2497 1386 2591 1439 est
2616 1377 3089 1459 proportionata
3108 1379 3207 1458 (ut
3228 1378 3350 1440 sibi
3373 1378 3694 1459 apparuit)
3716 1376 3983 1457 loquens

2495 1476 2575 1537 ad
2614 1475 2809 1539 verba
2834 1476 2971 1552 101),
3002 1480 3267 1538 Baldad
3294 1480 3575 1549 Suhz'oeS,
3608 1478 3785 1536 dia-it
3814 1496 3838 1536 .·
3882 1478 3985 1535 Us-

2496 1596 2739 1654 quequo
2790 1577 3067 1655 loqueris
3116 1578 3277 1636 talia
3326 1582 3852 1658 praesumptuosa,
3900 1574 3981 1635 ad

2497 1673 2588 1735 tui
2643 1673 3195 1755 justificationem,
3247 1674 3609 1755 divinaeque
3659 1673 3981 1753 aequitatis

2493 1771 2963 1852 derogationem
2998 1773 3367 1855 spectantia,
3392 1781 3611 1856 utpote
3640 1772 3812 1853 quod
3840 1772 3978 1833 sine

897 1871 1092 1934 herba
1127 1880 1327 1935 terrae.
1363 1872 1736 1952 ingredieris
1767 1872 1832 1932 in
1861 1871 2252 1933 abundantia
2289 1888 2383 1932 se-
2418 1872 2464 1933 B
2498 1878 2602 1932 tuo
2640 1870 2947 1933 demerito
2986 1872 3073 1932 sis
3113 1890 3449 1954 percussus
3488 1891 3523 1932 a
3561 1872 3709 1947 Deo,
3742 1878 3809 1933 ot
3850 1870 3977 1931 diei

896 1970 1212 2051 pulcrum,
1247 1970 1411 2033 sicut
1455 1969 1730 2033 infertur
1770 1990 2034 2035 acervus
2078 1970 2274 2032 tritici
2315 1970 2380 2031 in

895 2078 1179 2152 tempore
1201 2088 1329 2131 su0.
1349 2070 1483 2132 Non
1505 2069 1859 2132 intentione
1885 2068 2267 2151 reprobandi
2289 2068 2383 2130 Al-

893 2167 1142 2229 bertum
1173 2168 1460 2248 Magnum
1491 2168 1624 2230 haec
1653 2168 1884 2243 scribe,
1911 2168 2021 2230 sed
2051 2174 2121 2229 ut
2150 2167 2381 2231 veritas

893 2266 1208 2329 elucescat
1233 2283 1247 2328 ε
1273 2274 1335 2329 01
1363 2266 1418 2328 15
1439 2265 1541 2328 001
1565 2267 1771 2348 010001
1792 2275 2006 2329 tenere
2023 2266 2375 2342 Albertum,

2493 1968 2841 2031 nativitatis
2892 1978 3013 2031 tuae
3062 1970 3490 2031 maledixisti?
3521 1970 3701 2051 quasi
3753 1969 3917 2031 dicat
3958 1986 3971 2030 :

2488 2068 2843 2132 Periculose
2881 2077 2945 2130 et
2983 2068 3389 2151 pertinaciter
3430 2068 3622 2131 verba
3670 2068 3979 2149 multipli-

2490 2185 2617 2228 005.
2654 2170 2736 2228 Et
2780 2169 3055 2244 spiritus
3102 2170 3447 2244 multiplex
3490 2168 3801 2227 sermonis
3844 2168 3977 2227 oris

2490 2267 2639 2325 tui?
2668 2264 2940 2347 Spiritus
2971 2266 3353 2346 quandoque
3385 2284 3499 2347 pro
3530 2266 3620 2326 ira
3660 2284 3771 2328 seu
3812 2266 3976 2327 indi-

893 2365 1085 2429 verba
1123 2366 1262 2446 ejus
1309 2366 1604 2442 resolvat,
1655 2385 1797 2447 quae
1843 2366 2002 2427 mihi
2043 2364 2377 2428 irresoluta
2484 2363 2784 2443 gnatione
2810 2362 3141 2445 accipitur,
3179 2364 3559 2445 quandoque
3588 2381 3703 2446 pro
3732 2364 3968 2425 anima.

894 2464 1211 2526 videntur.

957 2563 1195 2643 Itaque,
1215 2582 1361 2625 cum
1381 2564 1444 2623 B.
1457 2561 1754 2642 Gregorio
1774 2570 2120 2643 sanctoque
2137 2562 2376 2624 Thoma

892 2660 958 2723 id
987 2661 1212 2737 sentio,
1235 2662 1404 2742 quod
1423 2660 1613 2724 amici
1640 2659 1756 2723 101)
1777 2660 2173 2723 concorditer
2194 2669 2379 2723 tenu-

893 2766 1078 2823 erunt
1105 2777 1358 2840 poenam
1391 2778 1508 2841 pro
1546 2759 1678 2821 sola
1717 2760 1904 2841 culpa
1935 2758 2173 2839 infligi.
2201 2760 2378 2821 Unde

892 2857 1279 2920 unanimiter
1333 2866 1608 2936 arguunt
1663 2866 1882 2921 eontra
1931 2857 2070 2935 Job,
2122 2858 2379 2940 opposi-

891 2967 1026 3019 tum
1046 2954 1499 3018 affirmantem.
1520 2956 1794 3020 Diversis
1819 2966 2028 3020 tamen
2049 2975 2379 3037 argumen-

2488 2458 2833 2542 Dupliciter
2860 2478 3009 2541 ergo
3037 2460 3158 2523 hoc
3178 2459 3445 2522 verbum
3473 2460 3835 2541 exponitur.
3852 2461 3975 2522 Pri-

2489 2558 2591 2621 m'o
2640 2558 2731 2621 sic
2766 2575 2779 2619 :
2814 2558 3087 2641 Spiritus
3126 2558 3437 2621 sermonis
3476 2558 3605 2621 oris
3634 2559 3749 2635 tui,
3784 2558 3847 2620 id
3877 2568 3973 2622 est

2488 2658 2579 2718 ira
2610 2676 2718 2721 seu
2749 2656 3102 2738 indignatio
3140 2658 3241 2721 vel
3282 2657 3694 2740 impatientiae
3736 2658 3969 2740 passio,

2487 2774 2563 2819 ex
2594 2776 2719 2838 qua
2750 2765 2854 2818 tua
2886 2756 3172 2838 procedit
3201 2756 3458 2831 locutio,
3483 2764 3579 2819 est
3608 2756 3967 2839 multiplex,

2486 2872 2734 2935 magna,
2767 2873 3182 2936 perseverans
3221 2863 3282 2917 et
3321 2854 3536 2933 varia3
3578 2864 3643 2917 01
3680 2874 3853 2917 nunc
3895 2857 3971 2918 de

2488 2954 2630 3029 ist0,
2669 2972 2836 3017 nunc
2874 2955 2951 3016 de
2991 2952 3102 3016 illo
3142 2952 3437 3029 turbariS‚
3471 2972 3546 3016 ex
3583 2953 3971 3017 turbatione-

891 3054 974 3117 tis
1017 3062 1301 3131 utuntur,
1345 3056 1636 3135 quamvis
1672 3057 1752 3118 ad
1781 3057 2066 3118 eamdem
2116 3056 2377 3118 tendant
2409 3057 2455 3121 C
2488 3071 2612 3133 que
2644 3052 2943 3133 loqueris.
2976 3052 3065 3115 lta
3092 3053 3440 3114 secundum
3468 3051 3775 3129 Glossam,
3807 3052 3970 3115 acci-

889 3152 1386 3216 conclusionem.
1438 3154 1614 3217 Unde
1661 3172 1788 3216 non
1837 3154 2150 3235 sequitur,
2205 3155 2375 3235 quod

889 3251 1154 3314 diversae
1194 3251 1358 3313 inter
1397 3270 1463 3314 se
1512 3249 1751 3314 fuerint
1789 3252 2112 3333 opinionis
2153 3252 2235 3314 ob
2286 3252 2370 3328 id,

889 3350 1059 3430 quod
1107 3350 1312 3411 varias
1351 3350 1586 3413 habent
1621 3352 2002 3414 assertiones
2041 3370 2114 3414 ae
2162 3352 2377 3413 multi-

887 3448 1079 3530 plicia
1108 3448 1316 3511 media
1354 3468 1465 3512 seu
1505 3448 1931 3512 multiformes
1963 3451 2321 3532 praemissas
2357 3468 2370 3513 :

887 3546 1006 3609 hoc
1038 3546 1276 3629 quippe
1306 3547 1590 3628 quotidie
1621 3547 1685 3609 in
1715 3548 2257 3629 disputationibus
2289 3548 2375 3609 ita

886 3664 954 3706 50
984 3644 1176 3707 habet
1203 3669 1217 3720 ;
1250 3653 1312 3707 01
1342 3645 1406 3707 in
1438 3646 1882 3727 prosecutione
1912 3646 2244 3728 praesentis
2274 3666 2375 3709 ca-

885 3742 1072 3824 pituli
1104 3752 1295 3823 atque
1323 3744 1723 3824 sequentium
1750 3744 1918 3807 clare
1939 3745 2203 3827 patebit,
2222 3745 2373 3806 ami-

883 3859 1102 3903 corum
1157 3841 1360 3904 saneti
1404 3842 1520 3905 101)
1570 3862 1758 3904 unam
1807 3862 1944 3906 esse
2001 3842 2372 3926 opinionem

883 3938 1050 4002 circa
1105 3940 1568 4021 providentiam
1617 3941 1725 4003 Dei
1774 3961 1846 4004 ac
1895 3942 2178 4021 regimen
2227 3942 2371 4003 uni-

882 4037 1073 4103 versi.

959 4134 1302 4212 Postremo,
1333 4134 1536 4217 aliqui
1565 4136 1992 4218 expositiones
2031 4157 2177 4199 suas
2208 4138 2371 4201 litte-

2486 3151 2659 3233 pitur
2696 3151 2957 3234 spiritus
2997 3151 3063 3212 in
3102 3150 3352 3226 Genesi,
3388 3150 3498 3212 ubi
3538 3150 3841 3214 Dominus
3880 3153 3969 3214 lo-

2483 3250 2702 3332 quitur
2736 3268 2748 3311 :
2782 3250 2916 3313 Non
2956 3248 3355 3333 permanebit
3392 3248 3655 3332 spiritus
3688 3268 3869 3312 meus
3903 3252 3965 3312 in
4010 3270 4221 3319 Gemma.

2483 3349 2739 3411 homine
2772 3348 2837 3409 in
2866 3356 3193 3423 aeternum,
3227 3348 3377 3429 quia
3417 3366 3562 3410 caro
3600 3355 3718 3409 est.
3760 3347 3965 3411 Potest

2483 3457 2693 3509 tamen
2726 3446 2960 3509 ibidem
2993 3446 3255 3528 spiritus
3291 3445 3476 3509 aliter
3513 3445 3701 3507 sumi.
3737 3446 3966 3510 Secun-

2482 3544 2562 3606 do
2611 3546 2701 3607 sic
2737 3563 2750 3607 :
2785 3545 3057 3627 Spiritus
3098 3544 3408 3607 sermonis
3448 3544 3577 3607 oris
3617 3544 3731 3620 tui,
3767 3544 3831 3607 id
3872 3554 3967 3607 est

2481 3662 2660 3707 mens
2690 3663 2801 3708 seu
2830 3644 3043 3706 anima
3075 3652 3202 3720 tua,
3237 3664 3379 3725 quae
3408 3644 3700 3726 prorupit
3732 3644 3797 3706 in
3832 3664 3964 3709 ver-

2483 3741 2559 3803 ba
2593 3742 2961 3823 praehabita‚
2980 3750 3075 3804 est
3104 3741 3543 3824 multipliciter
3573 3742 3956 3823 passionata,

2479 3840 2706 3918 divisa,
2740 3840 3062 3916 distracta,
3098 3859 3224 3902 non
3270 3840 3335 3902 in
3382 3841 3503 3903 Deo
3551 3839 3959 3922 simplificata

2479 3960 2552 4001 00
2600 3938 2955 4003 0000110010.
3000 3938 3141 4002 ldeo
3187 3937 3416 4001 frivola
3463 3937 3711 4020 profers
3760 3949 3823 4001 et
3870 3940 3962 4001 in-

2478 4039 2789 4113 ordinata,
2823 4056 2949 4100 non
2989 4037 3561 4120 condependentia.
3603 4037 3711 4099 His
3746 4038 3959 4101 verbis

2477 4144 2803 4212 consonat,
2847 4137 3014 4217 quod
3068 4134 3235 4197 infra
3281 4136 3373 4197 ait
3416 4145 3634 4199 contra
3677 4136 3795 4199 101)
3838 4136 3961 4197 Eli-

881 4232 1044 4295 rales
1065 4251 1181 4315 pro
1201 4252 1427 4313 magna
1451 4243 1628 4315 parte
1651 4235 2006 4297 fundantin
2029 4235 2171 4313 hoc,
2198 4238 2367 4317 quod
2398 4243 2448 4304 D
2478 4235 2635 4318 phaz
2677 4251 2690 4296 :
2743 4234 2968 4297 Docuit
3016 4233 3321 4315 iniquitas
3369 4242 3477 4296 tua
3522 4252 3593 4296 os
3644 4242 3847 4310 tuum,
3899 4244 3961 4298 et
4006 4256 4083 4299 Job
4100 4256 4213 4305 ms.

879 4331 1070 4394 amici
1096 4332 1211 4395 101)
1242 4351 1368 4394 non
1408 4341 1757 4415 posuerunt
1795 4333 1990 4396 vitam
2033 4335 2366 4415 posthanc

882 4428 1098 4507 vitam,
1125 4431 1232 4492 sed
1260 4430 1539 4492 animam
1571 4432 1940 4493 rationalem
1973 4451 2111 4495 esse
2139 4442 2368 4495 morta-

879 4526 1028 4589 lem.
1060 4526 1234 4601 Quod
1280 4528 1544 4605 dictum,
1579 4530 1871 4611 superius
1919 4531 2246 4594 evidenter
2290 4551 2366 4594 ex

877 4624 1090 4688 verbis
1135 4626 1484 4689 amicorum
1525 4627 1641 4689 101)
1683 4627 2114 4709 improbatum
2163 4617 2368 4691 recor-

877 4724 1013 4801 dor,
1047 4724 1535 4806 evidentiusque
1582 4725 1874 4807 pelletur,
1921 4746 2036 4789 nec
2081 4727 2362 4807 aliquam

876 4823 1212 4903 (quantum
1242 4823 1453 4906 capio)
1480 4823 1914 4906 apparentiam
1945 4824 2157 4887 habet.
2193 4825 2366 4887 Nihi-

875 4919 938 4983 lo
971 4920 1182 4982 minus
1220 4929 1426 4983 'textus
1467 4922 1632 4983 sicut
1669 4922 2002 5003 hucusque
2039 4924 2363 5005 expositus

873 5026 990 5095 est,
1026 5018 1110 5079 ita
1140 5018 1463 5100 (10100005,
1501 5027 1837 5100 praestante
1867 5020 2106 5101 Spiritu
2135 5023 2365 5085 verita—

876 5116 979 5192 tis,
1014 5115 1369 5179 litteraliter
1397 5126 1771 5199 exponetur.

951 5214 1167 5295 Itaque
1202 5214 1434 5278 Baldad
1472 5224 1616 5298 post
1652 5215 1912 5298 Eliphaz
1954 5218 2355 5300 principaliS,

575 5332 840 5378 taram-vn.
873 5313 1088 5375 audita
1129 5314 1476 5377 assertione
1511 5314 1682 5377 beati
1719 5314 1858 5391 101),
1897 5326 1962 5379 01
1996 5317 2357 5397 objectione

2478 4333 2746 4395 imitaris
2778 4332 3059 4412 linguam
3086 4331 3690 4413 blasphemantium.

2557 4434 2902 4509 Numquid
2931 4434 3102 4492 Deus
3129 4434 3532 4508 supplan-tac,
3563 4429 3626 4492 id
3655 4439 3771 4506 est,
3806 4450 3961 4512 0010-

2474 4530 2696 4613 cipitat
2722 4538 2833 4591 aut
2863 4528 3192 4612 opprimit,
3209 4530 3575 4605 judicium,
3606 4529 3670 4591 id
3698 4538 3795 4591 est
3823 4548 3962 4592 sen-

2475 4629 2687 4690 tentiae
2711 4626 3129 4710 prolationem
3166 4644 3277 4688 seu
3307 4626 3624 4706 aequitatis
3653 4625 3959 4690 effectum

2472 4726 2816 4807 judicando
2849 4744 2974 4787 non
3007 4728 3220 4787 recte?
3248 4734 3365 4785 auc
3386 4727 3799 4803 Omnipotens
3826 4729 3961 4787 sub-

2476 4826 2665 4885 vertit
2703 4827 2873 4903 quod
2892 4825 3157 4899 justum
3191 4826 3328 4883 est?
3362 4823 3544 4903 quasi
3585 4823 3755 4885 (11001
3791 4842 3805 4885 :
3851 4824 3959 4887 Ne-

2475 4941 2795 5003 quaquam
2822 4944 2836 4997 ;
2880 4929 2943 4983 et
2983 4928 3193 4983 tamen
3222 4940 3297 4983 ex
3327 4921 3538 4985 verbis
3568 4920 3717 4999 1015,
3752 4940 3791 4985 0
3816 4921 3952 4998 101),

2473 5022 2593 5084 1100
2650 5019 2945 5096 infertur,
3000 5020 3301 5100 quoniam
3351 5020 3511 5083 dicis
3558 5028 3619 5083 te
3668 5020 3807 5084 sine
3854 5030 3955 5083 100

2473 5120 2663 5203 00100
2709 5135 3103 5201 percussum.
3132 5118 3380 5181 ‚lustum
3422 5127 3636 5181 autem
3682 5130 3777 5183 est
3822 5120 3956 5183 uni-

2472 5219 2705 5300 cuique
2748 5218 3009 5279 reddere
3049 5218 3219 5297 quod
3258 5226 3557 5282 meretur.
3591 5218 3655 5281 Si
3684 5237 3835 5300 ergo
3860 5220 3955 5301 ju-

2472 5326 2608 5381 stus
2654 5325 2717 5379 et
2762 5315 3068 5378 innocens
3118 5333 3185 5377 es
3235 5316 3545 5397 plagatuS,
3596 5326 3819 5380 contra
3859 5318 3957 5399 ju-
