4309 6259
880 493 1231 539 suanm-no
1274 493 1335 538 m
1378 492 1515 538 car.
1562 491 1670 537 xxi
1712 492 1869 538 unm
1912 491 2137 548 onaan
2177 492 2401 539 aucun.
2447 512 2527 522 —
2568 494 2710 539 aar.
2756 494 2910 540 xxm
3355 477 3430 540 81

334 661 742 740 habuerunt3
781 663 887 726 isti
926 682 1080 727 vero
1120 664 1381 727 suerunt
1417 665 1542 727 Deo
1574 682 1836 746 prorsus
1864 661 1916 724 A
1943 683 2049 724 eas
2104 667 2176 726 in
2227 687 2459 727 manus
2507 669 2925 728 inimicorum
2971 668 3133 745 ejus,
3187 667 3432 731 scilicet

334 759 601 842 ingrati,
637 780 757 826 nec
787 763 1247 845 acquieverunt
1277 763 1627 845 Prophetis,

420 863 831 940 Locutusque
854 872 943 923 est
962 865 1283 924 Dominus
1306 865 1379 922 in
1411 882 1615 922 manu
1642 881 1741 920 ser
1751 881 1840 920 vo-

80 971 299 1022 lemus.
331 977 489 1018 rum
534 979 803 1020 suorum
832 963 1333 1037 Prophetarum,
1365 963 1582 1020 dicens
1614 981 1635 1020 .·
1668 960 1838 1028 Quia

328 1059 495 1136 fecit
518 1061 849 1120 Manasses
877 1080 996 1118 rea>
1024 1063 1196 1120 Juda
1230 1060 1733 1120 abominationes
1764 1059 1839 1116 is-

332 1165 437 1216 tas
448 1159 790 1232 pessimas,
813 1156 879 1220 id
908 1165 1005 1220 est
1036 1156 1679 1220 abominandissimas
1710 1156 1839 1219 ido-

330 1253 627 1316 lolatrias
658 1263 723 1318 et
753 1256 1341 1319 scandalosissimas
1362 1256 1741 1338 impietateS,
1771 1256 1836 1317 in

327 1353 578 1434 quibus
608 1354 887 1436 populus
919 1374 1071 1416 suus
1102 1355 1161 1418 ei
1190 1354 1708 1431 communicavit,
1732 1375 1837 1414 su-

316 1470 451 1529 per
488 1456 714 1513 omnia
756 1475 901 1534 quoe
939 1456 1235 1531 fecerunt
1280 1455 1649 1516 Amorrha’i
1686 1463 1835 1514 ante

324 1571 511 1621 eum,
537 1561 599 1612 et
620 1571 887 1630 peccare
914 1555 1069 1630 fecit
1106 1555 1306 1614 etiam
1341 1555 1585 1615 ludam
1616 1555 1689 1613 in
1719 1555 1834 1613 im-

324 1652 691 1711 munditiis
718 1653 855 1712 suis
870 1675 897 1724 ,⁰
918 1662 1259 1730 propterea
1288 1655 1422 1714 Iioec
1439 1653 1603 1712 dicit
1622 1653 1834 1713 Domi-

326 1769 463 1809 nus
487 1751 665 1810 Deus
692 1752 904 1811 Israel
936 1771 958 1810 .·
992 1753 1154 1813 Ecce
1188 1771 1299 1828 eyo
1336 1753 1653 1812 inducam
1696 1771 1833 1811 ma-

1942 762 2379 825 Chaldaeorum
2415 784 2428 828 :
2464 763 2636 844 quia,
2673 772 2742 824 ut
2781 762 2953 827 infra
2989 765 3280 842 habetur,
3313 764 3427 846 qui

1946 860 2267 924 interfecti
2308 881 2436 925 non
2476 872 2676 939 erant,
2712 863 2778 924 in
2814 862 3247 945 captivitatem
3280 872 3430 926 sunt
3457 881 3722 940 1vRe9.xxv,

1946 960 2158 1021 traditi
2192 969 2254 1022 et
2282 961 2562 1024 abducti.
2589 965 2932 1042 Eruntque
2963 966 3034 1024 in
3066 966 3428 1025 vastitatem
3461 949 3524 988 ¹¹·

1940 1069 2000 1118 et
2029 1061 2336 1136 rapinam
2355 1063 2603 1121 eunctis
2620 1063 3016 1122 adversariis
3033 1064 3191 1133 suis,
3213 1061 3276 1123 id
3308 1070 3426 1139 θεῖ,

1942 1155 2024 1218 ab
2054 1156 2345 1219 hostibus
2375 1159 2507 1220 suis
2538 1159 2970 1235 vastabuntur,
2990 1159 3432 1241 opprimentur

1942 1274 2015 1317 ac
2060 1255 2525 1336 spoliabuntur,
2559 1278 2628 1317 eo
2667 1262 2838 1337 quod
2874 1260 3149 1335 fecerint
3180 1264 3430 1320 malum

1941 1374 2158 1414 coram
2211 1375 2330 1425 me,
2381 1365 2441 1416 et
2481 1359 3036 1432 perseveraverint
3092 1359 3430 1418 irritantes

1942 1473 2065 1522 me,
2097 1452 2161 1514 id
2193 1461 2289 1514 est
2319 1471 2512 1534 opera
2548 1454 2707 1515 mihi
2747 1454 3156 1536 displicentia
3194 1453 3432 1518 facien-

1941 1557 2057 1622 ῖθε,
2089 1571 2172 1610 eoe
2199 1553 2306 1612 die
2335 1572 2466 1631 qua
2500 1555 2734 1629 eqressi
2771 1563 2924 1614 sunt
2949 1563 3170 1630 patres
3207 1575 3430 1616 eorum

1939 1652 2019 1710 de
2036 1653 2323 1728 AEyypto
2357 1671 2554 1730 usque
2571 1655 2658 1712 ad
2675 1653 2846 1712 diem
2871 1653 3041 1714 hanc
3059 1673 3083 1713 .·
3104 1670 3232 1715 non
3254 1653 3426 1734 quod

1943 1765 2194 1830 semper
2235 1756 2297 1812 et
2339 1766 2560 1812 omnes
2605 1747 2848 1813 fuerint
2889 1750 3124 1827 vitiosi,
3161 1751 3270 1814 sed
3316 1768 3434 1832 pro

328 1851 431 1916 la,
461 1847 527 1908 id
570 1855 671 1910 est
708 1846 987 1911 ultiones
1032 1856 1097 1911 et
1133 1865 1355 1931 poenas
1394 1847 1827 1930 gravissimaS,
1869 1850 1916 1911 B
1944 1846 2169 1929 majori
2201 1855 2380 1929 parte
2409 1855 2472 1910 et
2503 1848 2735 1930 saepius
2770 1847 3010 1911 suerint
3042 1849 3272 1930 iniqui.
3305 1849 3434 1911 Ali-

326 1965 529 2023 super
568 1949 931 2007 Jerusalem
977 1957 1037 2008 et
1081 1967 1278 2026 super
1314 1951 1583 2018 Iudam,
1628 1947 1695 2010 id
1738 1955 1835 2011 cst

330 2063 533 2126 super
578 2051 787 2107 totum
838 2044 1146 2126 populum
1192 2046 1367 2126 regni
1413 2046 1537 2122 sui,
1580 2057 1654 2108 ut
1698 2049 1838 2126 qui-

84 2155 101 2173 ·
120 2155 305 2200 audin-it
330 2163 613 2223 eumque
641 2145 983 2204 audierint
1000 2143 1048 2214 *,
1081 2146 1374 2206 tinniant
1404 2148 1606 2207 ambae
1648 2167 1837 2206 aures

328 2243 504 2320 ejus,
526 2241 593 2303 id
614 2249 712 2304 est
728 2249 863 2304 tam
885 2240 1348 2319 formidabileS,
1375 2251 1445 2305 ut
1473 2243 1831 2319 audienteS,

328 2359 469 2421 prae
506 2339 933 2403 admiratione
972 2349 1036 2404 et
1074 2340 1335 2404 horrore
1378 2349 1692 2405 tantarum
1730 2342 1837 2403 ad-

328 2438 739 2514 versitatum,
764 2438 944 2518 quasi
976 2438 1283 2501 tinnitum
1315 2439 1381 2501 in
1412 2438 1675 2501 auribus
1698 2458 1837 2502 sen-

330 2536 523 2613 tiant,
560 2537 731 2600 sicut
761 2557 839 2600 ex
872 2537 1283 2620 percussione
1314 2537 1555 2600 metalli
1586 2538 1836 2601 intensa

329 2643 685 2717 generatur
726 2634 997 2698 tinnitus
1043 2635 1110 2697 in
1154 2655 1327 2698 aure.
1374 2639 1462 2698 Et
1494 2641 1835 2698 emendam

324 2755 531 2812 super
558 2737 921 2795 Jerusalem
950 2735 1333 2810 funiculum
1364 2737 1689 2797 Samariae
1718 2756 1739 2795 .·
1770 2734 1836 2796 id

329 2841 455 2908 est,
490 2832 772 2912 rigorem
798 2832 1065 2913 justitiae
1094 2833 1400 2896 exercebo
1430 2833 1497 2895 in
1529 2832 1837 2896 habitato-

330 2929 517 2991 ribus
545 2929 919 3006 Jerusalem,
946 2929 1012 2991 in
1042 2949 1342 2993 mensura
1372 2930 1689 3012 aequitatis
1710 2951 1837 3013 qua

81 3039 296 3096 st’Beysn.

68 3104 298 3210 }†{⁰²¹‘¹¹'
328 3127 591 3201 mariae3
622 3136 683 3187 et
708 3130 967 3204 pondus
994 3131 1222 3188 domus
1251 3130 1495 3198 Achab,
1529 3127 1591 3191 id
1622 3137 1718 3191 est
1750 3137 1837 3191 ta-

82 3235 299 3290 maian-
329 3224 464 3288 lem
515 3224 897 3306 gravitatem
944 3223 1261 3302 vindictae,
1303 3225 1557 3307 qualem
1602 3224 1727 3290 feci
1770 3226 1837 3288 in

72 3300 137 3378 ¹⁰:
150 3304 297 3356 ²⁹³⁸
327 3322 557 3386 Achab
587 3341 739 3404 rege
770 3323 1016 3404 iniquo,
1051 3331 1111 3386 et
1146 3323 1211 3385 in
1244 3323 1609 3386 domesticis
1640 3343 1711 3386 ac
1742 3344 1839 3388 co-

324 3422 548 3502 gnatis
581 3421 821 3504 ipsius3
855 3433 915 3482 et
942 3425 1154 3483 delebo
1172 3426 1531 3484 Jerusalem
1550 3426 1718 3484 sicut
1735 3428 1839 3484 de-

330 3526 561 3582 lentur
591 3523 829 3582 tabuloe
852 3539 875 3580 .·
907 3520 971 3582 id
1003 3529 1120 3597 cst,
1142 3521 1308 3584 sicut
1336 3521 1565 3585 litterae
1584 3522 1838 3605 scriptae

328 3618 399 3680 in
442 3617 689 3680 tabulis
727 3616 1181 3700 absterguntur
1214 3619 1499 3697 omnin0,
1538 3621 1625 3682 ita
1663 3623 1837 3703 quod

330 3718 515 3780 nulla
548 3717 766 3780 littera
793 3725 1011 3780 manet
1039 3718 1105 3779 in
1137 3718 1392 3796 tabuliS,
1414 3718 1505 3782 sic
1530 3740 1644 3803 per
1663 3720 1841 3783 Chal-

327 3817 505 3880 daeos
557 3816 886 3878 destruam
930 3815 1155 3879 urbem
1195 3817 1565 3880 Jerusalem.
1608 3822 1839 3880 Delens

328 3925 611 3986 vertam,
659 3924 720 3975 et
768 3917 1005 3975 ducam
1048 3917 1333 3976 crebrius
1378 3919 1606 3977 stilum
1646 3938 1839 3996 super

326 4015 576 4090 faeiem
603 4013 770 4090 ejus.
805 4011 927 4074 lsta
955 4020 1051 4074 est
1082 4013 1514 4095 metaphorica
1544 4015 1779 4077 locutio
1818 4033 1831 4077 :

326 4131 403 4174 ac
446 4111 501 4174 si
544 4110 742 4188 dicat,
776 4109 953 4173 Sicut
988 4111 1135 4193 quis
1176 4111 1408 4193 saepius
1446 4123 1659 4177 movet
1706 4114 1840 4196 pla-

1940 2044 2119 2125 justi,
2155 2053 2226 2105 ut
2254 2053 2428 2126 patet
2457 2065 2533 2107 ex
2564 2045 2773 2108 dietis.

1943 1945 2053 2027 qui
2086 1963 2236 2010 vero
2276 1963 2454 2026 reges
2494 1965 2639 2008 cum
2683 1947 2956 2009 subditis
2996 1947 3129 2009 suis
3172 1945 3432 2010 fuerunt
3476 1965 3720 2017 mamm

3461 2043 3546 2134 ξιξ,
3553 2031 3591 2080 ³;
3604 2042 3722 2076 xvm.

2023 2146 2302 2220 Insuper
2340 2153 2402 2204 et
2435 2145 2818 2221 sanquinem
2856 2146 3210 2206 innoxium
3251 2145 3432 2222 fudit

1948 2244 2275 2302 Manasses
2313 2245 2595 2302 multum
2633 2244 2860 2312 nimis,
2898 2246 3095 2303 donec
3139 2245 3434 2321 implere-

1948 2348 2055 2399 tur
2079 2341 2438 2399 Jerusalem
2470 2359 2666 2418 usque
2695 2343 2782 2399 ad
2811 2360 2876 2399 os
2904 2359 2928 2398 .·
2967 2339 3089 2402 hoc
3135 2349 3252 2416 θεῖ,
3299 2340 3435 2422 pla-

1950 2444 2080 2498 teas
2124 2436 2468 2500 Jerusalem
2524 2437 2834 2516 sanguinc
2884 2437 3322 2501 innocentium
3373 2447 3436 2502 et

1944 2535 2262 2616 justorum
2295 2535 2607 2616 irrigaret,
2644 2541 2706 2597 et
2743 2537 2925 2617 quasi
2964 2536 3230 2618 implere
3265 2537 3438 2600 vide-

1949 2641 2120 2696 retur
2152 2634 2266 2695 has
2297 2633 2606 2713 sanguine
2637 2652 2838 2714 usque
2870 2633 2948 2695 ad
2990 2653 3335 2712 summum,
3370 2635 3434 2697 id

1947 2739 2062 2808 est,
2085 2740 2394 2813 quantum
2429 2731 2636 2794 facere
2666 2719 2898 2813 quivit,
2935 2731 3100 2794 sicut
3129 2733 3437 2815 amphora

1948 2829 2180 2892 dicitur
2219 2849 2422 2911 usque
2467 2830 2546 2892 ad
2589 2849 2658 2892 os
2705 2831 2957 2912 repleri,
2993 2831 3250 2912 quando
3290 2831 3435 2912 plus

1946 2947 2172 3010 capere
2204 2928 2445 3009 nequit.
2467 2928 2581 2990 Vel
2603 2936 2700 2990 est
2729 2928 3142 3011 hyperbolica
3170 2929 3432 3007 locuti0,

330 3029 615 3108 rigorem
651 3027 837 3116 illum
868 3029 1119 3090 exercui
1151 3029 1217 3091 in
1248 3028 1713 3092 habitatoribus
1739 3029 1838 3092 Sa·
1872 3027 1917 3090 C
1948 3033 2248 3108 tanquam
2279 3026 2446 3089 dicat
2481 3044 2494 3087 :
2525 3026 2796 3088 Tantum
2829 3026 3146 3109 justorum
3183 3027 3438 3109 sangui-

1947 3145 2093 3188 nem
2126 3123 2312 3202 fudit,
2341 3133 2410 3187 ut
2439 3125 2838 3188 ambulantes
2872 3127 3260 3204 viderentur,
3284 3147 3436 3209 qua-

1948 3224 2001 3286 si
2022 3245 2224 3305 usque
2243 3225 2322 3286 ad
2342 3243 2411 3287 os
2435 3224 2502 3287 in
2523 3226 2686 3307 pede
2705 3225 3013 3303 eminenS‚
3035 3227 3103 3288 in
3125 3227 3436 3309 sanguine

1945 3324 2137 3406 pedes
2178 3341 2323 3385 suos
2364 3323 2700 3403 intingere.
2736 3324 2865 3387 Sub
2896 3325 3163 3387 Ezechia
3192 3325 3434 3408 quippe

1948 3421 2208 3484 fuerunt
2236 3421 2422 3486 valde
2453 3421 2640 3484 multi
2671 3421 2826 3484 boni
2861 3432 2923 3485 et
2959 3423 3114 3505 justi
3155 3423 3326 3486 cives
3368 3424 3434 3486 in

1943 3520 2311 3596 Jerusalem,
2366 3519 2477 3601 qui
2536 3519 2882 3583 noluerunt
2935 3521 3087 3583 huic
3135 3522 3434 3604 Manassae

1946 3618 2307 3681 consentire
2351 3619 2418 3679 in
2457 3617 2632 3680 vitiis
2679 3618 3043 3682 memoratis
3081 3637 3094 3681 :
3139 3620 3280 3683 ideo
3327 3639 3436 3683 eos

1946 3717 2199 3780 occidit.
2233 3719 2485 3796 Absque
2520 3720 2818 3794 peccatis,
2851 3718 2971 3780 hoc
3014 3725 3129 3795 est,
3174 3719 3439 3782 idolola-

1948 3815 2087 3878 triis
2118 3825 2182 3878 et
2212 3814 2773 3898 superstitionibus
2804 3835 2877 3877 ac
2907 3816 3430 3894 divinationibuS‚

1947 3914 2220 3996 aliisque
2252 3912 2597 3976 sceleribus
2630 3913 2784 3990 suis,
2811 3915 3042 3992 quibus
3058 3935 3318 3991 peccare
3345 3917 3436 3992 fe-

1946 4015 2033 4074 cit
2049 4017 2316 4085 Judam,
2337 4022 2410 4073 ut
2437 4014 2677 4089 faceret
2709 4016 2957 4073 malum
2977 4033 3192 4073 coram
3212 4015 3434 4075 Domi-

1948 4132 2051 4173 no·
2068 4113 2350 4190 Reliqua
2377 4120 2596 4172 autem
2622 4131 2988 4171 sermonum
3010 4113 3350 4185 Manassae,
3374 4121 3434 4174 et

329 4209 567 4272 niticm
598 4207 831 4290 capitis
864 4208 995 4270 stili
1027 4227 1216 4291 super
1244 4228 1455 4272 ceram
1494 4211 1727 4274 tabulae
1757 4212 1836 4275 ad
1867 4212 1918 4273 D
1947 4212 2254 4270 universa
2284 4231 2427 4289 quae
2455 4210 2631 4285 fecit,
2663 4219 2722 4270 et
2743 4219 3076 4286 peccatum
3095 4211 3234 4286 ejus
3263 4212 3436 4291 quod

327 4306 883 4388 complanandum
922 4325 1155 4383 ceram,
1197 4307 1289 4370 sic
1330 4308 1697 4390 frequenter
1737 4329 1838 4373 ca-

328 4405 589 4485 stigabo
626 4403 997 4481 Jerusalem,
1047 4405 1407 4469 inducendo
1457 4427 1648 4490 super
1697 4427 1835 4471 eam

326 4504 667 4568 Chaldaeos
696 4503 776 4564 ad
806 4505 1337 4585 prosternendum
1378 4507 1688 4570 eamdem.
1727 4509 1838 4569 Di-

1943 4310 2254 4384 peccavit,
2283 4328 2496 4368 nonne
2526 4309 2659 4368 laec
2685 4308 2925 4385 scripta
2963 4319 3116 4370 sunt
3158 4310 3230 4369 in
3272 4311 3434 4371 libro

1944 4413 2332 4471 Sermonum
2370 4409 2630 4467 dierum
2673 4427 2892 4483 requm
2927 4409 3150 4469 Iuda?
3179 4411 3436 4470 Dormi-

1946 4509 2164 4585 vitque
2192 4508 2519 4566 Manasses
2548 4525 2698 4571 cum
2715 4506 3018 4582 patribus
3053 4508 3217 4576 suis,
3247 4516 3307 4567 et
3347 4527 3439 4566 se·-

328 4604 600 4663 mittam
632 4621 778 4661 vero
812 4603 1125 4681 reliquias
1153 4605 1530 4666 hereditatis
1564 4626 1739 4675 meae,
1771 4607 1834 4668 id
1936 4610 2167 4684 pultus
2209 4615 2298 4666 est
2341 4608 2412 4664 in
2457 4607 2636 4664 horto
2674 4607 2901 4665 domus
2943 4626 3100 4675 suae,
3139 4608 3212 4666 in
3257 4609 3436 4668 horto

329 4709 454 4778 est,
508 4699 827 4781 quosdam
874 4699 1231 4763 Judaeorum
1286 4703 1554 4767 evadere
1603 4702 1833 4767 faciam

331 4818 569 4862 manus
620 4795 1085 4877 Chaldaeorum,
1140 4799 1227 4861 ita
1274 4801 1443 4881 quod
1493 4820 1623 4864 non
1674 4803 1839 4866 occi-

331 4898 596 4960 dentur.
639 4899 729 4961 De
774 4897 1015 4980 populo
1062 4907 1271 4962 autem
1315 4899 1675 4963 Judaeorum
1721 4902 1840 4964 Do-

72 5010 215 5060 nm.
236 5016 303 5059 κε.
332 4995 557 5058 minus
597 4996 693 5059 ait
728 4996 796 5058 in
835 4997 995 5058 Isaia
1027 5013 1041 5058 :
1076 4996 1401 5059 Hereditas
1448 5017 1585 5060 mea
1623 5000 1834 5063 Israel.

78 5109 301 5163 naman,
333 5094 488 5158 Fuit
544 5095 786 5158 etenim
844 5095 1186 5176 peculiaris
1245 5098 1523 5178 populus
1582 5098 1714 5176 Dei,
1778 5109 1841 5162 et

70 5177 179 5220 ‘¹¹³⁵'
334 5213 598 5276 semper
641 5202 825 5257 crant
864 5193 1062 5275 aliqui
1103 5194 1253 5258 honi
1300 5204 1363 5259 et
1402 5197 1589 5260 electi
1627 5199 1694 5259 in
1735 5217 1843 5281 po·

335 5291 498 5373 pulo
528 5291 667 5368 illo,
702 5300 999 5355 currente
1030 5293 1229 5357 veteri
1268 5292 1429 5374 lege.
1464 5299 1551 5357 Et
1584 5300 1843 5360 tradam

595 5425 661 5476 T.
695 5425 747 5475 4.

1948 4709 2100 4777 Oza,
2136 4704 2229 4766 sic
2261 4710 2504 4766 vocato.

2024 4803 2216 4864 Multa
2254 4801 2357 4864 hic
2396 4800 2772 4864 omittuntur
2817 4803 2897 4864 de
2942 4801 3242 4880 Manasse,
3289 4819 3434 4885 quae

1946 4901 2228 4966 secundo
2263 4899 2787 4981 Paralipomenon
2834 4901 3202 4977 recitantur,
3239 4910 3302 4964 et
3342 4901 3434 4964 ihi

1948 5007 2097 5060 sunt
2126 4997 2432 5080 exposita,
2453 4997 2718 5074 scilicet,
2733 4997 3008 5078 qualiter
3028 5007 3288 5080 propter
3318 5018 3435 5061 sua

1951 5095 2236 5159 facinora
2265 5104 2487 5177 captus
2518 5095 2620 5174 sit,
2639 5095 3044 5177 graviterque
3063 5097 3348 5179 punituS,
3369 5104 3436 5160 et
3518 5117 3554 5162 ιι
3589 5119 3702 5164 Par.

1952 5197 2016 5258 in
2057 5196 2425 5278 captivitate
2464 5191 2805 5256 durissima
2848 5195 2926 5256 ad
2969 5214 3078 5257 cor
3120 5196 3438 5277 poeniten-
3465 5185 3728 5227 ⁸¹³¹¹²¹¹‘¹⁹·

1954 5296 2235 5376 tiamque
2263 5311 2630 5370 conversuS‚
2650 5299 2839 5373 atque
2860 5291 2927 5355 in
2950 5313 3216 5375 regnum
3247 5314 3436 5358 suum

3159 5429 3189 5480 0
