4309 6259
761 483 1124 530 RNARRATIO
1168 485 1229 530 ΙΝ
1271 485 1409 530 GAP.
1455 484 1563 530 xxl
1605 481 1764 528 unm
1804 481 1974 528 Pnuss
2013 481 2544 529 PARALIPOMENON.
2589 501 2669 512 --
2709 483 2852 530 ART.
2897 482 3006 530 XXI

3315 459 3429 528 1133

331 653 396 716 id
429 663 525 717 est
566 656 802 718 tentari
843 657 1031 719 modo
1061 663 1400 738 praetaoto3
1434 666 1495 716 et
1526 654 1833 716 incitavit
1862 651 1916 714 A
1944 653 2208 734 angelus
2241 661 2598 735 percuteret
2631 662 2807 736 peste
2841 653 3226 716 habitatores
3255 653 3431 716 Jeru-

326 755 553 814 David
580 763 659 814 ut
690 765 1063 816 numeraret
1091 757 1319 816 Israel.
1356 754 1834 833 DixitqueDa-

1942 752 2172 826 salem3
2200 752 2322 829 vel,
2351 753 2405 814 si
2435 753 2634 835 aliqui
2667 762 2848 816 erant
2880 751 3126 829 infecti,
3155 753 3282 816 Deo
3318 751 3431 812 mi-

329 852 453 910 vid
468 855 557 910 ad
572 855 763 921 Joab,
792 862 853 912 et
882 856 971 912 ad
984 854 1314 930 principes
1338 854 1574 931 populi
1594 873 1617 910 .·
1634 854 1753 920 Ite,
1773 859 1833 909 et
1942 860 2214 928 serante,
2267 851 2469 914 curati
2521 859 2710 926 sunt;
2761 853 2928 912 vidit
2977 854 3317 922 Dominus,
3369 859 3430 912 et

328 959 675 1010 numerate
698 953 927 1020 Israel,
958 973 997 1012 a
1019 953 1326 1012 Bersabee
1357 971 1558 1030 usque
1578 953 1753 1018 Dan,
1772 959 1833 1008 ει
1944 953 2240 1011 misertus
2269 962 2358 1012 est
2385 971 2578 1028 super
2607 953 3129 1028 magnitudinem
3161 953 3344 1022 mali,
3369 959 3431 1012 et

325 1052 557 1124 afferte
598 1050 768 1110 milii
804 1069 1152 1110 numerum
1190 1059 1264 1109 ut
1302 1051 1527 1110 sciam.
1560 1053 1833 1126 Respon-

320 1147 557 1224 ditque
591 1150 753 1208 Joab
788 1168 811 1207 .·
845 1150 1099 1224 Αα9εαι
1146 1150 1465 1210 Dominus
1507 1151 1829 1226 populum

317 1263 523 1304 suum
560 1250 964 1323 centuplum,
1003 1268 1195 1326 quam
1224 1256 1397 1307 sunt.
1438 1249 1687 1317 Nonne,
1719 1250 1826 1307 do-

318 1347 506 1404 mine
536 1347 635 1404 mi
656 1365 795 1416 rex,
820 1365 1037 1406 omnes
1061 1347 1234 1406 servi
1266 1348 1367 1406 tui
1384 1351 1579 1407 sunt?
1612 1349 1825 1414 Quare

317 1445 445 1502 leoc
472 1446 714 1521 quoerit
741 1445 1049 1504 dominus
1082 1465 1279 1515 meus,
1314 1447 1487 1523 quod
1516 1447 1589 1503 in
1614 1465 1829 1522 pecca-

319 1552 468 1602 tum
485 1545 867 1619 reputetur?
886 1545 1018 1604 Sed
1035 1562 1235 1603 ser-mo
1258 1544 1427 1619 reyis
1452 1545 1659 1620 mayis
1670 1563 1826 1620 proe-

320 1641 569 1701 valuit.
596 1643 1033 1721 Eqressusque
1052 1651 1141 1702 est
1157 1644 1345 1710 Joab,
1364 1651 1423 1702 et
1452 1643 1826 1702 circumivit

316 1741 719 1800 universum
750 1743 984 1810 Israel,
1012 1749 1071 1799 et
1108 1760 1399 1800 reversus
1428 1750 1517 1800 est
1548 1743 1619 1800 in
1649 1743 1828 1802 Jeru-

1941 1051 2288 1127 imperavit
2326 1056 2576 1128 angele,
2607 1053 2724 1131 qui
2761 1053 3151 1130 percutiebat
3181 1069 3203 1112 .·
3234 1053 3430 1128 Suffi-

1938 1151 2049 1220 cit,
2067 1151 2222 1226 jam
2253 1161 2438 1211 cesset
2473 1171 2705 1211 manus
2746 1160 2877 1212 tua.
2915 1153 3119 1212 Porro
3158 1153 3428 1226 angelus

1940 1250 2212 1308 Domini
2245 1252 2451 1310 stabat
2476 1251 2682 1327 juoeta
2721 1270 2942 1310 aream
2983 1254 3207 1312 Ornan
3242 1251 3430 1310 Jebu-

1939 1347 2073 1406 soei.
2122 1350 2497 1427 Levansque
2530 1350 2750 1409 David
2795 1351 3006 1408 oculos
3047 1367 3213 1417 suos,
3261 1348 3429 1407 vidit

1940 1448 2246 1521 anyelum
2282 1448 2554 1507 Domini
2587 1456 2861 1507 stantem
2897 1448 3070 1506 inter
3102 1448 3332 1505 coelum
3368 1453 3428 1504 et

1944 1551 2208 1611 terram,
2240 1552 2300 1602 et
2335 1547 2756 1620 evaqinatum
2781 1545 3086 1620 yladium
3119 1544 3192 1601 in
3233 1561 3430 1602 manu

1936 1639 2099 1716 ejus,
2132 1650 2192 1701 et
2224 1661 2476 1702 versum
2507 1653 2730 1702 contra
2757 1645 3135 1704 Jerusalem.
3163 1643 3248 1702 Et
3276 1640 3429 1699 ceci-

1937 1741 2199 1812 derunt,
2246 1750 2377 1802 tam
2411 1744 2543 1818 ipse
2579 1761 2776 1820 quam
2815 1741 3088 1818 majores
3125 1749 3290 1802 natu
3330 1759 3428 1798 ve-

310 1841 552 1897 salem.
585 1840 907 1918 Deditque
932 1840 1154 1900 David
1195 1859 1543 1898 numerum
1578 1859 1825 1909 eorum,
1865 1833 2078 1898 Bstiti
2124 1841 2383 1910 ciliciis,
2427 1843 2628 1916 proni
2676 1841 2744 1899 in
2801 1850 3061 1900 terram.
3112 1841 3428 1918 Dimitque

312 1955 487 2014 quos
523 1937 1012 2006 circumiverat,
1040 1946 1099 1997 et
1138 1939 1445 1998 inventus
1483 1947 1574 1997 est
1615 1938 1825 1998 omnis

313 2053 645 2094 numerus
688 2037 920 2107 Israel,
972 2037 1151 2095 mille
1198 2037 1441 2107 millia,
1470 2045 1529 2096 et
1572 2046 1827 2096 centum

314 2133 553 2192 millia
592 2134 889 2193 virorum
925 2135 1340 2194 educentium
1373 2137 1698 2210 yladium.
1735 2137 1827 2194 De

308 2233 504 2291 Iuda
526 2241 745 2292 autem
758 2234 1243 2311 quadringenta
1262 2234 1603 2310 septuayin
1612 2242 1673 2293 ta
1690 2235 1830 2292 mil-

314 2331 425 2389 lia
474 2332 881 2390 bellator-um.
936 2331 1113 2392 Nam
1154 2333 1316 2391 Levi
1362 2340 1423 2390 et
1468 2332 1823 2406 Benjamin

312 2447 463 2487 non
500 2429 899 2499 numeravit,
933 2448 1003 2488 eo
1042 2432 1214 2507 quod
1258 2431 1507 2489 invitus
1542 2449 1828 2509 enseque-

315 2535 519 2586 recur
546 2528 713 2603 reyis
744 2527 1121 2603 imperium.

1936 1939 2158 1997 David
2185 1941 2272 1998 ad
2300 1941 2548 1998 Deum:
2572 1940 2800 1999 Nonne
2827 1957 2936 2015 ε90
2965 1959 3132 2009 sum,
3157 1939 3274 2018 qui
3287 1938 3428 2016 jus-

1936 2037 1995 2094 si
2029 2045 2103 2096 ut
2141 2046 2596 2096 numeraretur
2621 2041 2904 2113 populus
2926 2041 2956 2096 ,2
2992 2056 3101 2113 ε9ο
3141 2038 3259 2115 qui
3285 2055 3428 2112 pec-

1936 2135 2084 2193 cavi
2098 2135 2127 2192 ?
2154 2153 2264 2210 eyo
2297 2134 2414 2213 qui
2449 2137 2694 2193 malum
2722 2135 2896 2213 feci?
2922 2136 3050 2195 Iste
3071 2153 3236 2209 yreoe
3262 2135 3427 2212 quid

1937 2233 2368 2292 commeruit?
2396 2234 2669 2292 Domine
2697 2233 2868 2292 Deus
2901 2251 3102 2302 meus,
3135 2240 3426 2292 vertatur

1936 2329 2239 2407 (obsecro)
2265 2350 2501 2390 manus
2541 2340 2655 2390 tua
2693 2331 2764 2390 in
2805 2350 2924 2400 me,
2956 2339 3017 2391 et
3053 2333 3126 2390 in
3163 2331 3427 2389 domum

1935 2431 2147 2507 patris
2178 2431 2306 2489 mei
2323 2452 2352 2499 ,·
2377 2433 2660 2506 populus
2693 2438 2910 2490 autem
2944 2439 3092 2490 tuus
3125 2447 3256 2490 non
3279 2447 3430 2505 per-

1939 2529 2252 2588 cutiatur.

384 2625 761 2702 Displiouic
784 2635 1003 2686 autem
1028 2628 1177 2694 Deo,
1201 2629 1373 2705 quod
1382 2627 1647 2704 jussum
1668 2637 1828 2699 erat,
2019 2629 2309 2702 Anqelus
2347 2635 2564 2686 autem
2605 2627 2876 2686 Domini
2909 2628 3216 2703 praecepit
3261 2629 3430 2696 aad,

310 2734 375 2784 et
441 2725 765 2800 percussit
819 2727 1046 2784 Israel.
1100 2726 1418 2802 Dimitque
1466 2728 1685 2786 David
1746 2729 1834 2786 ad
1942 2734 2014 2785 ut
2052 2725 2290 2785 diceret
2326 2725 2572 2793 David,
2610 2734 2683 2784 ut
2726 2726 3108 2795 ascenderet,
3148 2733 3431 2784 ems-true-

313 2826 547 2883 Deum
586 2843 611 2880 .·
650 2824 929 2883 Peccavi
974 2824 1197 2895 nimis,
1250 2833 1323 2884 ut
1369 2826 1487 2884 lzoc
1530 2826 1831 2902 facerem.
1942 2833 2162 2902 reique
2198 2827 2406 2883 altare
2439 2824 2714 2882 Domino
2747 2826 2877 2883 Deo
2910 2825 2984 2884 in
3017 2843 3171 2883 area
3209 2825 3430 2884 Ornan

316 2924 623 2990 Obsce-rc,
657 2923 853 2998 aufer
882 2923 1301 3002 iniquitatem
1330 2925 1501 2982 servi
1532 2927 1653 2994 tui,
1677 2925 1835 3003 quia
1940 2923 2235 2984 Jebusoei.
2271 2922 2578 2980 Ascendit
2613 2939 2760 2996 erqo
2788 2923 3032 2991 David,
3059 2923 3266 2999 juoeta
3303 2942 3432 2982 ser-

314 3022 722 3098 insipienter
770 3021 893 3097 eyi.
954 3025 1039 3082 Et
1087 3025 1335 3082 locutus
1379 3031 1472 3082 est
1519 3024 1836 3083 Dominus
1870 3021 1915 3086 C
1945 3039 2196 3080 monem
2244 3021 2409 3087 Gad,
2444 3039 2632 3098 quem
2680 3023 2923 3080 locutus
2965 3021 3026 3079 ei
3066 3021 3310 3096 fuerat,
3349 3041 3430 3080 ew

311 3122 408 3180 ad
443 3121 624 3190 Gad,
649 3121 975 3180 videntem
1004 3122 1249 3189 David,
1273 3121 1495 3181 dicens
1516 3142 1538 3179 .·
1560 3123 1752 3190 Vade,
1776 3130 1835 3180 et
1944 3119 2206 3178 nomine
2233 3117 2522 3177 Domini.
2551 3119 2756 3178 Porro
2789 3121 3039 3188 Ornan,
3069 3118 3180 3199 qui
3212 3137 3432 3182 secun-

314 3221 592 3296 Zoquere
633 3219 722 3276 ad
766 3219 1010 3288 David,
1054 3228 1115 3278 et
1158 3220 1267 3278 dic
1308 3220 1371 3277 ei
1410 3240 1433 3278 .·
1480 3221 1633 3280 Hcec
1672 3221 1835 3279 dicit
1944 3215 2026 3278 do
2076 3214 2315 3294 Regum
2367 3213 2532 3278 libro
2586 3223 2848 3278 vocatur
2898 3215 3174 3292 Areuna,
3228 3235 3726 3296 quumllflea.xx1v,

312 3317 697 3376 Dominus:
720 3317 952 3377 Trium
983 3317 1101 3376 tibi
1129 3317 1451 3394 optionem
1482 3320 1599 3388 d0,·
1630 3338 1835 3378 unum
1943 3315 2351 3390 suspeccisset,
2379 3323 2440 3374 et
2469 3315 2732 3374 vidisset
2769 3318 3099 3391 anyelum,
3127 3324 3436 3394 quatuor-
3465 3301 3530 3342 ¹⁵·

316 3417 503 3495 quod
530 3417 839 3486 volueris,
859 3416 1043 3491 etiqe,
1066 3425 1141 3476 ut
1166 3417 1414 3495 faciam
1440 3417 1579 3476 tibi.
1603 3420 1839 3486 Quum·
1946 3433 2068 3492 que
2088 3413 2222 3490 filii
2251 3412 2392 3489 ejus
2421 3433 2568 3473 cum
2597 3431 2692 3482 eo,
2721 3415 3184 3474 absconderunt
3213 3435 3277 3473 se
3307 3431 3438 3495 prae

319 3535 451 3594 que
484 3517 764 3575 venisset
798 3517 941 3576 Gad
970 3517 1060 3574 ad
1084 3517 1330 3586 David,
1352 3517 1532 3576 dimit
1559 3517 1621 3575 ei
1641 3519 1841 3577 .·-Hoec
1952 3511 2196 3573 timore.
2231 3510 2386 3573 Nam
2415 3519 2479 3574 et
2511 3510 2776 3592 angelus
2817 3510 2882 3572 in
2924 3509 3129 3574 forma
3165 3511 3438 3575 terribili

321 3615 501 3674 dicit
536 3614 861 3673 Dominus
892 3634 914 3672 .·
949 3615 1135 3689 Eliqe
1166 3617 1339 3693 quod
1371 3615 1670 3675 volueris.
1706 3617 1840 3675 Aut
1949 3608 2314 3690 apparebat,
2351 3608 2534 3691 quasi
2567 3629 2713 3672 cum
2747 3609 2935 3688 igneo
2967 3610 3172 3686 vultU,
3207 3618 3270 3672 et
3307 3618 3444 3672 tan·-

88 3723 105 3742 ·
124 3725 275 3778 [aaa
328 3713 553 3772 tribus
572 3713 773 3771 annis
782 3713 1225 3788 pestilentiam
1240 3713 1292 3782 *,·
1309 3721 1425 3772 aut
1449 3714 1652 3772 tribus
1678 3732 1843 3772 men-
1949 3727 2143 3788 quam
2170 3707 2388 3768 iratuS.
2408 3707 2533 3789 Ipsi
2563 3725 2819 3789 quoque
2845 3706 3276 3771 formidabant
3306 3727 3445 3791 per-

320 3811 514 3870 sibus
542 3810 777 3887 fuqere
808 3818 866 3869 te
896 3811 1099 3870 hostes
1132 3819 1295 3879 tuOS,
1326 3819 1385 3870 et
1409 3812 1717 3886 yladium
1743 3828 1842 3869 eo-
1950 3806 2081 3868 euti
2112 3805 2193 3868 ab
2225 3807 2469 3869 eodem.
2497 3809 2672 3870 Nam
2701 3827 2770 3866 eo
2803 3816 3076 3885 tempore
3108 3810 3342 3868 terebat
3371 3809 3446 3868 in

320 3929 485 3970 rum
519 3927 657 3968 non
683 3927 864 3985 posse
888 3911 1159 3970 evadere
1176 3932 1205 3980 ,⁰
1234 3917 1351 3968 aut
1384 3909 1591 3968 tribus
1618 3910 1843 3968 diebus
1951 3926 2104 3965 area
2136 3907 2448 3966 triticum.
2472 3908 2696 3981 Iyitur
2723 3925 2926 3984 quum
2955 3906 3202 3966 veniret
3223 3907 3442 3966 David

311 4008 641 4082 qladium
662 4007 957 4076 Domini,
980 4017 1040 4067 et
1066 4016 1335 4067 mortem
1362 4007 1609 4066 versari
1633 4008 1705 4066 in
1734 4016 1845 4067 ter-
1952 4007 2040 4066 ad
2080 4009 2327 4076 Ornan,
2363 4005 2690 4081 conspeoeit
2727 4024 2875 4064 eum
2917 4008 3164 4075 Ornan,
3199 4013 3260 4065 et
3295 4023 3448 4081 pro-

320 4126 429 4174 ra,
462 4114 529 4164 et
560 4107 870 4180 angelum
899 4106 1171 4166 Domini
1208 4106 1571 4182 interficere
1600 4105 1674 4165 in
1705 4107 1845 4164 uni·
1952 4104 2132 4164 cessit
2169 4105 2233 4163 ei
2264 4104 2516 4164 obviam
2548 4105 2628 4163 de
2659 4123 2835 4174 area,
2867 4113 2927 4163 et
2961 4105 3262 4164 adoravit
3295 4124 3443 4163 eum

322 4203 538 4262 versis
555 4203 805 4277 finibus
818 4203 1039 4262 Israel.
1059 4204 1255 4265 Nunc
1273 4203 1483 4278 iyitur
1507 4203 1665 4272 vide,
1684 4203 1846 4280 quid
1872 4203 1923 4265 D
1945 4220 2194 4278 pronus
2222 4203 2296 4262 in
2327 4211 2586 4262 terram.
2609 4202 2924 4280 Dixitque
2952 4203 3014 4261 ei
3045 4204 3266 4262 David
3287 4223 3310 4262 .·
3341 4205 3442 4262 Da

320 4302 761 4378 respondeam
781 4300 865 4368 ei,
900 4301 1018 4379 qui
1047 4302 1225 4362 misit
1256 4321 1376 4360 me.
1406 4303 1491 4362 E't
1519 4301 1697 4361 dixit
1716 4303 1848 4362 Da·
1954 4302 2124 4361 milii
2161 4304 2368 4360 locum
2406 4319 2572 4360 arete
2613 4308 2760 4372 tuae,
2795 4309 2866 4360 ut
2904 4303 3217 4378 aedificem
3257 4303 3329 4360 in
3370 4320 3446 4360 ea

321 4401 445 4460 vid
476 4400 573 4458 ad
606 4399 756 4458 Gad
785 4418 808 4456 .·
841 4400 947 4460 Eoe
975 4399 1155 4459 omni
1178 4408 1369 4475 parte
1399 4419 1499 4459 me
1528 4400 1847 4474 anqustioe
1954 4402 2162 4459 altare
2190 4401 2488 4471 Domin0,
2531 4399 2626 4459 ita
2667 4407 2736 4459 ut
2777 4409 3097 4479 quantum
3133 4403 3302 4461 valet
3345 4420 3447 4461 ar-

312 4504 671 4576 premunt.
696 4498 829 4558 Sed
849 4499 1079 4558 melius
1118 4498 1283 4558 milti
1300 4506 1418 4567 est,
1450 4507 1523 4557 ut
1554 4498 1847 4558 incidam
1946 4498 2150 4574 qenti,
2193 4498 2496 4574 accipias,
2535 4507 2595 4558 et
2632 4507 2818 4558 cesset
2850 4502 3054 4575 playa
3099 4520 3141 4558 a
3173 4502 3440 4576 populo,

323 4598 399 4658 in
434 4614 689 4656 manus
716 4596 1014 4664 Domini,
1043 4597 1202 4675 quia
1230 4599 1454 4658 multae
1489 4605 1641 4657 sunt
1672 4597 1850 4656 mise·
1955 4595 2145 4656 Discit
2190 4605 2406 4656 autem
2450 4598 2670 4657 Ornan
2719 4598 2808 4656 ad
2850 4597 3070 4657 David
3103 4616 3125 4655 .·
3153 4600 3347 4666 Tolle,
3388 4581 3450 4656 et

320 4696 629 4754 rationes
656 4694 823 4770 ejus,
856 4713 1055 4774 quam
1094 4697 1166 4753 in
1209 4713 1443 4755 manus
1482 4696 1843 4756 hominum.
1956 4696 2162 4773 faciat
2188 4695 2494 4754 dominus
2531 4707 2706 4754 meus
2740 4713 2880 4764 rea),
2911 4697 3354 4774 quodcumque
3387 4695 3451 4752 ei

412 4793 615 4854 allisit
646 4810 797 4868 erqo
830 4793 1149 4853 Dominus
1176 4794 1619 4869 pestilentiam
1650 4794 1725 4851 in
1755 4794 1851 4853 Is·
1947 4798 2184 4871 placet.
2220 4794 2350 4854 Sed
2376 4802 2438 4853 et
2465 4794 2644 4854 boves
2670 4796 2752 4853 do
2789 4794 2862 4854 in
2895 4795 3358 4863 holocaustum,
3389 4797 3450 4851 et

323 4895 501 4952 rael.
557 4892 647 4952 Et
689 4892 1062 4952 ceciderunt
1103 4894 1183 4950 de
1226 4895 1433 4952 Israel
1473 4893 1849 4968 septuayin-
1962 4893 2236 4952 tribulas
2280 4893 2354 4950 in
2399 4892 2608 4967 liqna,
2647 4900 2705 4951 et
2750 4892 3043 4952 triticum
3083 4891 3160 4950 in
3200 4889 3451 4965 sacrifi·

328 5001 403 5050 ta
430 4989 667 5050 millia
698 4990 1017 5050 virorum.
1054 4990 1241 5050 Misit
1271 5010 1517 5070 quoque
1547 4991 1851 5066 anqetum
1960 4990 2137 5049 cium
2167 5009 2191 5048 .·
2229 4990 2454 5049 omnia
2490 4990 2691 5049 libens
2724 4990 2990 5066 praebeo.
3033 4989 3348 5066 Dimitque
3389 4989 3452 5046 ei

328 5088 621 5148 Domini
662 5089 734 5148 in
773 5090 1161 5156 Jerusalem,
1192 5097 1265 5148 ut
1294 5096 1652 5165 percuteret
1684 5107 1845 5147 eam.
1960 5107 2078 5147 rem
2117 5088 2336 5148 David
2365 5103 2388 5146 .·
2429 5087 2858 5165 Nequaquam
2895 5087 2990 5146 ita
3027 5091 3160 5164 fiet,
3199 5085 3310 5144 sed
3348 5105 3455 5145 ar-

333 5188 697 5265 Quumque
718 5195 1167 5264 percuteretur
1187 5185 1557 5263 Jerusalem,
1584 5185 1703 5248 hoc
1732 5192 1850 5262 est,
1956 5196 2226 5263 qentum
2263 5185 2425 5244 dabo
2468 5185 2609 5253 tibi,
2647 5192 2968 5264 quantum
3008 5187 3196 5244 valet.
3235 5185 3454 5263 Neque

332 5283 409 5348 in
456 5283 783 5364 proximo,
833 5291 899 5346 et
943 5283 1015 5345 in
1056 5283 1401 5365 praeeincto
1448 5292 1635 5360 esset,
1682 5283 1853 5363 quod
1963 5285 2139 5343 eni-m
2173 5282 2290 5342 tibi
2321 5282 2588 5357 auferre
2621 5283 2833 5350 debeo,
2862 5290 2922 5340 et
2955 5282 3049 5340 sic
3079 5285 3308 5358 offerre
3335 5284 3456 5342 Do-
