4309 6259
577 1473 660 1518 :ob
675 1487 770 1525 xtn,
788 1477 828 1517 7.

595 3645 757 3688 Joann.
776 3657 832 3699 nx,

569 3710 638 3750 31.

621 4621 780 4666 Jacob.
800 4634 828 4671 ι,

569 4687 609 4735 ⁵,
635 4687 678 4727 ὓ.

563 4916 827 4967 Ριιιιιιι,6.

855 485 973 549 374

1737 504 2084 550 ENARRATIO
2127 505 2189 550 IN
2231 504 2367 550 cAl’.
2416 505 2451 547 V
2494 503 2619 549 1013.
2670 522 2751 533 —
2792 502 2933 548 ΛΒΤ.
2980 502 3065 549 XV

855 675 1155 755 puniatur
1181 695 1215 737 a
1246 676 1394 750 Dec,
1429 674 1584 737 dicit
1615 675 1812 736 Deum
1851 693 1988 737 esse
2019 673 2341 756 impurum
2376 672 2425 734 A
2455 673 2628 735 dunt.
2654 673 2789 735 Non
2834 672 3004 735 enim
3045 671 3309 733 dubium
3350 676 3464 746 est,
3490 668 3649 751 quin
3679 667 3955 751 Eliphaz

853 772 988 836 sivc
1020 774 1352 855 injustum,
1374 782 1436 834 et
1467 772 1726 855 praefert
1747 792 1812 835 se
1843 772 1902 835 ei
1928 791 1941 835 :
1969 773 2191 855 sicque
2221 792 2347 835 cre-

851 872 1130 934 dendum
1163 872 1266 949 sit,
1301 872 1470 953 quod
1512 872 1627 935 Job
1667 879 1728 933 et
1758 870 1883 933 filii
1927 872 2067 952 ejus
2109 871 2191 934 ob
2230 890 2346 933 sua

854 978 1111 1051 peccata
1149 970 1434 1051 percussi
1475 970 1624 1031 sint.

933 1068 1262 1145 Quaeritur,
1314 1088 1392 1130 an
1441 1067 1700 1149 Eliphaz
1745 1068 1969 1130 habuit
2015 1068 2346 1131 revelatio-

854 1186 999 1229 nem
1032 1167 1465 1249 praescriptam
1495 1187 1530 1228 a
1550 1167 1697 1242 De0,
1717 1166 1817 1229 vel
1851 1186 1988 1229 eam
2020 1165 2347 1230 confinxe-

857 1265 960 1327 rit.
997 1266 1125 1328 Hoc
1146 1265 1418 1327 Thomas
1449 1265 1756 1346 relinquit
1778 1265 1898 1327 sub
1929 1265 2146 1327 dubio.
2172 1266 2347 1346 Lyrae

2456 771 2521 832 in
2561 790 2861 854 processu
2896 770 3347 852 disputationis
3387 787 3516 830 suae
3560 766 3759 829 multa
3789 785 3955 829 vera

2454 870 2791 953 protulerit
2826 889 2839 931 :
2878 869 3080 932 nihilo
3111 869 3325 930 minus
3356 867 3490 950 ipse
3530 874 3593 929 et
3620 868 3755 946 ejus
3784 865 3954 927 ami-

2454 970 2511 1031 ci
2554 969 2855 1031 dicuntur
2895 986 3021 1031 non
3067 974 3238 1030 recta
3276 966 3493 1042 locuti,
3526 965 3677 1047 quia
3712 964 3791 1027 ad
3820 963 3953 1025 fal-

2454 1086 2588 1128 sam
2639 1067 3112 1129 conclusionem
3162 1085 3273 1128 seu
3322 1065 3523 1128 finem
3571 1080 3951 1146 perversum

2455 1165 2589 1228 haec
2649 1165 3023 1241 retulerunt,
3077 1164 3377 1227 videlicet
3420 1164 3496 1227 ad
3543 1162 3951 1246 probandum

2452 1264 2570 1327 Job
2601 1283 2720 1346 pro
2750 1264 2881 1326 suis
2914 1264 3278 1327 excessibus
3305 1282 3443 1325 esse
3472 1262 3814 1345 plagatum,
3847 1267 3951 1320 at-

859 1374 1068 1427 autem
1120 1363 1393 1441 videtur,
1440 1365 1608 1445 quod
1655 1363 1844 1425 finxit
1888 1364 2044 1439 haec,
2091 1364 2240 1445 quia
2280 1364 2345 1425 in
2455 1382 2582 1444 que
2612 1364 2688 1425 ad
2728 1362 3242 1425 confirmandum
3285 1361 3631 1443 positiones
3668 1378 3814 1421 suas
3844 1376 3955 1420 er-

861 1461 996 1525 fine
1044 1462 1195 1525 libri
1246 1462 1548 1524 Dominus
1600 1462 1688 1523 ait
1735 1463 1813 1525 ad
1862 1462 2123 1543 Eliphaz
2165 1463 2344 1524 :Non
2458 1480 2681 1524 roncas
2732 1462 2902 1524 circa
2942 1462 3200 1523 modum
3246 1458 3661 1542 providentiae
3703 1456 3835 1532 Dei,
3872 1464 3953 1517 ut

859 1562 1012 1625 estis
1035 1561 1228 1624 locuti
1263 1570 1503 1624 rectum
1527 1580 1736 1623 coram
1769 1580 1892 1623 me.
1916 1562 2350 1642 Rursu5‚quia
2457 1560 2696 1624 dictum
2732 1568 2829 1622 est
2874 1579 3088 1641 supra.
3123 1561 3427 1622 Praeterea
3472 1557 3767 1622 revelatio
3806 1557 3949 1639 jam

859 1660 1103 1722 inducit
1136 1668 1199 1722 et
1227 1660 1506 1741 applicat
1545 1678 1681 1721 eam
1716 1660 1792 1721 ad
1836 1658 2068 1721 falsum
2102 1660 2349 1722 intelle·
2458 1658 2846 1741 praescripta,
2884 1659 2949 1719 in
2991 1677 3058 1721 se
3090 1677 3237 1721 vera
3275 1666 3465 1739 atque
3500 1656 3787 1719 sublimis
3818 1663 3947 1728 est,

857 1767 1052 1821 ctum.
1095 1759 1308 1821 Potius
1353 1766 1560 1820 tamen
1613 1777 1774 1835 reor,
1817 1759 1988 1839 quod
2029 1778 2165 1820 eam
2220 1776 2347 1820 non
2458 1758 2679 1838 sicque
2707 1777 2745 1820 a
2776 1758 2901 1820 Deo
2941 1757 3245 1820 manavit.
3288 1756 3547 1837 Eliphaz
3591 1763 3797 1817 tamen
3832 1754 3955 1816 ab-

861 1856 1050 1919 finxit
1085 1874 1099 1918 :
1134 1859 1304 1938 quod
1335 1865 1398 1921 et
1427 1857 1764 1937 Gregorius
1805 1858 2041 1920 sentire
2071 1858 2342 1920 videtur.
2386 1849 2431 1909 Β
2461 1875 2611 1917 usus
2658 1864 2753 1917 est
2798 1875 2891 1931 ea,
2926 1855 3093 1918 male
3130 1855 3459 1937 applicans
3504 1872 3643 1916 eam
3686 1853 3761 1915 ad
3796 1851 3949 1928 Iob,

855 1955 979 2018 Nec
1013 1955 1128 2018 Job
1166 1956 1252 2018 ita
1285 1956 1485 2018 sensit
1521 1956 1599 2019 de
1633 1955 1914 2037 Eliphaz‚
1951 1965 2021 2017 ut
2059 1965 2342 2037 apparet,
2458 1954 2622 2017 sicut
2684 1954 3051 2035 frequenter
3107 1954 3267 2016 ratio
3320 1953 3438 2015 sub
3488 1952 3655 2015 veris
3708 1950 3959 2033 princi-

857 2053 1027 2134 quod
1062 2053 1322 2117 finxerit
1360 2054 1482 2116 ista
1517 2072 1530 2115 :
1569 2072 1695 2117 non
1737 2054 1907 2117 enim
1947 2054 2193 2136 aliquid
2233 2054 2349 2115 im·
2458 2053 2583 2136 piis
2614 2053 2781 2117 male
2811 2052 3133 2115 subsumit
3164 2070 3179 2114 τ
3214 2052 3383 2133 quod
3424 2050 3635 2133 passio
3672 2050 3955 2113 maxime

858 2151 1042 2233 ponit
1074 2152 1196 2214 sibi
1233 2154 1311 2217 de
1345 2153 1487 2216 hoc.
1519 2153 1644 2215 Nec
1677 2161 2049 2235 argumenta
2091 2153 2349 2216 conclu-
2458 2151 2634 2215 facit.

1960 2580 2612 2667 ARTICULUS
2688 2584 2837 2665 XV

999 2852 1312 2899 Exposrrlo
1355 2853 1702 2899 Ll‘rmnaus
1745 2853 2019 2899 currum
2067 2853 2269 2907 QUINTI
2314 2854 2327 2896 Ζ
2376 2853 2535 2899 VOCA
2578 2854 2755 2911 ERGO,
2806 2855 2859 2899 sl
2905 2855 3013 2900 EST
3057 2854 3159 2908 Qm
3200 2854 3323 2898 'rim
3364 2853 3788 2899 RESPONDEAT.

1001 3129 1341 3194 ECITATA
1379 3130 1766 3195 revelatione
1797 3131 1920 3193 sibi
1953 3132 2225 3212 desuper
2258 3129 2350 3191 fa·
2386 3133 2429 3195 C
2461 3130 2593 3207 Dei,
2620 3131 2696 3192 ad
2730 3131 3009 3212 aliquem
3034 3132 3132 3195 vel
3156 3131 3405 3214 aliquos
3426 3131 3793 3196 Sanctorum
3828 3153 3953 3197 nos

1015 3238 1128 3303 cta,
1144 3228 1402 3310 Eliphaz
1426 3228 1706 3292 irrisorie
1727 3248 1798 3293 ac
1821 3230 2132 3293 invective
2152 3230 2352 3311 loqui-

861 3336 963 3388 tur
982 3335 1204 3390 contra
1229 3328 1366 3391 Job.
1400 3331 1556 3389 Voca
1585 3349 1732 3406 erqo
1755 3350 1777 3388 :
1801 3328 1863 3391 id
1895 3337 2012 3405 est,
2046 3330 2349 3411 quoniam

861 3425 1020 3487 mihi
1052 3426 1186 3489 haec
1215 3426 1491 3489 revelata
1535 3436 1704 3503 sunt,
1742 3435 1808 3489 tu
1849 3446 2106 3509 quoque
2145 3428 2256 3507 qui
2291 3436 2350 3490 te

863 3530 990 3585 tam
1024 3523 1427 3587 innocentem
1473 3543 1543 3587 ac
1582 3526 1826 3606 justum
1866 3525 2222 3607 praesumiS‚
2257 3525 2351 3586 in-

863 3640 1018 3686 voca
1055 3623 1268 3699 Deum,
1304 3623 1416 3703 qui
1443 3624 1649 3703 justos
1683 3624 1882 3704 magis
1913 3643 2102 3705 quam
2137 3642 2351 3704 pecca-

862 3728 1030 3782 tores
1061 3720 1355 3796 exaudit3
1403 3724 1465 3780 si
1501 3732 1590 3781 est
1629 3724 1746 3801 qui
1787 3724 1905 3782 tibi
1949 3726 2352 3799 respondeat,

863 3818 927 3880 id
957 3826 1072 3895 est,
1100 3820 1399 3901 precibus
1421 3819 1546 3881 tuis
1576 3819 1884 3882 effectum
1917 3820 2263 3901 impendat,
2290 3829 2351 3882 ct

858 3916 978 3979 tibi
1010 3936 1152 3998 quae
1179 3916 1310 3979 dixi
1353 3917 1624 3991 revelet3
1658 3928 1716 3979 et
1747 3922 1834 3979 ad
1869 3921 2154 3997 aliquem
2184 3922 2353 3981 San-

857 4025 1106 4076 ctorum
1135 4026 1522 4087 convertere,
1553 4016 1793 4079 orando
1833 4016 2112 4098 aliquem
2143 4017 2350 4080 civem

860 4113 1040 4193 regni
1071 4113 1370 4189 coelestiS‚
1392 4124 1462 4176 ut
1492 4122 1627 4176 oret
1649 4132 1765 4196 pro
1789 4123 1870 4191 te,
1893 4115 1946 4176 si
1978 4116 2055 4178 de
2077 4116 2202 4177 tuis
2224 4135 2352 4178 me-

859 4209 999 4271 ritis
1032 4230 1160 4273 non
1191 4210 1487 4274 confidis,
1522 4213 1689 4274 Istud
1734 4212 1859 4274 fuit
1901 4222 1961 4275 et
1998 4223 2094 4276 est
2123 4234 2349 4276 sanum

2460 3238 2927 3306 convertamuS,
2963 3231 3039 3292 ad
3084 3249 3245 3312 quos
3284 3230 3625 3311 specialem
3658 3231 3955 3297 affectio-

2463 3346 2607 3390 nem
2642 3327 3077 3410 fiduciamque
3120 3329 3449 3407 habemuS,
3484 3332 3835 3412 praesertim
3866 3333 3951 3393 ad

2461 3427 2787 3507 Virginem
2852 3427 3222 3507 gloriosam,
3287 3438 3357 3489 ut
3425 3428 3773 3493 intercedat
3828 3450 3952 3512 pro

2460 3526 2667 3589 nobis.
3085 3510 3091 3517 ’

2540 3624 3015 3705 Consequenter
3048 3625 3331 3687 insinuat
3360 3635 3649 3689 sanctum
3678 3627 3793 3689 Job
3822 3627 3955 3690 ira-

2461 3724 2739 3786 cundum
2796 3724 3213 3805 invidumque
3264 3723 3483 3801 fuisse,
3537 3726 3828 3806 quamvis
3879 3727 3951 3788 in

2461 3822 2741 3902 generali
2790 3822 3106 3902 loquatur.
3154 3822 3349 3903 Cujus
3395 3823 3587 3886 etiam
3638 3824 3829 3887 verba
3881 3826 3949 3886 in

2461 3920 2741 3999 generali
2786 3929 2933 3981 sunt
2967 3923 3380 4002 exponenda:
3406 3922 3500 3984 sic
3544 3940 3771 4005 nempe
3802 3944 3951 4006 pro-

2464 4017 2665 4081 funda
2714 4028 2882 4096 sunt,
2936 4038 3083 4082 vera
3138 4028 3331 4101 atque
3382 4021 3662 4083 subtilia.
3728 4025 3949 4085 Virum

2459 4121 2757 4187 stultum,
2796 4118 2908 4199 qui
2953 4137 3100 4181 vera
3150 4138 3223 4181 ac
3270 4120 3585 4201 spirituali
3636 4121 3953 4202 sapientia

2462 4224 2633 4278 caret
2652 4233 2665 4277 :
2689 4215 2959 4278 stultitia
2980 4216 3221 4298 quippe
3250 4217 3417 4280 dono
3438 4220 3765 4299 sapientiae
3784 4219 3953 4282 dire-

859 4308 1222 4386 consilium,
1244 4310 1298 4371 si
1331 4318 1499 4372 recta
1519 4310 1874 4373 intentione
1893 4321 1958 4374 et.
1984 4332 2059 4375 ex
2090 4313 2351 4375 caritate
2383 4318 2433 4379 D
2461 4322 2559 4376 cte
2580 4314 2945 4396 opponitur.
2973 4315 3215 4377 Stultus
3245 4334 3498 4397 quoque
3530 4326 3807 4395 vocatur,
3832 4320 3947 4400 qui

862 4403 1091 4468 fuisset
1121 4408 1516 4489 propositum
1553 4426 1567 4469 :
1601 4409 1754 4490 quia
1792 4417 1854 4472 et
1885 4428 2000 4473 nos
2040 4411 2106 4472 in
2137 4411 2351 4474 dubiis
2460 4411 2906 4476 discretionem
2959 4432 3084 4475 non
3143 4413 3333 4477 habet
3381 4415 3811 4495 eligendorum
3874 4437 3949 4480 ac

861 4512 924 4566 et
956 4504 1188 4583 ignotis
1209 4507 1404 4568 Deum
1427 4525 1541 4588 pro
1565 4506 2033 4571 illuminatione
2053 4508 2350 4573 invocare
2461 4511 2886 4574 vitandorum.
2940 4512 3153 4575 Talem
3215 4516 3524 4591 interficit
3572 4517 3945 4587 iracundia,

861 4602 1186 4679 debemus,
1210 4605 1386 4685 juxta
1421 4606 1480 4667 id
1511 4606 1727 4668 Jacobi
1754 4624 1767 4667 :
1795 4606 1857 4668 Si
1890 4606 2034 4688 quis
2066 4616 2346 4671 vestrum

860 4699 1106 4783 indiget
1126 4702 1456 4783 sapientia,
1483 4704 1763 4786 postulet
1784 4724 1821 4766 a
1841 4706 1986 4781 Deo,
2013 4714 2074 4767 et
2092 4706 2349 4768 dabitur

858 4799 940 4861 ei.
975 4800 1254 4863 Postulet
1296 4809 1507 4864 autem
1541 4803 1606 4864 in
1650 4801 1779 4866 fide
1818 4803 1978 4865 nihil
2022 4803 2342 4867 haesitans.

857 4898 934 4960 Et
963 4899 1292 4963 Psalmista
1326 4918 1340 4961 ε
1375 4901 1668 4963 Accedite
1698 4901 1776 4963 ad
1813 4920 1983 4978 eum,
2017 4910 2079 4964 et
2112 4902 2349 4965 illumi-

857 4998 1122 5059 namini.
1177 4998 1484 5080 Denique,
1519 4998 1994 5061 considerantes
2047 5000 2347 5082 imperfe-

854 5104 1027 5157 ctum
1067 5106 1378 5173 nostrum,
1415 5105 1673 5178 peccata
1717 5104 1778 5159 et
1817 5097 2058 5159 scelera
2103 5107 2339 5176 nostra,

854 5202 1112 5275 propter
1143 5212 1285 5275 quae
1322 5194 1567 5274 indigni
1613 5214 1831 5257 sumus
1863 5214 1977 5276 per
2023 5214 2138 5258 nos
2171 5196 2343 5278 ipsos

853 5292 1218 5356 immediate
1275 5294 1575 5357 accedere
1631 5295 1708 5356 ad
1769 5295 2070 5357 thronum
2123 5295 2343 5376 gratiae

2462 4608 2834 4686 formaliter,
2855 4611 3158 4692 quoniam
3182 4611 3275 4673 ira
3294 4631 3495 4693 quum
3514 4614 3598 4675 sit
3618 4622 3949 4695 peccatum

2460 4710 2725 4771 mortale
2756 4728 2833 4771 ex
2876 4728 3129 4790 genere,
3165 4712 3397 4773 animae
3438 4729 3605 4774 mors
3650 4721 3745 4775 est
3777 4730 3792 4774 ε
3824 4712 3949 4776 sic-

2457 4826 2585 4888 que
2616 4807 3031 4888 spiritualiter
3054 4808 3365 4871 interimit
3382 4808 3730 4872 hominem.
3755 4810 3949 4874 Inter-

2458 4904 2601 4967 ficit
2631 4906 2819 4967 etiam
2872 4924 3041 4981 eum,
3084 4906 3387 4987 quoniam
3436 4918 3640 4971 morte
3688 4909 3949 4971 damna-

2458 5004 2650 5065 tionis
2698 5012 2967 5079 aeternae‚
3022 5011 3085 5066 et
3134 5004 3451 5067 interdum
3500 5007 3692 5069 etiam
3741 5018 3947 5071 morte

2456 5101 2791 5182 corporali,
2839 5121 2981 5163 eum
3030 5101 3242 5164 efficit
3290 5103 3576 5183 dignum.
3627 5105 3755 5167 lmo
3801 5106 3947 5187 qui-

2454 5217 2728 5279 cumque
2760 5208 2977 5279 peccat
3006 5201 3379 5278 mortaliter,
3417 5210 3696 5265 meretur
3722 5202 3944 5267 divina

2452 5296 2933 5359 conservatione
2964 5296 3029 5358 in
3060 5318 3200 5361 essc-
3230 5300 3492 5381 privari,
3518 5300 3941 5383 protinusque
