4309 6259
588 3320 740 3366 Ecole.
752 3324 853 3373 xm.

903 466 1022 529 462

1755 484 2100 531 ENARRATIO
2143 484 2205 529 IN
2248 484 2383 529 CAP.
2432 484 2473 529 X
2512 483 2637 529 JOB.
2687 502 2767 513 -
2807 485 2950 531 ART.
2996 485 3145 531 xxv1

905 657 991 715 tio
1024 665 1158 727 cua,
1193 654 1258 716 id
1298 662 1394 717 est
1431 653 1804 717 adsistentia
1851 654 2148 734 gratiosa,
2191 663 2393 715 cusco-
2422 649 2473 711 A
2504 661 2613 713 tur
2642 656 2866 715 brevi?
2895 654 3180 735 Denique
3228 664 3415 718 certae
3464 662 3633 739 sunt,
3683 655 3857 735 quod
3904 654 3988 715 ad

899 755 1071 813 divit
1110 755 1418 830 spiritum
1460 773 1699 823 meum,
1738 751 1802 813 id
1851 760 1948 815 est
1994 752 2387 833 superiorem

901 850 1130 913 animae
1178 851 1558 931 portionem,
1593 850 1838 913 scilicet
1889 850 2283 913 intellectum
2328 857 2391 911 et

901 949 1292 1011 voluntatem
1347 968 1361 1011 :
1416 949 1767 1032 praesertim
1817 949 1883 1010 in
1935 949 2090 1011 hora
2137 948 2383 1024 mortiS,

898 1048 1155 1127 quando
1209 1048 1463 1127 gravior
1520 1047 2064 1130 periculosiorque
2125 1047 2387 1110 tentatio

899 1146 1060 1208 solet
1100 1145 1430 1221 accidere3
1471 1146 1728 1227 quando
1760 1156 1822 1208 et
1854 1146 2070 1207 anima
2109 1146 2387 1227 propriis

897 1242 1144 1305 viribus
1188 1244 1453 1307 minime
1496 1244 1665 1307 valet
1705 1244 2022 1320 resistere,
2065 1244 2257 1306 etiam
2304 1242 2386 1306 ob

897 1343 1290 1424 corporalem
1344 1343 1526 1404 illum
1578 1342 1858 1405 dolorem
1911 1342 2382 1423 gravissimum,

896 1442 1161 1504 rationis
1185 1441 1498 1522 judicium
1520 1440 1960 1503 debilitantem
1986 1459 2114 1503 non
2138 1460 2381 1521 parum,

896 1540 1022 1601 nisi
1053 1540 1269 1620 gratiae
1299 1540 1464 1601 adsit
1491 1538 1822 1601 auxilium.
1856 1538 2033 1601 Unde
2075 1547 2225 1601 tunc
2255 1558 2387 1601 am-

895 1638 1065 1719 plius
1098 1638 1341 1719 indiget
1371 1638 1677 1699 divinitus
1717 1636 2030 1718 adjuvari,
2065 1656 2144 1699 ne
2186 1646 2386 1699 tenta-

895 1735 1180 1800 tionibus
1241 1745 1596 1817 superetur,
1649 1745 1711 1799 et
1772 1736 1836 1798 in
1895 1734 2149 1799 mortali
2196 1736 2386 1818 culpa

2504 750 2827 813 infernum
2873 772 3203 833 nunquam
3246 753 3609 828 devenient,
3644 752 3867 833 sicque
3892 751 3987 815 eis

2501 869 2629 913 non
2679 851 2983 933 competit
3028 850 3201 932 quod
3254 859 3573 933 postremo
3626 851 3982 931 adjicitur:

2498 951 2769 1009 Dimitte
2814 970 2963 1027 erqo
3016 970 3137 1020 me,
3164 961 3239 1009 ut
3272 954 3591 1029 plangam
3628 955 3983 1028 paululum

2496 1050 2779 1108 dolorem
2809 1068 3019 1109 meum
3058 1058 3405 1127 antequam
3448 1052 3711 1119 vadam,
3750 1059 3810 1109 et
3855 1070 3979 1110 non

2496 1156 2804 1217 revertar,
2836 1150 2924 1206 ad
2975 1156 3214 1207 terram
3264 1148 3676 1215 tenebrosam,
3706 1156 3827 1209 etc.
3862 1147 3983 1209 Ve-

2499 1251 2875 1319 rumtamen,
2896 1243 3241 1307 auxiliante
3264 1243 3503 1325 Spiritu
3524 1243 3776 1321 Sancto,
3791 1264 3983 1325 quan-

2499 1349 2628 1403 tum
2683 1342 2821 1423 ipse
2867 1342 3220 1419 donaverit,
3274 1342 3649 1424 exponenda
3700 1352 3853 1405 sunt
3903 1345 3982 1407 de

2495 1439 2937 1521 hujuscemodi
2977 1440 3211 1503 anima.

2572 1537 2807 1619 ltaque,
2846 1536 3109 1619 spiritus
3140 1538 3467 1601 rationalis
3502 1538 3568 1600 in
3610 1541 3979 1621 purgatorio

2493 1636 2899 1713 constitutuS,
2934 1637 3203 1717 querula
3230 1656 3385 1701 voce
3412 1638 3489 1699 ad
3520 1638 3975 1701 insinuandum

2463 1751 2829 1816 poenarum
2884 1754 3142 1797 suarum
3200 1734 3628 1812 acerbitatem,
3694 1736 3979 1817 loquitur

894 1835 1179 1912 decedat,
1206 1834 1365 1896 sed
1349 1854 1414 1895 in
1447 1834 1652 1915 gratia
1679 1842 1831 1896 tunc
1861 1834 2160 1915 persistat
2189 1852 2262 1895 ac
2292 1853 2383 1895 se·
2418 1830 2465 1893 B
2492 1833 2819 1897 Creatori:
2860 1837 3073 1903 Quare
3116 1836 3197 1893 de
3242 1838 3437 1894 vulva
3482 1837 3777 1895 eduoeaestz'
3826 1858 3922 1895 me
3948 1839 3979 1897 β

893 1940 1171 2014 paretur.
1206 1932 1348 1995 Haec
1391 1940 1602 1994 autem
1647 1932 1936 1994 custodia
1983 1950 2231 1994 summe
2276 1950 2383 1995 ne-

892 2030 1167 2092 cessaria
1194 2038 1311 2106 est,
1343 2038 1406 2092 et
1435 2028 1708 2091 maxime
1739 2028 2088 2105 fructuosa,
2122 2029 2273 2109 quia
2315 2029 2379 2091 in

891 2148 964 2191 ea
1020 2127 1438 2209 dispositione
1495 2146 1607 2189 seu
1657 2125 2024 2203 affectione,
2085 2146 2213 2208 qua
2269 2146 2382 2208 per

889 2235 1160 2289 mortem
1204 2226 1418 2288 anima
1460 2225 1698 2288 recedit
1737 2244 1773 2287 a
1812 2243 2097 2307 corpore,
2134 2244 2381 2306 perma-

891 2334 1000 2387 net
1031 2325 1097 2386 in
1125 2333 1455 2387 aeternum.
1483 2324 1639 2385 Hinc
1671 2324 1723 2385 si
1758 2323 1824 2384 in
1857 2324 2116 2385 caritate
2147 2332 2211 2385 et
2240 2343 2380 2405 gra-

891 2424 978 2485 tia
1025 2431 1372 2505 separetur,
1423 2430 1639 2484 manet
1689 2420 2180 2485 inavertibiliter
2230 2440 2379 2485 con-

889 2541 1072 2584 versa
1101 2523 1177 2584 ad
1211 2522 1449 2594 Deum;
1495 2519 1549 2580 si
1589 2537 1742 2582 vero
1786 2519 1851 2580 in
1893 2520 2144 2582 mortali
2189 2520 2378 2601 culpa

887 2621 1034 2702 quis
1082 2619 1410 2695 moriatur,
1451 2624 1668 2679 manet
1714 2617 1928 2679 anima
1970 2618 2108 2698 ejus
2160 2617 2379 2681 incon-

889 2716 1268 2780 vertibiliter
1299 2736 1336 2778 a
1365 2717 1492 2779 Deo
1521 2734 1765 2779 aversa.
1795 2714 2054 2796 Propter
2085 2716 2255 2796 quod
2280 2736 2377 2778 as-

886 2816 1040 2880 serit
1067 2816 1488 2878 Damascenus
1515 2831 1528 2875 :
1554 2814 1729 2887 Quod
1761 2813 2006 2891 angelis
2035 2821 2132 2875 est
2164 2814 2369 2893 ruina,

885 2915 1006 2978 hoc
1045 2913 1414 2976 hominibus
1453 2920 1546 2974 est
1589 2929 1782 2974 mors,
1828 2911 2053 2991 Angeli
2098 2932 2373 2994 namque

2490 1930 2665 2005 Quod
2712 1932 2823 2009 ait,
2858 1951 2985 1996 non
3029 1933 3210 2014 quasi
3252 1933 3466 1995 anima
3506 1934 3587 1995 sit
3626 1934 3857 1997 educta
3898 1936 3977 1997 de

2490 2030 2775 2111 potentia
2800 2031 3100 2107 materiae,
3136 2039 3207 2092 ut
3234 2030 3394 2093 dixit
3420 2030 3777 2094 Alexander
3808 2034 3975 2113 peri·

2489 2129 2822 2211 pateticuS‚
2856 2129 2957 2192 vel
2987 2130 3169 2211 quasi
3200 2129 3282 2192 sit
3312 2149 3388 2193 ex
3417 2130 3695 2206 traduce,
3732 2141 3804 2193 ut
3854 2131 3977 2193 fin-

2488 2227 2580 2289 xit
2626 2228 3013 2308 Apollinaris
3072 2228 3403 2291 haereticus
3443 2252 3458 2303 3
3512 2230 3620 2291 sed
3668 2230 3973 2311 quoniam

2488 2326 2739 2407 corpori
2771 2325 2937 2388 intra
2966 2333 3323 2389 maternum
3346 2334 3595 2389 uterum
3618 2328 3839 2391 clauso
3864 2348 3975 2410 per

2487 2422 2871 2485 creationem
2922 2422 3305 2501 infunditur,
3347 2432 3410 2487 et
3458 2424 3649 2486 simul
3698 2445 3849 2489 cum
3898 2446 3969 2489 eo

2489 2520 2636 2583 inde
2666 2520 2977 2583 educitur.
3010 2522 3227 2603 Itaque
3267 2523 3356 2584 ait
3390 2541 3403 2584 :
3438 2522 3639 2597 Quare
3669 2525 3749 2587 de
3781 2526 3971 2588 vulva

2485 2618 2757 2681 eduxisti
2788 2637 2890 2680 me
2917 2621 2940 2679 2
2971 2626 3271 2699 tanquam
3306 2619 3473 2683 dicat
3508 2639 3522 2681 :
3556 2620 3777 2683 Melius
3811 2624 3965 2685 mihi

2484 2726 2652 2780 esset
2680 2736 2807 2780 non
2837 2736 2995 2795 esse,
3020 2738 3213 2799 quam
3245 2718 3309 2779 in
3342 2719 3551 2801 poenis
3582 2720 3681 2783 his
3712 2732 3971 2787 aeterna·

2484 2816 2629 2879 liter
2660 2835 3052 2898 permanere.
3072 2817 3167 2878 An
3189 2835 3341 2880 vero
3371 2817 3599 2881 animae
3630 2818 3697 2881 in
3726 2824 3970 2900 gravio-

2484 2915 2661 2977 ribus
2693 2916 3043 2996 purgatorii
3076 2915 3284 2996 poenis
3315 2915 3603 2992 detentae‚
3625 2918 3969 3000 aliquando

884 3011 1266 3074 aeternaliter
1316 3017 1574 3072 manent
1618 3008 1685 3070 in
1731 3027 1807 3072 eo
1846 3007 2111 3086 affectu,
2146 3010 2213 3071 in
2244 3030 2372 3091 quo
2406 3005 2450 3069 C
2484 3022 2943 3076 tormentorum
2989 3032 3247 3075 suorum
3292 3015 3691 3079 vehementia
3728 3018 3823 3080 sic
3862 3038 3969 3101 op-

885 3110 984 3173 vel
1018 3108 1402 3184 ceciderunt,
1429 3108 1528 3172 vel
1559 3109 1687 3171 Deo
1718 3108 1785 3169 in
1819 3107 2137 3189 principio
2167 3108 2375 3171 adhae-

883 3216 1124 3269 serunt.
1160 3205 1335 3279 Quod
1386 3207 1453 3268 in
1501 3204 1883 3268 Ecclesiaste
1933 3204 2231 3268 Salomon
2277 3206 2374 3267 in-

885 3325 1088 3369 nuens
1115 3323 1128 3367 :
1166 3305 1228 3368 Si
1260 3304 1559 3387 ceciderit
1586 3302 1851 3384 (inquit)
1883 3302 2128 3384 lignum
2159 3304 2236 3364 ad
2268 3323 2372 3366 au-

883 3413 1107 3481 strum,
1142 3411 1252 3466 ant
1297 3403 1376 3465 ad
1427 3403 1816 3484 aquilonem,
1854 3402 1920 3463 in
1963 3419 2370 3482 quocumque

882 3502 1020 3565 loco
1044 3501 1359 3575 ceciderit,
1380 3501 1470 3563 ibi
1493 3500 1628 3563 erit.
1643 3499 1932 3573 Quotidie
1956 3499 2150 3579 igitur
2171 3500 2369 3563 Deum

875 3601 1286 3664 devotissime
1315 3600 1750 3682 deprecemur,
1785 3607 2103 3679 quatenus
2143 3597 2210 3659 in
2258 3597 2381 3664 illa

873 3700 1030 3763 hora
1060 3700 1338 3764 visitatio
1368 3699 1508 3780 ejus
1537 3706 1801 3779 paterna
1839 3705 2032 3777 atque
2075 3696 2368 3777 piissima

873 3799 1170 3881 spiritum
1201 3805 1487 3862 nostrum
1519 3796 1855 3872 custodiat,
1880 3813 1960 3857 ne
1992 3793 2368 3857 succumbat

874 3905 1160 3978 tempore
1188 3895 1434 3958 mortis.

955 3999 1168 4065 Quare
1201 3998 1280 4055 de
1323 3998 1520 4053 vulva
1557 3993 1846 4052 eduxisti
1896 4012 1988 4052 me
2011 3995 2040 4052 Ρ
2073 3992 2202 4060 Qui
2242 3994 2367 4051 uti-

871 4114 1026 4154 nam
1063 4101 1474 4169 consumptus
1509 4111 1724 4159 essem,
1751 4110 1833 4150 ne
1868 4094 2090 4149 oculas
2131 4110 2230 4149 me
2274 4091 2367 4149 vi-

2482 3111 2860 3193 primantur,
2911 3111 3267 3187 vincantur,
3320 3111 3847 3193 obtenebrentur,
3904 3127 3969 3180 ut

2479 3215 2788 3289 quantum
2829 3206 2895 3268 in
2941 3207 3097 3288 ipsis
3137 3216 3253 3283 est,
3289 3209 3501 3290 potius
3543 3211 3748 3273 velint
3796 3233 3970 3296 pror-

2480 3326 2588 3368 sus
2638 3325 2765 3369 non
2814 3325 2974 3383 esse,
3026 3316 3456 3389 aeternamque
3507 3310 3965 3375 beatitudinem

2480 3422 2808 3485 nunquam
2854 3404 3206 3484 acquirere,
3242 3424 3432 3486 quam
3474 3406 3683 3469 taliter
3712 3410 3823 3471 diu
3856 3430 3963 3474 seu

2478 3503 2719 3583 absque
2762 3502 2924 3565 scitu
2972 3502 3126 3565 finis
3172 3502 3270 3565 sui
3321 3504 3621 3585 supplicii
3665 3508 3960 3585 cruciari,

2476 3597 2809 3661 affirmare
2832 3618 2959 3662 non
2982 3599 3197 3663 audeo.
3218 3600 3455 3664 Idcirco
3478 3604 3812 3683 sequentia
3845 3614 3966 3669 tex-

2480 3705 2580 3757 tus
2609 3695 2803 3759 verba
2832 3699 2910 3760 ad
2941 3698 3113 3761 hunc
3143 3718 3402 3763 sensum
3442 3720 3569 3765 non
3598 3704 3959 3785 applicabo.

2568 3798 2695 3864 Qui
2750 3798 3005 3857 utinam
3066 3810 3475 3877 consumptas
3520 3821 3713 3863 essem
3762 3824 3787 3863 .·
3836 3824 3961 3867 non

2474 3893 2822 3955 amittendo
2856 3913 2997 3957 esse
3032 3903 3096 3958 et
3134 3895 3348 3959 vivere
3390 3899 3697 3977 naturale,
3732 3910 3845 3964 aut
3876 3904 3964 3965 vi-

2476 4000 2601 4053 tam
2650 3990 2929 4053 caritatis
2977 4000 3041 4055 et
3081 3994 3319 4073 gratiae,
3355 3994 3423 4057 in
3460 4015 3587 4077 qua
3624 4017 3811 4073 sum3
3856 4002 3961 4064 sed

2474 4088 2823 4152 amittendo
2854 4092 3023 4170 quod
3053 4110 3167 4173 per
3196 4092 3450 4175 culpam
3479 4092 3755 4157 effectus
3796 4118 3959 4174 sum,

869 4194 1066 4252 deret.
1119 4190 1334 4253 Lectio
1385 4188 1508 4250 ista
1557 4187 1772 4249 minus
1830 4186 2110 4269 proprie,
2170 4204 2365 4267 quam
2394 4190 2443 4251 D
2476 4195 2545 4248 ut
2601 4186 2843 4249 scilicet
2898 4197 3311 4251 consumatur
3360 4200 3421 4253 et
3479 4201 3696 4273 pereat
3747 4194 3814 4256 in
3864 4216 3963 4259 me

870 4290 1322 4371 praecedenteS‚
1358 4287 1609 4351 videtur
1641 4287 1720 4348 de
1751 4286 1966 4347 anima
1996 4283 2365 4367 purgatorio

867 4387 1251 4468 adjudicata,
1272 4403 1457 4468 posse
1487 4383 1738 4465 exponi.
1757 4384 1996 4447 Animas
2018 4383 2190 4446 enim
2222 4404 2363 4465 quae

873 4483 961 4547 ibi
1004 4492 1172 4560 sunt,
1209 4503 1408 4566 quum
1455 4482 1584 4544 sint
1627 4482 1692 4544 in
1735 4490 1905 4544 certa
1944 4480 2361 4545 beatitudinis

872 4582 1362 4665 exspectatione,
1385 4601 1579 4663 quam
1619 4579 2034 4643 indicibiliter
2064 4581 2355 4662 cupiunt,

873 4700 1003 4745 non
1033 4689 1255 4763 optant
1275 4698 1414 4767 ‚non
1451 4700 1612 4757 esse,
1659 4698 1774 4741 nec
1815 4678 1908 4740 eis
1947 4679 2253 4759 competit
2282 4681 2360 4743 de

873 4789 1052 4843 utero
1085 4778 1239 4842 ferri
1269 4779 1348 4840 ad
1379 4777 1718 4853 tumulum,
1753 4776 1918 4839 sicut
1955 4795 2098 4839 mox
2145 4778 2362 4840 subdi-

872 4889 976 4941 tur
1010 4896 1024 4939 :
1058 4880 1350 4939 Fuissem
1396 4877 1585 4956 quasi
1631 4896 1758 4935 non
1807 4896 2026 4944 essem,
2053 4880 2131 4935 de
2178 4886 2357 4938 utero

873 4980 1224 5039 translatus
1254 4979 1342 5037 ad
1387 4978 1732 5035 tumulum.
1769 4972 1888 5035 Sed
1930 4981 1992 5035 et
2032 4974 2169 5036 dies
2211 4974 2358 5038 vitae

869 5094 1087 5139 earum
1137 5074 1428 5158 perpetui
1477 5080 1648 5149 sunt,
1705 5080 1772 5133 ut
1821 5071 2032 5135 dicere
2081 5073 2175 5135 eis
2230 5092 2357 5136 non

868 5182 1189 5255 congruat,
1205 5192 1346 5256 quae
1368 5180 1512 5255 post
1532 5190 1733 5253 pauca
1756 5180 2138 5251 sequuntur:
2158 5174 2360 5235 Num-

867 5276 1031 5354 quid
1055 5292 1180 5335 non
1207 5274 1506 5350 paucitas
1539 5272 1800 5331 dierum
1837 5290 2133 5331 meorum
2171 5271 2361 5347 finie-

2476 4285 2561 4361 id,
2596 4304 2725 4366 quo
2756 4305 2795 4347 a
2822 4286 3024 4367 gloria
3053 4286 3322 4350 differor
3357 4306 3370 4349 :
3405 4290 3575 4371 quod
3616 4298 3713 4353 est
3752 4302 3962 4355 reatus

2474 4401 2584 4444 seu
2616 4381 2919 4462 obligatio
2948 4385 3026 4446 ad
3057 4402 3332 4465 poenam.
3369 4386 3469 4449 Sic
3502 4406 3783 4469 namque
3814 4390 3963 4453 dici-

2472 4488 2574 4542 tur
2622 4480 2857 4561 aliquis
2902 4481 3237 4563 abnegare,
3276 4485 3658 4567 relinquere,
3693 4488 3961 4551 mortifi-

2471 4597 2613 4641 care
2644 4598 2711 4641 se
2737 4578 2969 4661 ipsum,
2990 4597 3117 4642 non
3140 4580 3597 4661 exstinguendo
3623 4584 3691 4645 in
3722 4603 3792 4648 se
3822 4606 3959 4650 esse

2471 4685 2732 4753 naturae,
2758 4678 2868 4740 sed
2899 4678 3138 4740 malum
3168 4679 3393 4760 culpae,
3417 4684 3955 4762 quemadmodum

2468 4776 2657 4839 etiam
2690 4776 2973 4838 Christus
3004 4776 3185 4857 jubet
3214 4798 3495 4855 manum,
3531 4780 3781 4861 pedem,
3819 4803 3957 4846 ocu·
4008 4802 4203 4902 uas-eff.
4257 4776 4258 4853 J

3980 4865 4117 4913 tau.
4180 4893 4191 4902 .
4257 4870 4258 4909 l

2468 4873 2593 4936 lum
2616 4873 3160 4951 scandalizantem,
3174 4878 3521 4939 eruendum
3541 4886 3605 4940 et
3624 4880 3957 4961 projicien-

2466 4974 2640 5035 dum.
2663 4972 2865 5053 Atque
2893 4974 3231 5054 Apostolus
3258 4992 3272 5035 :
3295 4975 3671 5041 Mortificate
3688 4978 3953 5061 (inquit)
3998 4996 4211 5039 cauam.

2465 5070 2750 5133 membra
2780 5080 2991 5134 vestra
3009 5091 3152 5153 quae
3180 5082 3327 5134 sunt
3357 5093 3548 5156 super
3580 5078 3947 5141 terram.Sic
3974 5061 4012 5100 ⁵·

2465 5168 2530 5230 in
2572 5168 2915 5249 Evangelio
2955 5170 3044 5231 ait
3081 5170 3367 5235 Salvator
3398 5188 3413 5234 :
3444 5171 3561 5247 Qui
3600 5175 3947 5255 perdiderit
3970 5192 4069 5235 m.
4084 5204 4137 5238 ιι,
4152 5193 4208 5232 ει.
4257 5172 4258 5195 ³

2464 5268 2743 5332 animam
2790 5288 2971 5331 suam
3018 5278 3277 5354 propter
3320 5292 3443 5351 me,
3478 5273 3719 5338 salvam
3760 5274 3946 5339 saciet
