4309 6259
1197 501 1548 549 ENARRATIO
1589 503 1650 548 IN
1693 504 1829 549 CAP-
1876 503 1942 549 xl
1980 502 2107 549 1013.
2149 522 2233 533 ·-
2273 504 2415 550 ART.
2462 504 2654 550 xxvul

3354 486 3468 548 471

380 680 542 737 ieros
571 674 889 743 irriseris,
910 696 952 735 a
982 678 1164 735 nullo
1194 674 1672 751 confutaberis?
1692 673 1876 755 quasi
1903 674 1956 736 A
1987 682 2126 735 ctus
2160 674 2488 754 sapientise
2519 675 2652 753 Dei,
2687 677 2787 738 vel
2829 676 2967 757 ipsa
3008 676 3118 739 Dei
3161 675 3475 757 sapientia

378 769 544 833 dicat
584 788 597 831 :
643 770 779 833 Non
819 791 888 835 es
928 772 1074 834 talis
1113 780 1224 834 aut
1265 780 1501 847 tantuS,
1545 781 1617 833 ut
1659 772 1877 834 deceat

375 886 478 931 me
509 877 745 933 tacere.
781 870 898 933 Ubi
939 870 1280 949 Gregorius
1320 871 1408 932 ait
1443 888 1456 931 :
1492 870 1696 944 Quum
1729 889 1876 933 vera

375 985 497 1029 vox
524 968 848 1049 justorum
885 988 1226 1051 pravorum
1258 988 1325 1031 56
1359 968 1620 1031 auribus
1663 968 1877 1031 admo-

373 1074 501 1141 vet,
537 1067 914 1131 memoriam
949 1069 1138 1151 eulpa
1167 1069 1438 1145 mordet,
1475 1076 1538 1130 et
1569 1067 1636 1129 in
1670 1069 1879 1130 redar-

369 1164 640 1244 gutione
699 1165 1024 1243 vitiorum,
1089 1185 1218 1247 quo
1276 1166 1449 1228 intus
1507 1166 1874 1246 cognitione

371 1282 554 1325 mens
619 1264 928 1343 tangitur,
993 1264 1149 1327 foris
1207 1266 1288 1327 ad
1351 1264 1874 1327 contradictionis

371 1362 662 1428 studium
694 1372 1100 1444 provocatur.
1135 1364 1321 1425 Ferre
1351 1382 1570 1427 vocem
1609 1381 1736 1426 non
1769 1383 1874 1426 va-

372 1460 482 1538 let,
501 1460 662 1541 quia
691 1468 860 1525 taeta
889 1462 956 1524 in
989 1462 1254 1525 vulnere
1284 1462 1382 1524 sui
1429 1470 1636 1524 reatus
1669 1462 1870 1539 dolet;

372 1568 434 1623 et
465 1578 583 1641 per
613 1558 735 1621 hoc
765 1561 934 1641 quod
963 1560 1347 1640 generaliter
1377 1568 1598 1623 contra
1627 1578 1875 1643 perver-

371 1676 476 1720 sos
515 1657 778 1735 dicitur,
821 1678 890 1721 se
930 1658 1151 1741 impeti
1195 1658 1557 1740 specialiter
1597 1658 1875 1740 suspica-

375 1766 499 1818 tur.
556 1756 717 1819 Hinc
769 1775 1026 1839 quoque
1085 1776 1252 1839 saepe
1309 1757 1660 1838 correptori
1713 1755 1872 1819 falsa

1989 772 2272 849 infinita,
2330 773 3019 855 incomprehensibiliS‚
3078 792 3475 856 supersecre-

1983 871 2257 949 tissima,
2293 875 2503 953 quoad
2534 874 2689 955 quid
2720 882 2814 937 est
2844 873 3027 937 nobis
3058 874 3292 954 ignota.
3327 872 3475 946 Quae

1989 969 2138 1033 lieet
2178 971 2262 1033 sit
2300 972 2571 1054 simplex
2608 981 2671 1034 et
2710 991 2855 1049 una,
2896 981 3105 1034 tamen
3142 971 3475 1054 pluraliter

1989 1069 2381 1149 designatur,
2414 1090 2613 1151 quum
2646 1071 2901 1147 dicitur,
2937 1070 3187 1133 Secreta
3225 1069 3473 1151 sapien-

1984 1168 2110 1244 tiae,
2148 1168 2212 1233 id
2244 1176 2339 1231 est
2370 1168 2745 1249 sapientiam
2787 1170 2851 1231 in
2887 1189 3014 1250 qua
3052 1168 3339 1231 emnium
3378 1186 3473 1230 56-

1984 1262 2318 1330 eretorum
2360 1268 2798 1330 secretissimae
2856 1288 2927 1331 ac
2986 1267 3472 1355 sapientissima>

1987 1367 2265 1429 rationes
2323 1366 2612 1429 idealiter
2660 1375 2851 1448 atque
2897 1366 3223 1429 fontaliter
3271 1366 3473 1429 conti-

1987 1472 2222 1527 nentur
2255 1481 2268 1525 :
2316 1464 2537 1545 sieque
2574 1464 2656 1527 ob
2696 1465 3125 1527 diversitatem
3167 1464 3471 1527 scitorum

1985 1581 2096 1624 seu
2143 1562 2539 1643 objectorum
2582 1570 2961 1639 creatorum,
2997 1562 3333 1643 pluraliter
3363 1581 3473 1625 no-

1987 1660 2473 1734 minatur,sicut
2494 1661 2558 1722 in
2581 1660 2707 1723 Deo
2728 1660 3025 1723 dicuntur
3054 1662 3270 1743 plures
3292 1661 3470 1725 ideae.

2064 1760 2282 1839 ltaque
2312 1768 2552 1821 secreta
2580 1760 2907 1841 sapientias
2940 1779 3069 1822 suae
3099 1760 3261 1822 Deus
3289 1760 3475 1823 nobis

375 1855 676 1937 imponit,
713 1856 880 1918 sicut
919 1864 982 1919 et
1026 1856 1269 1939 Sophar
1312 1855 1399 1917 ait
1445 1856 1524 1917 ad
1561 1854 1676 1919 Job
1713 1873 1726 1917 ε
1762 1858 1874 1916 Βί-
1911 1852 1956 1914 Β
1989 1852 2228 1922 revelat
2267 1858 2631 1939 dupliciter.
2665 1858 2895 1935 Primo,
2933 1859 3011 1919 ad
3056 1877 3187 1920 suae
3230 1859 3476 1941 sapien-

374 1956 539 2015 :cisti
569 1976 592 2014 .·
622 1958 850 2017 Purus
892 1965 981 2016 est
1021 1976 1225 2016 sermo
1267 1976 1470 2025 mene,
1497 1965 1557 2016 et
1591 1958 1876 2015 mundus

375 2075 523 2115 sum
553 2055 628 2115 in
661 2064 996 2132 conspectu
1029 2064 1159 2115 tuo,
1194 2052 1368 2126 Quod
1398 2054 1514 2116 Job
1554 2072 1682 2115 non
1717 2054 1875 2115 dixit

377 2172 452 2215 eo
482 2152 674 2214 modo
704 2170 834 2233 quo
866 2151 990 2214 sibi
1022 2152 1349 2234 objicitur.

458 2250 979 2333 Insuper‚vitiosi
1013 2250 1293 2332 ficteque
1323 2251 1494 2325 boni,
1523 2270 1604 2313 ne
1633 2270 1708 2313 ex
1739 2270 1876 2333 pas-

375 2350 560 2413 sione
611 2350 789 2431 loqui
838 2358 1164 2431 putentur,
1220 2350 1390 2413 bona
1437 2350 1632 2413 verbo
1692 2358 1875 2412 tenus

375 2468 494 2512 suo
525 2449 881 2529 correptori
913 2448 1257 2530 aliquando
1290 2447 1737 2530 imprecantur,
1765 2448 1878 2509 sie-

377 2556 448 2610 ut
497 2556 562 2611 et
609 2546 856 2628 Sophar
903 2547 992 2609 ait
1039 2548 1116 2609 ad
1166 2547 1280 2610 Job
1335 2565 1348 2608 ε
1411 2550 1670 2609 Utinam
1710 2551 1900 2621 Deus,

377 2651 751 2727 loqueretur
801 2656 1030 2717 tecum,
1079 2656 1138 2707 et
1194 2649 1477 2726 aperiret
1533 2647 1707 2706 labia
1757 2666 1876 2706 sua

377 2748 523 2808 tibi.
560 2746 691 2808 Hoc
729 2744 956 2826 utique
997 2764 1111 2808 nos
1153 2765 1230 2807 ex
1271 2765 1424 2808 vera
1467 2745 1730 2808 caritate
1773 2762 1882 2825 op-

376 2854 538 2919 tare,
573 2862 758 2907 orare
789 2851 852 2905 et
885 2842 1100 2907 dicere
1138 2843 1239 2904 his
1279 2844 1610 2919 debemuS,
1644 2860 1805 2924 quos
1843 2861 1880 2903 a

375 2942 646 3009 veritat-e
673 2948 735 3003 et
767 2942 1068 3022 aequitate
1107 2941 1382 3017 deviare,
1417 2940 1732 3022 nobisque
1763 2940 1880 3001 im—

1989 1956 2091 2018 tiae
2120 1955 2721 2036 contemplationem
2756 1973 2869 2017 nos
2899 1955 3225 2020 elevando,
3247 1955 3475 2019 Secun-

1985 2055 2080 2131 do,
2099 2054 2493 2117 occultorum
2524 2072 2781 2115 suorum
2815 2052 3167 2116 effectuum
3198 2065 3472 2117 secretas

1985 2153 2263 2215 rationes
2309 2152 2374 2213 in
2413 2152 2553 2234 ipso
2592 2152 2989 2233 originaliter
3026 2150 3467 2231 consistente5‚

1986 2260 2218 2315 nostrae
2266 2250 2465 2313 menti
2519 2250 2884 2333 aperiendo,
2935 2251 3470 2331 quemadmodum

1987 2350 2195 2414 varias
2228 2348 2504 2412 rationes
2537 2349 2991 2411 incarnationis
3020 2347 3255 2411 Christi
3287 2358 3349 2412 et
3376 2370 3475 2413 ce-

1987 2458 2271 2512 terorum
2316 2447 2761 2530 mysteriorum
2806 2448 2961 2529 63115,
3010 2447 3245 2509 sanctis
3286 2449 3477 2530 patri-

1989 2549 2108 2611 bus
2143 2546 2473 2609 revelavit.
2510 2546 2669 2608 Hinc
2698 2546 2788 2608 ait
2814 2545 3191 2625 Gregorius:
3227 2545 3479 2609 Secreta

1989 2646 2320 2729 sapientiae
2352 2664 2644 2727 supernae
2673 2652 2823 2706 sunt
2852 2661 3043 2725 opera
3064 2662 3294 2725 :quum
3316 2645 3476 2707 Deus

1987 2764 2150 2827 quos
2210 2744 2473 2819 creavit,
2536 2742 2823 2818 deserit3
2878 2762 3073 2824 quum
3120 2743 3290 2806 bona
3338 2762 3480 2824 quae

1990 2842 2441 2926 praeveniendo
2478 2848 2779 2923 coeperat,
2824 2859 3229 2923 nequaquam
3267 2859 3482 2923 prose-

1989 2942 2247 3023 quendo
2294 2947 2731 3014 consummat;
2779 2958 2980 3020 quum
3032 2939 3319 3003 claritate
3366 2958 3481 3002 nos

382 3058 734 3125 properare
765 3040 1082 3102 videmuS.
1113 3039 1341 3123 Optare
1382 3059 1658 3121 namque
1691 3039 1881 3101 debe·
1916 3040 1959 3102 C
1989 3059 2118 3103 suae
2159 3037 2603 3101 illustrationis
2644 3038 2943 3115 illustrat,
2988 3048 3051 3101 et
3092 3048 3303 3101 tamen
3344 3057 3483 3120 per-

381 3160 552 3215 muS‚
609 3146 681 3199 ut
730 3156 954 3201 eorum
1009 3139 1199 3201 corda
1254 3139 1416 3200 Deus
1470 3138 1746 3218 gratiose
1799 3136 1878 3197 il-

379 3237 680 3313 luminet,
739 3243 921 3299 sanet
967 3243 1030 3299 et
1079 3236 1302 3301 salvet.
1355 3236 1664 3317 Denique,
1714 3236 1878 3298 Deus

378 3335 836 3418 supersapiens
888 3342 952 3397 et
1001 3334 1310 3411 excelsuS,
1367 3334 1736 3415 frequenter
1787 3352 1882 3396 56-

375 3434 744 3501 cretissime
773 3440 836 3496 et
867 3432 1117 3495 interne
1150 3431 1435 3514 loquitur
1465 3432 1585 3508 his,
1611 3432 1722 3513 qui
1754 3432 1883 3493 sin-

378 3534 616 3599 ceriter
646 3541 710 3595 et
740 3533 1036 3594 ardenter
1067 3531 1344 3611 diligunt
1373 3550 1518 3593 eum
1545 3554 1560 3605 3
1597 3531 1710 3611 qui
1750 3537 1882 3592 toto

379 3632 624 3697 affectu
667 3630 726 3694 ei
770 3631 1004 3693 intenti
1046 3638 1215 3707 sunt,
1253 3638 1316 3693 et
1353 3630 1490 3712 ejus
1532 3648 1744 3691 amore
1776 3648 1884 3709 pe-

379 3730 558 3793 nitus
589 3735 1017 3809 aspernantur
1048 3726 1364 3809 quidquid
1395 3747 1432 3789 a
1460 3727 1586 3789 Deo
1617 3726 1885 3807 impedit

379 3835 708 3901 mentem3
759 3845 1037 3906 quorum
1088 3824 1432 3906 purificata
1481 3844 1554 3887 ac
1603 3823 1886 3886 stabilita

379 3936 482 3991 est
531 3945 755 3999 mens;
804 3943 1080 4006 quorum
1127 3923 1421 3986 voluntas
1472 3924 1538 3985 in
1589 3942 1884 3985 serenum

383 4024 696 4089 bonitatis
727 4022 1040 4086 affectum
1071 4041 1376 4087 conversa
1416 4030 1512 4085 est
1552 4029 1716 4099 tota3
1749 4021 1886 4102 qui-

383 4124 508 4186 bus
557 4123 750 4185 viluit
800 4122 1100 4198 munduS‚
1150 4129 1212 4183 et
1259 4121 1572 4202 quidquid
1621 4121 1887 4182 munda-

1989 3138 2204 3201 missis
2235 3137 2443 3199 carnis
2479 3135 2961 3213 tentationibuS,
2987 3136 3288 3200 caecitatis
3317 3144 3484 3199 tene-

1991 3237 2124 3299 bris
2153 3235 2407 3318 pulsat3
2442 3253 2637 3316 quum
2672 3235 2840 3297 dona
2868 3254 3010 3315 quae
3041 3234 3331 3311 contulit,
3354 3253 3481 3297 non

1991 3334 2309 3411 custodit3
2362 3353 2558 3415 quum
2614 3342 2677 3396 et
2722 3333 2957 3395 mentis
3011 3342 3242 3397 nostrae
3290 3334 3365 3395 ad
3416 3354 3482 3396 56

1990 3433 2306 3497 desideria
2336 3432 2587 3508 excitat,
2622 3440 2685 3494 et
2717 3440 2929 3494 tamen
2958 3432 3208 3495 occulto
3240 3432 3482 3513 judicio

1993 3531 2378 3594 difficultate
2426 3549 2543 3593 nos
2595 3538 2827 3593 nostrae
2876 3528 3333 3593 imbecillitatis
3379 3549 3485 3592 an·

1991 3638 2222 3710 gustat.
2265 3628 2413 3702 Quae
2451 3637 2694 3691 secreta
2740 3628 3070 3709 sapientise
3119 3628 3258 3709 ejus
3298 3628 3484 3709 pauci

1994 3728 2209 3794 valent
2270 3726 2619 3808 inquirere,
2680 3726 2790 3789 sed
2849 3726 3063 3787 nullus
3124 3726 3413 3788 invenire
3467 3744 3481 3787 :

1993 3828 2145 3909 quia
2176 3827 2343 3908 quod
2383 3845 2576 3907 super
2616 3844 2729 3888 nos
2771 3826 2849 3888 de
2890 3824 3075 3887 nobis
3113 3823 3193 3886 ab
3233 3824 3486 3887 immor-

1995 3926 2106 3988 tali
2151 3924 2475 4007 Sapientia
2521 3942 2647 3987 non
2696 3923 2933 4005 injuste
2972 3922 3355 4003 disponitur,
3386 3923 3486 4003 ju-

1997 4032 2164 4086 stum
2206 4023 2492 4105 profecto
2533 4029 2629 4085 cst
2668 4030 2737 4083 ut
2778 4040 2814 4083 a
2853 4020 3039 4084 nobis
3079 4020 3283 4083 adhuc
3322 4038 3488 4083 mor-

1997 4122 2233 4185 talibus
2268 4122 2614 4201 ignoretur.
2654 4120 2810 4183 Hinc
2852 4119 3081 4181 Paulus
3126 4118 3430 4181 exclamat
3469 4136 3482 4179 :

383 4243 545 4287 num
587 4230 720 4296 est3
763 4222 876 4303 qui
919 4221 985 4283 in
1028 4222 1196 4284 dono
1239 4220 1568 4302 sapientiae
1615 4219 1882 4299 fulgent,
1919 4216 1969 4277 D
1995 4220 2334 4286 Oaltitudo
2359 4218 2725 4282 divitiarum
2756 4216 3085 4300 sapientiae
3114 4225 3177 4279 et
3208 4216 3489 4280 scientiae
3516 4236 3777 4285 amatas.

385 4322 756 4402 divinaeque
803 4319 965 4382 lucis
1015 4319 1209 4381 radiis
1259 4316 1753 4400 perfunduntur,
1799 4326 1889 4379 at-
1998 4320 2148 4383 Dei!
2199 4337 2391 4399 quam
2431 4316 3108 4397 incomprehensibilia
3147 4323 3297 4377 sunt
3323 4314 3491 4397 judi-

385 4440 514 4504 que
543 4422 622 4483 ad
656 4418 988 4503 mysticam
1030 4417 1414 4498 theologiam
1441 4416 1800 4488 deveniunt,
1825 4416 1890 4477 in
2000 4419 2099 4482 cia
2129 4418 2291 4499 ejus,
2326 4424 2389 4478 et
2423 4414 2897 4493 investigabiles
2942 4415 3058 4477 viae
3096 4414 3277 4496 ejus!
3320 4415 3397 4475 Et
3426 4414 3490 4474 in

387 4540 521 4602 qua
565 4520 730 4581 Deus
775 4516 1056 4581 ostendit
1101 4535 1168 4578 56
1216 4516 1414 4578 menti
1461 4513 1894 4595 simplificatae
2002 4514 2326 4599 Sapientia
2373 4513 2642 4575 habetur
2687 4529 2701 4573 ε
2746 4511 3013 4574 Sensum
3052 4521 3250 4589 tuum,
3288 4512 3495 4576 Domi·
3520 4533 3629 4588 Sap.
3648 4532 3781 4582 ηιμ-ι.

389 4619 464 4682 in
512 4618 676 4700 ipso,
725 4617 1078 4679 secundum
1127 4615 1542 4696 capacitatem
1598 4613 1770 4675 illius
1815 4613 1893 4674 ad
2004 4634 2103 4690 ne,
2141 4614 2287 4695 quis
2330 4612 2508 4687 sciet,
2546 4610 2667 4672 nisi
2706 4619 2770 4671 tu
2802 4610 3051 4672 dederis
3088 4610 3488 4693 sapientiam,

393 4715 952 4798 supernaturalem
1005 4712 1363 4777 divinitatis
1414 4710 1898 4792 contemplatio-
2004 4720 2065 4775 et
2097 4711 2347 4774 miseris
2388 4709 2695 4792 Spiritum
2737 4716 2917 4770 tuum
2960 4710 3040 4771 de
3080 4708 3301 4771 coelis‘t
3326 4709 3495 4771 Jere-

397 4835 548 4879 nem
599 4814 852 4893 erigens
909 4831 1048 4875 eam
1104 4830 1117 4873 τ
1172 4812 1238 4873 in
1295 4830 1422 4893 qua
1483 4809 1898 4873 indicibiliter
2005 4810 2167 4872 mias
2217 4829 2473 4890 quoque
2521 4809 2609 4871 ait
2652 4826 2665 4869 :
2718 4807 2867 4881 Quis
2916 4806 3129 4869 adfuit
3175 4806 3243 4868 in
3294 4806 3497 4869 consi·
3556 4828 3784 4875 aemma,

95 4950 368 4995 1p21r,.,‚3‚
400 4916 530 4977 Deo
581 4912 804 4974 unitur
855 4919 919 4975 et
968 4910 1229 4987 fruitur,
1279 4917 1540 4990 gustans
1589 4906 1900 4972 veraciter
2009 4910 2097 4971 lio
2141 4907 2416 4983 Domini,
2448 4916 2509 4969 et
2543 4906 2702 4969 vidit
2743 4914 2805 4967 et
2844 4906 3087 4970 audivit
3139 4924 3497 4968 sermonem
3528 4892 3593 4933 ¹⁸·

399 5030 600 5095 quam
631 5010 838 5075 duleis
871 5010 954 5073 sit
983 5010 1169 5072 Deus.
2009 5008 2195 5088 ejus?

489 5110 650 5173 Hine
681 5107 1000 5185 subditur,
1037 5110 1114 5169 Ut
1141 5109 1492 5167 ostenderet
1526 5107 1642 5167 tibi
1667 5114 1903 5165 secreta
2094 5108 2178 5166 Et
2208 5106 2379 5183 quod
2418 5104 2764 5178 multiplex
2800 5103 2886 5159 sit
2929 5106 3032 5161 lew
3066 5102 3228 5177 ejus,
3275 5101 3504 5163 Praeter

401 5209 771 5287 sapientiae.
807 5206 1056 5269 Secreta
1089 5204 1441 5287 sapientiae,
1467 5203 1737 5283 intelligi
1770 5222 1909 5283 pos·
2017 5201 2479 5284 expositionem
2526 5200 2702 5261 verbi
2748 5199 2939 5279 hujus
2983 5199 3366 5279 praecedenti
3407 5217 3505 5260 ar-

405 5316 584 5384 sunt,
615 5304 723 5377 vel
763 5304 997 5368 occulti
1032 5312 1097 5367 et
1127 5302 1708 5385 imperscrutabiles
1749 5300 1912 5364 effe·
2023 5300 2218 5364 ticulo
2262 5299 2555 5381 positam,
2600 5305 2805 5379 potest
2854 5296 2973 5359 hoc
3014 5296 3223 5377 ipsum
3273 5296 3505 5377 exponi
