4309 6259
163 2378 198 2419 lt·
223 2380 307 2433 ⁸29.

129 2454 208 2486 nm.
223 2445 292 2485 1-3.

171 2675 194 2717 ll
215 2678 292 2719 Par

167 2755 206 2781 vt!

671 505 1022 551 ENARRATIO
1065 506 1128 551 IN
1171 508 1308 555 cAP.
1356 507 1509 555 XXIX
1550 508 1711 555 unm
1751 510 2004 557 securim
2043 509 2576 558 PARALIPOUENON.
2620 530 2701 540 —
2740 511 2885 557 ART-
2931 510 3083 557 XXIX

3297 490 3411 553 251

1364 922 2015 1027 ARTICULUS
2089 926 2381 1009 XXIX

697 1194 1013 1242 Exposmo
1056 1197 1334 1243 GAPITULI
1376 1198 1638 1245 vlcnsuu
1679 1194 1824 1243 Nom
1865 1198 1880 1243 :

1929 1198 2131 1246 mrum
2176 1200 2467 1247 EzsscfflAs
2510 1202 2795 1247 REGNARE
2836 1202 3057 1248 COEPIT.

467 1474 890 1539 ECITATUR
937 1475 1042 1537 hic
1085 1474 1354 1539 historia
1393 1473 1676 1537 Ezechiae
1722 1474 1824 1537 de-
1852 1475 1903 1537 A
2014 1479 2454 1541 Peccaverunt
2488 1491 2706 1558 patres
2756 1484 2982 1553 nostri,
3027 1493 3089 1544 et
3126 1485 3421 1561 fecerunt

487 1574 810 1640 votissimi
858 1575 1048 1655 regis,
1094 1573 1374 1656 qualiter
1419 1572 1530 1635 Dei
1578 1572 1821 1636 cultum

348 1674 673 1756 reparavit.
721 1676 941 1751 Iyitur
973 1675 1286 1736 Ezechias
1327 1692 1600 1750 regnare
1634 1673 1824 1750 caepit

344 1796 530 1861 quum
575 1774 821 1849 viqinti
863 1774 1152 1853 quinque
1187 1782 1341 1833 esset
1385 1792 1737 1842 annorum,
1763 1781 1823 1831 et

345 1876 572 1949 viyinti
611 1892 836 1933 novem
881 1874 1077 1932 annis
1115 1872 1414 1947 reynavit
1456 1872 1528 1931 in
1566 1874 1824 1931 Jerusa-

347 2073 592 2131 charioe.
639 2072 942 2149 Fecitque
988 2072 1160 2148 quod
1203 2078 1342 2128 erat
1385 2070 1702 2144 placitum
1750 2070 1818 2127 in

349 2179 666 2247 conspectu
696 2170 988 2240 Domini,
1009 2169 1216 2245 juxta
1246 2168 1467 2227 omnia
1499 2187 1642 2245 quoe
1673 2167 1825 2243 fece-

351 2278 444 2329 rat
471 2270 689 2330 David
707 2277 902 2345 pater
927 2268 1090 2344 ejus.
1125 2266 1468 2328 Exordium
1503 2266 1694 2347 hujus
1725 2284 1826 2327 ca-

353 2366 550 2449 pituli,
585 2372 813 2447 quarto
845 2364 1011 2427 libro
1043 2364 1282 2445 Regum
1316 2364 1672 2445 expositum
1703 2371 1820 2425 est.

425 2469 498 2527 In
531 2468 664 2544 ipso
694 2485 868 2525 anno
898 2474 958 2525 et
989 2484 1197 2524 mense
1222 2465 1439 2542 primo
1477 2463 1665 2539 reqni
1691 2464 1819 2533 sui,

352 2566 594 2643 aperuit
633 2568 858 2625 valvas
898 2566 1126 2623 domus
1161 2563 1448 2631 Domini,
1491 2579 1652 2641 quas
1701 2560 1822 2622 im-

352 2762 548 2824 cultus
585 2762 810 2839 divini,
855 2762 1199 2824 secundum
1245 2760 1450 2841 lege-m
1489 2758 1714 2841 Moysis
1754 2757 1818 2820 in

353 2861 574 2943 templo
616 2860 922 2937 consueti,
963 2870 1023 2920 et
1063 2860 1462 2921 instauravit
1503 2879 1629 2929 eas,
1670 2857 1821 2937 quia

351 2961 726 3023 deteriorata)
759 2960 1020 3022 fuerunt
1049 2966 1112 3021 et
1146 2956 1516 3020 deformatae
1548 2976 1662 3038 per
1691 2956 1824 3019 ido-

349 3060 610 3123 lolatras.
631 3060 1082 3137 Adduoeicque,
1109 3058 1173 3120 id
1195 3064 1311 3133 est,
1336 3056 1414 3118 ad
1447 3075 1516 3118 se
1546 3055 1814 3131 vocavit,

349 3162 677 3219 sacerdotes
707 3168 900 3237 atque
928 3158 1214 3226 Levita-5,
1245 3156 1323 3219 de
1357 3154 1628 3218 diversis
1661 3155 1819 3218 locis

351 3257 795 3321 habitationum
825 3276 1099 3331 suarum,
1119 3266 1178 3316 et
1197 3257 1582 3333 conqreyavi
1587 3265 1608 3315 t
1626 3276 1725 3315 eos
1747 3258 1818 3315 in

347 3361 614 3436 plateam
640 3358 1045 3425 orientalem,
1067 3354 1134 3416 id
1165 3362 1261 3417 est
1289 3353 1355 3414 in
1385 3352 1616 3415 atrium
1648 3355 1818 3433 quod

353 3462 477 3516 erat
507 3464 641 3518 ante
663 3453 894 3517 faciem
921 3453 1142 3534 templi
1164 3450 1566 3534 respicientis
1591 3452 1670 3513 ad
1700 3452 1819 3515 ori-

354 3562 547 3616 entem
581 3571 594 3615 :
625 3554 848 3635 sieque
891 3552 1124 3615 atrium
1173 3551 1330 3613 illud
1371 3549 1497 3612 fuit
1532 3550 1600 3612 in
1639 3557 1818 3631 parte

355 3652 625 3714 orientali
667 3659 960 3733 respectu
1009 3649 1253 3733 templi,
1296 3658 1358 3712 et
1399 3649 1463 3710 in
1505 3648 1667 3712 atrio
1705 3649 1817 3712 illo

356 3750 517 3813 stetit
555 3753 748 3814 altare
796 3750 1333 3813 holocaustorum.
1378 3751 1690 3829 Dioeitque
1730 3753 1818 3809 ad

1934 1579 2183 1638 malum
2225 1578 2298 1637 in
2348 1590 2681 1658 conspectu
2721 1582 2992 1642 Domini
3028 1584 3150 1643 Dei
3188 1586 3420 1655 nostri,

1931 1676 2443 1755 derelinquentes
2464 1698 2630 1739 eum.
2651 1682 3044 1741 Averterunt
3076 1689 3283 1761 patres
3316 1700 3421 1745 no-

1933 1772 2046 1833 stri
2078 1775 2281 1850 facies
2308 1796 2460 1836 suas
2488 1797 2529 1837 a
2564 1780 2971 1837 tabernaculo
3002 1780 3271 1840 Domini
3300 1782 3421 1842 Dei

1934 1875 2165 1943 nostri,
2198 1872 2359 1936 illud
2400 1893 2527 1937 non
2571 1875 2985 1957 ingrediendo
3016 1878 3094 1940 ad
3126 1896 3422 1941 exercen-

347 1976 478 2033 lem.
524 1974 774 2035 Nomen
823 1972 1053 2030 matris
1093 1972 1235 2048 ejus
1275 1971 1468 2039 Abia,
1509 1971 1658 2047 filia
1703 1972 1825 2030 Za·
1935 1971 2083 2032 dum
2119 1990 2192 2033 ea
2227 1991 2368 2052 quae
2398 1973 2506 2036 Dei
2548 1982 2717 2050 sunt,
2751 1986 2811 2035 et
2834 1978 3251 2052 proebuerunt
3279 1980 3422 2038 dor-

1929 2089 2100 2139 sum,
2121 2090 2235 2153 per
2265 2071 2763 2135 inobedientiam
2796 2083 2859 2136 et
2886 2074 3119 2136 mentis
3151 2076 3421 2139 aversio-

1935 2186 2079 2229 nem
2111 2187 2147 2229 a
2179 2169 2343 2243 Deo;
2390 2179 2453 2233 et
2496 2170 2647 2233 item
2693 2190 2807 2253 per
2850 2172 2990 2248 hoc,
3026 2173 3197 2253 quod
3241 2192 3417 2237 more

1931 2266 2271 2346 gentilium
2303 2269 2725 2331 adoraverunt
2764 2268 2927 2333 facie
2959 2290 3139 2334 versa
3176 2273 3253 2334 ad
3293 2274 3418 2336 ori—

1933 2374 2167 2441 entem,
2200 2385 2399 2447 quum
2430 2368 2606 2449 juxta
2644 2367 2801 2447 legis
2842 2378 3228 2451 praeceptum
3272 2372 3420 2436 ado—

1935 2482 2074 2525 rare
2116 2465 2455 2528 debuerint
2502 2466 2579 2529 ad
2630 2485 2920 2530 occasum
2965 2468 3147 2550 juxta
3196 2471 3416 2553 templi

1934 2561 2150 2624 situm.
2181 2565 2565 2625 Clauserunt
2597 2568 2760 2626 ostia
2790 2587 2933 2645 quoe
2961 2578 3149 2628 erant
3180 2570 3251 2629 in
3271 2590 3419 2647 por-

295 2711 304 2721 .
351 2664 484 2745 pius
507 2663 704 2727 Achaz
734 2662 982 2737 clausit,
1008 2662 1084 2723 ad
1116 2660 1596 2743 exstirpandum
1629 2660 1819 2721 ritum
1858 2658 1905 2719 B
1936 2661 2088 2733 ticu,
2124 2659 2187 2721 id
2222 2669 2319 2723 est
2347 2662 2413 2724 in
2444 2662 2629 2739 atrio,
2651 2674 2711 2724 et
2738 2667 3192 2727 exstinxerunt
3222 2669 3420 2728 lucer-

1931 2778 2074 2829 nas,
2097 2778 2242 2839 quae
2259 2761 2496 2841 jugiter
2517 2763 2737 2825 ardere
2767 2762 3084 2825 debebant
3114 2764 3179 2825 in
3211 2766 3419 2846 prima

1931 2864 1990 2919 et
2022 2857 2319 2920 exteriori
2342 2867 2521 2942 parte
2542 2860 2787 2942 templi.
2806 2865 3268 2943 [mensumque
3286 2884 3416 2927 non

1931 2958 2367 3029 adoleverunt,
2393 2956 2457 3018 id
2487 2965 2584 3020 est
2614 2976 2741 3020 non
2774 2958 3197 3023 incenderunt
3227 2980 3419 3044 super

1930 3052 2128 3115 altare
2168 3054 2620 3135 thymiamati8‚
2654 3066 2715 3117 et
2754 3059 3118 3119 holocausta
3159 3079 3288 3121 non
3323 3063 3421 3121 ob-

1933 3156 2223 3214 tulerunt
2254 3156 2326 3215 in
2356 3158 2729 3215 sanctuario
2762 3159 2887 3217 Deo
2922 3158 3144 3219 Israel.
3180 3158 3257 3220 Et
3286 3178 3420 3223 om-

1930 3250 2110 3312 nium
2160 3252 2389 3315 horum
2436 3273 2627 3316 causa
2663 3254 2975 3317 malorum
3025 3254 3149 3318 fuit
3184 3256 3412 3320 Achaz.

1933 3352 2299 3411 Concitatus
2334 3362 2425 3412 est
2464 3355 2681 3431 itaque
2709 3355 2901 3432 furor
2930 3357 3200 3416 Domini
3225 3378 3418 3434 super

1925 3452 2171 3510 Iudam
2218 3460 2278 3511 et
2322 3440 2680 3512 Jerusalem
2724 3473 2746 3511 .·
2795 3460 2985 3533 prout
3032 3456 3415 3534 praecedenti

1927 3547 2209 3629 capitulo
2254 3548 2494 3630 patuit3
2545 3553 3087 3629 tradiditqueeos
3130 3555 3203 3613 in
3245 3575 3415 3617 com-

1927 3648 2273 3707 motionem
2310 3658 2369 3708 et
2408 3650 2481 3708 in
2523 3650 2865 3711 interitum
2906 3660 2965 3711 et
3004 3653 3077 3711 in
3121 3654 3413 3724 sibilum,

1924 3748 2090 3805 sicut
2131 3748 2261 3823 ipsi
2298 3748 2563 3807 cernitis
2600 3750 2802 3808 oculis
2844 3752 3087 3811 vestris.
3126 3752 3253 3811 Εἰ*
3279 3772 3414 3813 cor-

353 3870 442 3910 eos
479 3854 763 3913 :Audite
801 3871 926 3920 me,
966 3852 1228 3911 Levitae.
1271 3848 1385 3911 Per
1428 3848 1680 3911 Levitas
1724 3848 1819 3911 in-
1851 3844 1895 3907 C
1927 3853 2202 3904 ruerunt
2238 3855 2458 3923 patres
2498 3848 2703 3906 nostri
2730 3848 3006 3924 ⁸qladiis,
3036 3850 3171 3925 filii
3207 3851 3415 3910 nostri

357 3949 564 4029 telligit
590 3950 780 4013 etiam
812 3948 1194 4024 sacerdoteS‚
1227 3948 1341 4029 qui
1373 3956 1554 4010 erant
1595 3948 1672 4009 de
1713 3966 1818 4029 ge-

357 4065 496 4109 nere
513 4046 909 4128 Levi‚sicque
941 4046 1185 4108 ratione
1216 4044 1481 4125 originis
1511 4055 1818 4108 vocantur

357 4143 586 4207 Levitae.
650 4146 1041 4226 Frequenter
1108 4151 1320 4206 tamen
1389 4143 1812 4225 accipiuntur,

360 4252 578 4321 prouta
604 4241 1036 4306 sacerdotibus
1068 4241 1550 4321 distinguuntur
1573 4240 1819 4304 ratione

358 4338 566 4403 officii.
585 4346 666 4404 Et
687 4342 1224 4418 sanctificamini,
1243 4339 1307 4402 id
1337 4348 1454 4416 cst,
1474 4359 1587 4421 per
1618 4340 1819 4402 conti-

359 4438 635 4517 nentiam,
654 4438 992 4517 orationeS,
1006 4438 1276 4520 jejunia,
1297 4458 1410 4501 seu
1441 4456 1554 4519 per
1585 4457 1815 4519 aquam

361 4535 722 4602 lustrationis
771 4538 1208 4618 lotione-mque
1256 4536 1553 4613 vestium,
1607 4544 1818 4618 aptate

360 4654 466 4697 vos
510 4638 576 4699 ad
622 4638 922 4701 exercitia
968 4637 1178 4700 cultus
1228 4636 1454 4699 divini.
1502 4639 1818 4698 Mundate

361 4736 598 4796 domum
625 4737 893 4798 Domini
920 4737 1046 4798 Dei
1081 4745 1346 4812 patrum
1385 4744 1742 4795 vestrorum
1780 4755 1817 4799 a

363 4833 652 4910 spurcitiis
683 4833 1080 4909 idololatriae,
1115 4832 1618 4915 a‘corporalibus
1660 4852 1817 4915 quo-

364 4945 480 5007 que
522 4929 926 4996 immunditiis
975 4948 990 4993 :
1035 4938 1097 4994 et
1144 4930 1357 4994 forsan
1408 4950 1818 4995 consecrave-

1925 3952 1986 4003 et
2010 3944 2173 4019 filice
2206 3953 2437 4004 nostroe
2469 3953 2527 4004 et
2559 3944 2857 4020 conjuyes
2894 3946 3167 4022 eaptivae
3203 3949 3415 4008 ductae

1924 4050 2077 4101 sunt
2099 4050 2364 4117 propter
2393 4044 2508 4101 lzoe
2534 4044 2756 4101 scelus,
2793 4042 2987 4103 Nunc
3022 4063 3168 4120 erqo
3210 4048 3415 4120 placet

1929 4140 2117 4209 mihi,
2140 4149 2214 4200 ut
2244 4140 2539 4199 ineamus
2566 4141 2777 4218 faedus
2806 4160 2952 4200 cum
2982 4144 3255 4202 Domino
3286 4146 3415 4204 Deo

1927 4242 2159 4309 Israel,
2191 4236 2255 4299 id
2284 4246 2400 4313 est,
2428 4245 2613 4318 pacto
2644 4236 2999 4318 obligemus
3032 4257 3147 4302 nos
3176 4242 3255 4304 ad
3286 4260 3417 4303 ser-

1927 4335 2231 4401 viendum
2272 4335 2397 4397 Deo
2436 4354 2609 4413 vero,
2642 4346 2701 4397 et
2743 4346 2984 4398 avertet
3020 4360 3061 4399 a
3101 4342 3278 4399 nobis
3306 4342 3417 4417 fu-

1926 4456 2136 4495 rorem
2168 4438 2287 4496 iroe
2314 4456 2467 4496 suoe.
3020 4478 3024 4483 -

2005 4535 2174 4595 Filii
2204 4534 2355 4604 mei,
2378 4536 2577 4593 nolite
2606 4534 2947 4610 negliqere.
2982 4532 3281 4598 Ezechias
3311 4538 3415 4600 ad-

1925 4633 2051 4695 huc
2109 4632 2293 4714 quasi
2352 4632 2743 4708 adolescenS,
2803 4632 2978 4712 regia
3038 4635 3413 4698 auctoritate

1927 4731 2283 4794 sacerdotes
2324 4739 2387 4792 et
2424 4730 2677 4793 Levitas
2723 4728 3010 4793 nominat
3050 4730 3248 4809 filios,
3284 4752 3413 4795 ma-

1925 4830 2092 4892 xime
2119 4828 2272 4910 quia
2310 4828 2375 4890 in
2417 4828 2615 4891 veteri
2655 4827 2794 4907 lege
2834 4847 2941 4891 rex
2980 4829 3411 4893 sacerdotibus

1925 4936 1986 4991 et
2016 4925 2330 5009 pontifice
2360 4926 2611 5007 dignior
2640 4924 2787 4987 fuit.
2830 4928 2942 4988 Vos
2970 4928 3159 5004 elegit
3190 4931 3411 4989 Domi-

365 5031 506 5085 runt
530 5045 624 5090 seu
649 5030 1105 5094 dedicaverunt
1143 5048 1282 5091 eam
1321 5029 1401 5091 de
1439 5048 1628 5105 nove,
1664 5031 1816 5111 quia
1845 5029 1896 5091 D
1924 5047 2075 5096 nus,
2118 5035 2191 5086 ut
2235 5027 2411 5085 stetis
2458 5044 2673 5085 coram
2715 5043 2783 5083 eo
2832 5023 2899 5085 in
2952 5023 3090 5086 loco
3140 5033 3407 5103 sacratO,

366 5118 777 5204 multipliciter
797 5127 1008 5190 fuerat
1041 5126 1277 5190 violata
1304 5134 1495 5207 atque
1527 5127 1811 5209 polluta3

1921 5136 1980 5186 et
2019 5124 2405 5185 ministretis
2442 5124 2549 5181 illi
2588 5120 2655 5182 in
2696 5121 2874 5183 cultu
2915 5122 3308 5185 tabernaculi
3348 5132 3412 5186 et

365 5228 417 5277 et
457 5223 680 5296 auferte
717 5246 974 5287 omnem
1011 5226 1509 5286 immunditiam
1551 5228 1630 5286 de
1668 5246 1816 5287 san·
1923 5220 2284 5296 sacrificiiS,
2320 5222 2667 5299 colatisque
2701 5240 2875 5290 eum,
2913 5219 3153 5282 orando
3203 5228 3267 5283 et
3316 5240 3413 5283 sa-

363 5319 610 5382 ctuario.

1922 5318 2278 5384 crisicando
2321 5334 2436 5399 pro
2480 5316 2740 5399 populo,
2781 5326 2843 5377 et
2881 5320 3170 5378 cremetis
3205 5320 3269 5378 ei
3310 5320 3412 5381 in-

3458 2290 3713 2341 Exechsnt,

3450 2357 3463 2397 ¹
3474 2357 3513 2397 6.

3486 2788 3589 2831 Leo.
3603 2798 3711 2836 xxiv,

3446 2854 3538 2895 2-4.

3498 3576 3534 3619 11
3562 3576 3675 3619 Par.

3444 3653 3582 3683 xxvnn

3468 3773 3588 3815 'En
