4309 6259
848 473 928 537 26
1495 492 1842 539 mannum
1885 494 1946 538 m
1989 494 2124 540 ω.
2173 494 2210 536 v
2254 494 2411 539 unm
2453 494 2676 549 Quam-1
2716 494 2941 541 amun.
2987 513 3068 524 —
3107 496 3250 542 ΛΒΤ.
3297 495 3381 541 vu

1947 907 2594 992 ARTICULUS
2667 909 2832 992 VII

906 1179 1256 1225 ELUCIDATIO
1297 1180 1569 1225 CAPl'l'Ulal
1611 1181 1813 1235 QUINTI
1846 1182 1861 1225 2
1899 1182 2159 1228 NAAuAN
2201 1183 2488 1228 PRINCEPS
2526 1183 2767 1229 mbl'rmz
2807 1183 2983 1228 REGIS
3024 1184 3239 1243 stAE,
3278 1184 3434 1229 ERAT
3474 1184 3572 1229 vm
3610 1185 3877 1230 MAGNUS.

989 1457 1561 1522 ESCRIBUNTUR
1603 1458 1707 1522 hic
1750 1461 1874 1523 duo
1916 1460 2108 1525 Elisei
2152 1460 2343 1525 mira·
2371 1461 2421 1524 A
2450 1460 2581 1537 Dei,
2617 1461 2727 1542 qui
2760 1480 2873 1543 per
2906 1470 3031 1523 tam
3070 1479 3327 1541 gravem
3359 1480 3725 1543 corpoream
3758 1462 3935 1525 insir-

1010 1557 1154 1620 cula
1190 1575 1203 1619 :
1236 1557 1519 1619 Primum
1549 1567 1666 1636 est,
1711 1560 1954 1623 curatio
1982 1560 2102 1622 viri
2141 1560 2343 1640 genti-

853 1655 930 1718 lis
975 1676 1012 1717 a
1058 1656 1272 1739 lepra;
1317 1659 1688 1735 secundum,
1726 1659 2109 1723 introductio
2150 1660 2341 1743 leprae

855 1756 920 1816 in
970 1756 1298 1838 proprium
1358 1756 1658 1819 vitiosum
1708 1758 2119 1840 discipulum.
2173 1761 2343 1823 Naa-

855 1876 1008 1915 man
1051 1858 1352 1934 princeps
1397 1858 1656 1918 militiae
1704 1860 1871 1934 reqis
1921 1860 2163 1935 Syriae,
2203 1868 2341 1918 erat

856 1954 960 2013 vir
1010 1974 1306 2030 magmas,
1359 1954 1420 2017 id
1470 1964 1567 2017 est
1618 1973 1862 2035 magnae
1921 1956 2341 2037 reputationis

854 2072 927 2115 ac
987 2052 1341 2129 audientiae‚
1397 2058 1576 2131 apud
1621 2057 1960 2115 dominum
2015 2076 2232 2126 mcum,
2283 2066 2342 2117 ec

851 2156 1221 2213 honoratus.
1256 2152 1409 2213 Nam
1443 2161 1700 2234 propter
1731 2172 1910 2215 suam
1932 2154 2337 2236 probitatem,

857 2250 1300 2314 fortitudinem
1329 2259 1521 2333 atque
1543 2253 1968 2333 prudentiam,
1993 2252 2344 2316 honoraba-

859 2359 960 2412 tur
989 2369 1025 2411 a
1055 2366 1202 2429 rege
1232 2369 1347 2412 suo
1379 2357 1442 2411 et
1473 2349 1857 2413 satellitibus
1889 2350 2049 2432 ejuS,
2087 2369 2344 2432 praeser-

859 2447 974 2509 tim
1023 2447 1175 2527 quia
1231 2456 1367 2510 erat
1415 2448 1858 2511 communitati
1909 2450 2094 2511 valde
2143 2447 2344 2531 profi-

2452 1560 2735 1623 mitatem
2788 1560 2996 1623 voluit
3043 1580 3184 1623 eum
3238 1562 3315 1622 ad
3361 1580 3541 1622 suam
3588 1561 3937 1625 misericor-

2451 1659 2619 1722 diam
2646 1659 2916 1735 trahere,
2943 1660 3097 1741 quia
3128 1666 3190 1722 et
3225 1659 3542 1722 virtuosus
3583 1668 3717 1722 erat
3746 1662 3935 1727 modo

2453 1765 2772 1839 praetactO.

2531 1859 2735 1918 Porro
2771 1860 2850 1917 de
2884 1858 3090 1934 Syria
3122 1859 3355 1933 eyressi
3382 1859 3652 1935 fuerant
3688 1863 3936 1923 lacrum-

2448 1957 2611 2025 οιιίί,
2638 1966 2697 2016 ec
2726 1958 3054 2034 captivam
3082 1960 3411 2017 duxerant
3438 1960 3517 2017 de
3542 1968 3712 2019 terra
3732 1962 3937 2022 Israel

2441 2058 2737 2132 puellam
2760 2059 3140 2133 parvulam,
3180 2076 3323 2135 quoe
3350 2066 3491 2117 erat
3534 2058 3607 2116 in
3646 2060 3936 2138 obsequio

2452 2154 2679 2213 umoris
2728 2155 3059 2217 Naaman.
3118 2158 3271 2223 Quae
3319 2155 3415 2214 ait
3465 2157 3553 2215 ad
3599 2158 3936 2219 dominam

2450 2272 2682 2312 suam:
2714 2254 2977 2314 Utinam
3017 2254 3248 2329 fuisset
3286 2255 3593 2315 dominus
3632 2275 3807 2315 meus
3847 2260 3939 2315 ad

2452 2353 2845 2429 Prophetam
2874 2353 2992 2430 qui
3018 2362 3107 2410 est
3146 2354 3219 2411 in
3251 2353 3563 2413 Samaria
3602 2373 3625 2411 :
3650 2355 3936 2431 profecto

2452 2459 2734 2511 curasset
2762 2470 2910 2511 eum
2944 2471 2985 2511 a
3016 2454 3194 2527 lepra
3224 2471 3421 2531 quam
3461 2453 3667 2513 habet.
3690 2454 3939 2529 Inyres-

619 3052 672 3095 lll
706 3054 814 3107 Rey.

567 3130 664 3167 xxu,
689 3118 757 3158 34.

855 2566 1033 2609 cuuS.
1069 2546 1247 2609 Unde
1293 2546 1704 2627 subjungitur
1736 2564 1752 2609 z
1778 2568 1900 2627 per
1929 2550 2124 2609 illum
2166 2552 2343 2609 enim
2450 2568 2567 2627 sus⁸
2586 2558 2677 2609 esc
2706 2550 2925 2627 itaque
2948 2550 3253 2610 Naaman
3282 2551 3372 2608 ad
3389 2551 3729 2610 dominum
3746 2570 3940 2610 suam

855 2647 1035 2706 dedic
1071 2648 1243 2707 Deus
1284 2650 1554 2707 salutem
1589 2649 1832 2723 Syriae,
1862 2646 1928 2709 id
1976 2656 2073 2709 est
2119 2666 2342 2729 pacem
2380 2646 2426 2707 B
2454 2666 2666 2729 regem
2700 2646 2914 2729 Syriae,
2950 2657 3010 2707 et
3054 2648 3393 2707 nuntiavit
3421 2650 3504 2719 ei,
3539 2650 3758 2708 dicens
3780 2666 3804 2709 .·
3826 2650 3940 2709 Sic

855 2742 1268 2824 temporalem
1308 2752 1372 2806 et
1414 2744 1897 2827 prosperitatem
1931 2745 2102 2828 Syris
2137 2764 2152 2809 :
2188 2763 2344 2828 quo-
2451 2757 2511 2807 et
2540 2748 2633 2807 sie
2663 2751 2873 2807 locuta
2904 2756 2995 2805 est
3022 2749 3247 2823 puella
3274 2748 3354 2805 de
3376 2756 3549 2807 terra
3579 2749 3809 2817 Israel,
3840 2755 3938 2809 ut-

859 2844 1030 2905 niam
1060 2842 1290 2907 eratin
1332 2843 1568 2925 praeliis
1609 2845 1888 2927 prudens
1915 2865 1989 2908 ac
2020 2854 2339 2923 strenuuS,
2454 2853 2601 2927 pote
2642 2845 2814 2926 quod
2861 2845 3175 2926 Propheta
3224 2843 3311 2905 ibi
3360 2844 3692 2922 exsistenS,
3725 2856 3938 2927 posset

857 2942 1375 3023 latrunculosque
1421 2942 1716 3006 vastavit.
1751 2944 1827 3006 Et
1872 2944 2073 3026 aliqui
2122 2945 2345 3008 dicunt
2453 2962 2556 3007 me
2586 2964 2623 3005 a
2652 2944 2829 3025 lepra
2857 2962 3101 3005 curare.
3125 2945 3439 3022 Dixitque
3466 2945 3528 3003 ei
3548 2964 3664 3003 rem
3682 2946 3937 3021 Syrioe:

855 3060 1000 3103 eum
1043 3039 1264 3116 fuisse,
1300 3041 1409 3121 qui
1445 3040 1661 3104 Achab
1708 3060 1913 3121 regem
1947 3042 2161 3124 jaculo
2204 3063 2344 3125 per-
2471 3046 2664 3112 Vade,
2698 3053 2757 3103 et
2789 3044 3041 3102 mittam
3079 3043 3326 3102 litteras
3356 3044 3443 3102 ad
3470 3063 3679 3119 reyem
3709 3046 3933 3105 Israel.

857 3138 1090 3202 foravit
1126 3156 1139 3201 :
1175 3139 1344 3220 quod
1380 3148 1532 3220 puto
1573 3149 1682 3202 aut
1713 3140 2050 3217 incertum,
2085 3151 2195 3203 aut
2226 3141 2343 3205 fal-
2456 3145 2582 3212 Qui
2612 3163 2813 3221 quum
2842 3142 3165 3218 profectus
3200 3150 3375 3213 esset,
3408 3152 3467 3201 et
3515 3143 3759 3203 tulisset
3802 3142 3939 3224 ipse

855 3258 1018 3313 sum,
1056 3236 1348 3318 quamvis
1391 3237 1591 3300 Rabbi
1646 3237 1941 3301 Salomon
1983 3239 2153 3302 dicat
2196 3240 2337 3318 hoc,
2453 3242 2731 3304 Naaman
2771 3260 2983 3300 secum
3021 3242 3235 3299 decem.
3286 3244 3525 3301 talenta
3574 3244 3940 3317 armatam

854 3337 963 3418 qui
1025 3356 1168 3399 cum
1219 3336 1453 3399 talibus
1503 3336 1691 3399 dietis
1750 3337 2018 3401 curiosis
2082 3338 2341 3402 incertis
2450 3362 2560 3401 sea:
2592 3342 2807 3400 millia
2838 3359 3089 3408 aareoS,
3122 3338 3184 3401 id
3232 3347 3329 3401 est
3372 3358 3708 3403 aureorum
3750 3341 3941 3403 dena-

853 3435 1221 3516 frequenter
1270 3455 1337 3498 se
1395 3443 1682 3517 occupat,
1738 3444 1806 3497 ut
1855 3436 2051 3499 Rabbi
2111 3438 2341 3500 Paulus

853 3541 1137 3596 testatur.
1163 3534 1238 3595 Et
1267 3534 1560 3614 quamvis
1583 3534 1742 3615 Lyra
1764 3534 2054 3597 videatur
2073 3536 2178 3599 hic
2200 3556 2345 3599 con-

853 3632 1090 3695 sentire
1137 3632 1286 3694 huic
1335 3632 1532 3694 Rabbi
1587 3632 1939 3695 Salomonis
1988 3634 2180 3709 dieto,
2234 3644 2344 3697 aut

854 3731 1077 3793 saltem
1112 3731 1268 3793 illud
1321 3750 1447 3793 non
1489 3732 1850 3812 reprobare,
1888 3740 2098 3794 tamen
2148 3753 2223 3795 ex
2268 3752 2343 3796 eo

2453 3440 2694 3502 riorum
2734 3456 2851 3519 pro
2890 3446 3148 3518 sumptu
3190 3437 3255 3499 in
3286 3438 3412 3515 via,
3447 3446 3636 3519 atque
3664 3440 3745 3501 ad
3787 3439 3941 3501 dan-

2454 3540 2605 3601 dum
2628 3536 2973 3618 Prophetae,
3000 3537 3051 3598 si
3087 3546 3414 3600 curaretur
3434 3537 3513 3599 ab
3534 3556 3625 3611 eo,
3650 3548 3709 3598 ec
3728 3542 3939 3599 decem

2454 3637 2809 3698 mutatoria
2860 3638 3409 3704 vestimentorum,
3454 3635 3518 3697 id
3568 3645 3663 3697 est
3720 3636 3937 3699 decem

2454 3734 2634 3817 paria
2664 3734 2962 3810 vestium,
2989 3733 3089 3797 vel
3111 3734 3329 3797 decem
3352 3752 3517 3797 nova
3536 3734 3935 3797 vestimenta:

852 3831 1023 3912 quod
1056 3830 1122 3892 in
1153 3830 1549 3911 expositione
1578 3830 1727 3892 libri
1763 3830 1929 3894 tertii
1965 3832 2211 3909 scribit,
2235 3852 2343 3915 pa-
2380 3830 2424 3895 C
2454 3852 2596 3914 quae
2639 3832 2979 3895 mutatoria
3022 3832 3447 3913 appellantur,
3484 3833 3785 3913 quoniam
3824 3851 3941 3915 pro

855 3938 942 3992 tet
977 3929 1221 3991 falsitas
1252 3928 1404 3992 dieti
1439 3929 1646 3991 istiuS.
1679 3929 1768 3992 lbi
1812 3930 2046 3993 etenim
2094 3931 2337 4009 scribit,

854 4029 1026 4110 quod
1079 4028 1131 4090 is
1183 4028 1294 4109 qui
1337 4046 1548 4108 regem
1588 4029 1803 4091 Achab
1843 4028 1934 4091 sic
1993 4030 2337 4110 sagittavit,

859 4127 982 4189 fuit
1041 4127 1331 4209 pedester
1366 4153 1380 4203 ;
1432 4136 1676 4190 certum
1727 4136 1821 4189 est
1882 4136 2116 4207 autem,
2171 4131 2342 4210 quod

856 4227 1152 4307 princeps
1185 4226 1431 4287 militiae
1465 4225 1586 4287 fuit
1616 4235 1930 4307 equester.
1957 4227 2221 4289 Videtur
2241 4248 2346 4289 au-

856 4333 982 4387 tem
1015 4324 1291 4386 Naaman
1323 4324 1442 4386 iste
1475 4322 1672 4387 fuisse
1704 4325 1800 4386 vir
1822 4324 2027 4387 bonus
2061 4325 2126 4387 in
2157 4344 2347 4405 gene-

856 4443 923 4485 rc
956 4440 1071 4485 suo
1091 4430 1154 4485 et
1175 4422 1515 4499 virtuosuS,
1544 4422 1865 4504 loquendo
1892 4424 1970 4485 de
2002 4423 2344 4485 virtutibus

855 4520 1188 4603 acquisitis
1226 4539 1238 4581 :
1276 4529 1534 4602 propter
1562 4522 1734 4602 quod
1768 4522 2002 4583 meruit
2034 4530 2347 4604 'tempora-

857 4621 982 4683 lem
1016 4619 1202 4682 istam
1233 4619 1564 4681 victoriam
1595 4620 1915 4700 adjutorio
1947 4620 2078 4696 Dei,
2105 4640 2179 4683 eo
2211 4640 2344 4683 mo—

855 4720 936 4781 do
965 4736 1094 4799 quo
1117 4717 1534 4799 Hieronymus
1569 4718 1796 4781 asserit
1815 4718 2008 4781 Deum
2043 4720 2343 4783 Romanis

854 4817 1060 4880 adhue
1103 4815 1453 4897 gentilibus
1496 4816 1842 4879 contulisse
1881 4818 2337 4894 monarchiam,

857 4925 1117 4999 propter
1165 4934 1385 4978 eorum
1435 4915 1727 4978 virtuteS.
1760 4918 1927 4977 Erat
1973 4926 2191 4977 autem
2239 4921 2347 4977 vir

2456 3930 2778 3995 veteribus
2827 3930 3114 3994 vest-ibus
3164 3939 3448 3993 recentes
3498 3931 3935 4012 accipiuntur-3

2454 4032 2687 4091 detulit
2710 4032 2957 4089 litteras
2988 4048 3063 4091 ex
3094 4046 3366 4111 persona
3394 4036 3457 4091 et
3488 4029 3745 4092 nomine
3776 4030 3939 4107 regis

2456 4128 2663 4211 Syriae,
2684 4132 2772 4188 ad
2790 4148 2998 4205 reyem
3016 4131 3220 4188 Israel
3240 4129 3311 4187 in
3334 4130 3465 4189 laec
3480 4130 3669 4188 verba
3689 4149 3711 4188 .·
3732 4132 3942 4196 Quum

2455 4229 2771 4305 acceperis
2800 4228 3137 4304 epistolam
3182 4227 3371 4299 hanc,
3405 4228 3564 4287 scito
3610 4230 3781 4306 quod
3824 4228 3944 4287 mzt-

2453 4329 2651 4388 serim
2682 4329 2768 4386 ad
2818 4336 2875 4385 te
2928 4328 3233 4385 Naaman
3281 4346 3537 4385 servum
3586 4346 3821 4395 meum,
3870 4336 3943 4385 uc

2454 4446 2634 4485 <mres
2654 4445 2823 4495 eum,
2849 4424 2913 4485 id
2945 4430 3063 4497 est,
3092 4423 3302 4485 curari
3335 4441 3635 4503 procures
3666 4440 3778 4503 per
3798 4423 3944 4485 Pro-

2457 4523 2713 4605 phetam
2748 4520 3024 4601 regionis
3057 4529 3199 4597 tuae,
3226 4543 3265 4580 a
3290 4525 3468 4598 lepra
3485 4542 3627 4582 sua.
3653 4520 3764 4584 Vel
3794 4540 3944 4602 qua·

2456 4621 2509 4683 si
2559 4620 2929 4683 honorando
2976 4638 3189 4699 regem
3238 4619 3349 4695 ait,
3382 4618 3458 4681 Ut
3500 4639 3683 4682 cures
3731 4639 3875 4682 eum
3906 4635 3945 4681 a

2455 4720 2651 4801 lepra.

2540 4822 2875 4897 Quumque
2908 4819 3151 4894 legisset
3171 4838 3288 4877 rex
3308 4819 3516 4878 Israel
3539 4819 3807 4889 littera&
3825 4819 3943 4877 sci-

2455 4918 2556 4977 dit
2607 4917 2981 4977 vestimenta
3026 4936 3170 4975 sua.
3221 4914 3349 4977 Rex
3397 4915 3567 4977 enim
3619 4914 3807 4977 lsrael
3858 4913 3945 4975 ita

857 5016 1077 5094 fortis,
1109 5014 1252 5076 ideo
1286 5022 1471 5095 aptus
1501 5015 1578 5076 ad
1614 5014 1860 5077 militiae
1890 5014 2341 5098 principatum,
2380 5018 2429 5080 D
2458 5014 2704 5096 accepit
2746 5014 2939 5077 verba
2988 5013 3155 5094 regis
3206 5012 3422 5094 Syriae,
3456 5014 3639 5095 quasi
3687 5033 3795 5076 rex
3838 5012 3945 5095 Sy-

859 5125 918 5175 εἰ
961 5116 1168 5182 dives,
1199 5116 1307 5173 sed
1349 5116 1648 5189 leprosa-5.
1682 5113 1758 5173 Et
1806 5114 2097 5193 quamvis
2143 5115 2351 5196 lepro-

863 5212 1018 5274 sitas
1066 5219 1311 5293 poterat
1358 5210 1418 5273 ei
1467 5230 1544 5273 ex
1588 5211 1861 5273 naturali
1909 5231 2100 5274 causa
2139 5212 2349 5275 venis-

2460 5114 2569 5175 riae
2602 5112 2683 5175 ab
2727 5112 2865 5194 ipso
2916 5112 3288 5193 requireret,
3324 5112 3493 5192 quod
3545 5112 3812 5193 ipsemet
3853 5112 3943 5174 le-

2460 5229 2721 5293 prosum
2782 5211 2963 5272 illum
3031 5219 3281 5274 curaret
3334 5227 3347 5271 :
3404 5210 3547 5273 ideo
3598 5210 3786 5272 scidit
3839 5229 3946 5272 ve·-

865 5330 956 5389 se,
995 5329 1124 5372 non
1171 5318 1383 5373 tamen
1441 5310 1582 5373 sine
1640 5310 1902 5391 speciali
1952 5310 2355 5392 providentia
2462 5308 2764 5371 stimenta
2820 5330 2955 5387 sua,
3008 5308 3191 5391 quasi
3241 5316 3482 5371 tantam
3542 5327 3669 5371 non
3728 5308 3944 5372 valens
