<?xml version="1.0" encoding="UTF-8"?>
<!DOCTYPE html PUBLIC "-//W3C//DTD XHTML 1.0 Transitional//EN"
    "http://www.w3.org/TR/xhtml1/DTD/xhtml1-transitional.dtd">
<html xmlns="http://www.w3.org/1999/xhtml" xml:lang="en" lang="en">
 <head>
  <title>
</title>
<meta http-equiv="Content-Type" content="text/html;charset=utf-8" />
  <meta name='ocr-system' content='tesseract 3.04.00' />
  <meta name='ocr-capabilities' content='ocr_page ocr_carea ocr_par ocr_line ocrx_word'/>
</head>
<body>
  <div class='ocr_page' id='page_1' title='image "./doctorisecstati06unkngoog_0365.png"; bbox 0 0 4309 6259; ppageno 0'>
   <div class='ocr_carea' id='block_1_1' title="bbox 1271 513 2587 560">
    <p class='ocr_par' dir='ltr' id='par_1_1' title="bbox 1271 513 2587 560">
     <span class='ocr_line' id='line_1_1' title="bbox 1271 513 2587 560; baseline 0 -2"><span class='ocrx_word' id='word_1_1' title='bbox 1271 513 1620 559; x_wconf 72' lang='lat' dir='ltr'>ENARRATIO</span> <span class='ocrx_word' id='word_1_2' title='bbox 1662 513 1724 559; x_wconf 83' lang='lat' dir='ltr'><strong>IN</strong></span> <span class='ocrx_word' id='word_1_3' title='bbox 1765 514 1901 559; x_wconf 76' lang='lat' dir='ltr'>CAP-</span> <span class='ocrx_word' id='word_1_4' title='bbox 1949 514 1993 560; x_wconf 88' lang='lat'><strong>11</strong></span> <span class='ocrx_word' id='word_1_5' title='bbox 2031 513 2159 559; x_wconf 76' lang='lat'>1013.</span> <span class='ocrx_word' id='word_1_6' title='bbox 2206 532 2286 544; x_wconf 91' lang='grc'>-</span> <span class='ocrx_word' id='word_1_7' title='bbox 2325 514 2467 560; x_wconf 74' lang='lat' dir='ltr'><strong>Alt&#39;r.</strong></span> <span class='ocrx_word' id='word_1_8' title='bbox 2504 513 2587 559; x_wconf 80' lang='lat' dir='ltr'><strong>vn</strong></span> 
     </span>
    </p>
   </div>
   <div class='ocr_carea' id='block_1_2' title="bbox 3355 492 3467 555">
    <p class='ocr_par' dir='ltr' id='par_1_2' title="bbox 3355 492 3467 555">
     <span class='ocr_line' id='line_1_2' title="bbox 3355 492 3467 555; baseline 0 0"><span class='ocrx_word' id='word_1_9' title='bbox 3355 492 3467 555; x_wconf 83' lang='lat'><strong>331</strong></span> 
     </span>
    </p>
   </div>
   <div class='ocr_carea' id='block_1_3' title="bbox 375 680 3466 766">
    <p class='ocr_par' dir='ltr' id='par_1_3' title="bbox 375 680 3466 766">
     <span class='ocr_line' id='line_1_3' title="bbox 375 680 3466 766; baseline -0.001 -22"><span class='ocrx_word' id='word_1_10' title='bbox 375 683 488 745; x_wconf 88' lang='lat' dir='ltr'><strong>sed</strong></span> <span class='ocrx_word' id='word_1_11' title='bbox 521 684 686 745; x_wconf 86' lang='lat' dir='ltr'><strong>etde</strong></span> <span class='ocrx_word' id='word_1_12' title='bbox 714 684 1138 748; x_wconf 77' lang='lat' dir='ltr'><strong>exterioribus</strong></span> <span class='ocrx_word' id='word_1_13' title='bbox 1161 684 1368 762; x_wconf 81' lang='lat' dir='ltr'><strong>boniS,</strong></span> <span class='ocrx_word' id='word_1_14' title='bbox 1394 684 1601 766; x_wconf 88' lang='lat' dir='ltr'><strong>quoad</strong></span> <span class='ocrx_word' id='word_1_15' title='bbox 1625 683 1875 765; x_wconf 90' lang='lat' dir='ltr'><strong>aliquos</strong></span> <span class='ocrx_word' id='word_1_16' title='bbox 1905 683 1952 746; x_wconf 82' lang='lat' dir='ltr'>A</span> <span class='ocrx_word' id='word_1_17' title='bbox 1985 684 2129 747; x_wconf 89' lang='lat' dir='ltr'><strong>liter</strong></span> <span class='ocrx_word' id='word_1_18' title='bbox 2158 692 2375 747; x_wconf 86' lang='lat' dir='ltr'><strong>sancto</strong></span> <span class='ocrx_word' id='word_1_19' title='bbox 2414 684 2551 762; x_wconf 85' lang='lat' dir='ltr'><strong>Job,</strong></span> <span class='ocrx_word' id='word_1_20' title='bbox 2586 683 2933 766; x_wconf 80' lang='lat' dir='ltr'><strong>praesertim</strong></span> <span class='ocrx_word' id='word_1_21' title='bbox 2966 684 3031 744; x_wconf 94' lang='lat' dir='ltr'><strong>B.</strong></span> <span class='ocrx_word' id='word_1_22' title='bbox 3069 680 3466 757; x_wconf 80' lang='lat' dir='ltr'><strong>EustachiuS‚</strong></span> 
     </span>
    </p>
   </div>
   <div class='ocr_carea' id='block_1_4' title="bbox 375 781 1876 963">
    <p class='ocr_par' dir='ltr' id='par_1_4' title="bbox 375 781 1876 963">
     <span class='ocr_line' id='line_1_4' title="bbox 375 781 1876 864; baseline 0.001 -21"><span class='ocrx_word' id='word_1_23' title='bbox 375 781 741 862; x_wconf 77' lang='lat' dir='ltr'><strong>opulentoS.</strong></span> <span class='ocrx_word' id='word_1_24' title='bbox 766 781 1033 855; x_wconf 80' lang='lat' dir='ltr'><strong>Quidam</strong></span> <span class='ocrx_word' id='word_1_25' title='bbox 1058 781 1230 844; x_wconf 90' lang='lat' dir='ltr'><strong>enim</strong></span> <span class='ocrx_word' id='word_1_26' title='bbox 1261 782 1328 844; x_wconf 90' lang='lat' dir='ltr'><strong>in</strong></span> <span class='ocrx_word' id='word_1_27' title='bbox 1351 782 1718 864; x_wconf 85' lang='lat' dir='ltr'><strong>evangeliea</strong></span> <span class='ocrx_word' id='word_1_28' title='bbox 1740 783 1876 863; x_wconf 82' lang='lat' dir='ltr'><strong>lege</strong></span> 
     </span>
     <span class='ocr_line' id='line_1_5' title="bbox 375 879 1876 963; baseline 0.001 -21"><span class='ocrx_word' id='word_1_29' title='bbox 375 879 606 942; x_wconf 87' lang='lat' dir='ltr'><strong>tentati</strong></span> <span class='ocrx_word' id='word_1_30' title='bbox 636 888 788 942; x_wconf 91' lang='lat' dir='ltr'><strong>sunt</strong></span> <span class='ocrx_word' id='word_1_31' title='bbox 827 891 890 944; x_wconf 89' lang='lat' dir='ltr'><strong>et</strong></span> <span class='ocrx_word' id='word_1_32' title='bbox 933 880 1218 963; x_wconf 81' lang='lat' dir='ltr'>perpessi</span> <span class='ocrx_word' id='word_1_33' title='bbox 1263 879 1673 962; x_wconf 83' lang='lat' dir='ltr'><strong>singulariter</strong></span> <span class='ocrx_word' id='word_1_34' title='bbox 1701 881 1876 944; x_wconf 90' lang='lat' dir='ltr'><strong>simi-</strong></span> 
     </span>
    </p>
   </div>
   <div class='ocr_carea' id='block_1_5' title="bbox 1985 782 3473 964">
    <p class='ocr_par' dir='ltr' id='par_1_5' title="bbox 1985 782 3473 964">
     <span class='ocr_line' id='line_1_6' title="bbox 1985 782 3473 865; baseline -0.003 -20"><span class='ocrx_word' id='word_1_35' title='bbox 1985 784 2331 846; x_wconf 90' lang='lat' dir='ltr'><strong>secundum</strong></span> <span class='ocrx_word' id='word_1_36' title='bbox 2364 784 2536 865; x_wconf 91' lang='lat' dir='ltr'><strong>quod</strong></span> <span class='ocrx_word' id='word_1_37' title='bbox 2564 783 2849 846; x_wconf 87' lang='lat' dir='ltr'><strong>Christus</strong></span> <span class='ocrx_word' id='word_1_38' title='bbox 2879 783 2939 846; x_wconf 92' lang='lat' dir='ltr'><strong>ei</strong></span> <span class='ocrx_word' id='word_1_39' title='bbox 2971 782 3037 843; x_wconf 92' lang='lat' dir='ltr'><strong>in</strong></span> <span class='ocrx_word' id='word_1_40' title='bbox 3070 801 3184 843; x_wconf 90' lang='lat' dir='ltr'><strong>sua</strong></span> <span class='ocrx_word' id='word_1_41' title='bbox 3212 798 3473 844; x_wconf 85' lang='lat' dir='ltr'><strong>conver-</strong></span> 
     </span>
     <span class='ocr_line' id='line_1_7' title="bbox 1985 879 3468 964; baseline -0.001 -21"><span class='ocrx_word' id='word_1_42' title='bbox 1985 882 2165 945; x_wconf 80' lang='lat' dir='ltr'><strong>sione</strong></span> <span class='ocrx_word' id='word_1_43' title='bbox 2194 882 2505 964; x_wconf 75' lang='lat' dir='ltr'><strong>praedixit,</strong></span> <span class='ocrx_word' id='word_1_44' title='bbox 2526 892 2597 944; x_wconf 92' lang='lat' dir='ltr'><strong>ut</strong></span> <span class='ocrx_word' id='word_1_45' title='bbox 2623 883 2689 945; x_wconf 91' lang='lat' dir='ltr'><strong>in</strong></span> <span class='ocrx_word' id='word_1_46' title='bbox 2711 883 2849 963; x_wconf 91' lang='lat' dir='ltr'><strong>ejus</strong></span> <span class='ocrx_word' id='word_1_47' title='bbox 2870 880 3159 963; x_wconf 80' lang='lat' dir='ltr'><strong>Legenda</strong></span> <span class='ocrx_word' id='word_1_48' title='bbox 3177 879 3468 942; x_wconf 85' lang='lat' dir='ltr'><strong>habetur.</strong></span> 
     </span>
    </p>
   </div>
   <div class='ocr_carea' id='block_1_6' title="bbox 1491 1311 2381 1397">
    <p class='ocr_par' dir='ltr' id='par_1_6' title="bbox 1491 1311 2381 1397">
     <span class='ocr_line' id='line_1_8' title="bbox 1491 1311 2381 1397; baseline -0.001 -1"><span class='ocrx_word' id='word_1_49' title='bbox 1491 1311 2144 1397; x_wconf 87' lang='lat' dir='ltr'>ARTICULUS</span> <span class='ocrx_word' id='word_1_50' title='bbox 2224 1314 2381 1396; x_wconf 85' lang='lat' dir='ltr'><strong>Vll</strong></span> 
     </span>
    </p>
   </div>
   <div class='ocr_carea' id='block_1_7' title="bbox 571 1585 3285 1744">
    <p class='ocr_par' dir='ltr' id='par_1_7' title="bbox 571 1585 3285 1744">
     <span class='ocr_line' id='line_1_9' title="bbox 571 1585 3285 1641; baseline -0 -10"><span class='ocrx_word' id='word_1_51' title='bbox 571 1587 890 1633; x_wconf 70' lang='lat' dir='ltr'><strong>Exposmo</strong></span> <span class='ocrx_word' id='word_1_52' title='bbox 935 1588 1285 1633; x_wconf 78' lang='lat' dir='ltr'><strong>LlTTERALlS</strong></span> <span class='ocrx_word' id='word_1_53' title='bbox 1329 1587 1604 1632; x_wconf 67' lang='lat' dir='ltr'><strong>caprrutt</strong></span> <span class='ocrx_word' id='word_1_54' title='bbox 1647 1585 1898 1631; x_wconf 80' lang='lat' dir='ltr'><strong>SECUNDI</strong></span> <span class='ocrx_word' id='word_1_55' title='bbox 1941 1586 1956 1631; x_wconf 79' lang='lat' dir='ltr'><strong>t</strong></span> <span class='ocrx_word' id='word_1_56' title='bbox 2004 1586 2245 1632; x_wconf 72' lang='lat' dir='ltr'>FAGTUM</span> <span class='ocrx_word' id='word_1_57' title='bbox 2288 1587 2395 1632; x_wconf 84' lang='lat' dir='ltr'><strong>EST</strong></span> <span class='ocrx_word' id='word_1_58' title='bbox 2437 1587 2640 1631; x_wconf 76' lang='lat' dir='ltr'>AUTEM</span> <span class='ocrx_word' id='word_1_59' title='bbox 2683 1586 2845 1641; x_wconf 70' lang='lat' dir='ltr'><strong>Quum</strong></span> <span class='ocrx_word' id='word_1_60' title='bbox 2889 1586 3141 1641; x_wconf 75' lang='lat' dir='ltr'><strong>QUADAM</strong></span> <span class='ocrx_word' id='word_1_61' title='bbox 3183 1586 3285 1631; x_wconf 79' lang='lat' dir='ltr'><strong>DIE</strong></span> 
     </span>
     <span class='ocr_line' id='line_1_10' title="bbox 1105 1683 2755 1744; baseline -0.001 -14"><span class='ocrx_word' id='word_1_62' title='bbox 1105 1687 1434 1732; x_wconf 76' lang='lat' dir='ltr'><strong>VENISSENT</strong></span> <span class='ocrx_word' id='word_1_63' title='bbox 1474 1686 1616 1732; x_wconf 69' lang='lat' dir='ltr'><strong>12an</strong></span> <span class='ocrx_word' id='word_1_64' title='bbox 1658 1685 1780 1744; x_wconf 81' lang='lat' dir='ltr'><strong>DEI,</strong></span> <span class='ocrx_word' id='word_1_65' title='bbox 1830 1685 1900 1729; x_wconf 84' lang='grc' dir='ltr'><strong>ΕΤ</strong></span> <span class='ocrx_word' id='word_1_66' title='bbox 1943 1685 2218 1730; x_wconf 73' lang='lat' dir='ltr'><strong>STARENT</strong></span> <span class='ocrx_word' id='word_1_67' title='bbox 2259 1683 2461 1730; x_wconf 70' lang='lat' dir='ltr'>CORAH</span> <span class='ocrx_word' id='word_1_68' title='bbox 2504 1685 2755 1730; x_wconf 74' lang='lat' dir='ltr'><strong>DOMINO.</strong></span> 
     </span>
    </p>
   </div>
   <div class='ocr_carea' id='block_1_8' title="bbox 501 1959 3477 2045">
    <p class='ocr_par' dir='ltr' id='par_1_8' title="bbox 501 1959 3477 2045">
     <span class='ocr_line' id='line_1_11' title="bbox 501 1959 3477 2045; baseline 0.001 -21"><span class='ocrx_word' id='word_1_69' title='bbox 501 1961 872 2024; x_wconf 78' lang='lat' dir='ltr'><strong>AULATlM</strong></span> <span class='ocrx_word' id='word_1_70' title='bbox 907 1962 985 2023; x_wconf 88' lang='lat' dir='ltr'><strong>ad</strong></span> <span class='ocrx_word' id='word_1_71' title='bbox 1020 1962 1470 2025; x_wconf 86' lang='lat' dir='ltr'><strong>declarandum</strong></span> <span class='ocrx_word' id='word_1_72' title='bbox 1505 1960 1872 2045; x_wconf 88' lang='lat' dir='ltr'><strong>patientiam</strong></span> <span class='ocrx_word' id='word_1_73' title='bbox 1911 1959 1958 2019; x_wconf 94' lang='lat' dir='ltr'>B</span> <span class='ocrx_word' id='word_1_74' title='bbox 1985 1960 2545 2043; x_wconf 89' lang='lat' dir='ltr'><strong>sumptionemque</strong></span> <span class='ocrx_word' id='word_1_75' title='bbox 2595 1963 2889 2045; x_wconf 86' lang='lat' dir='ltr'><strong>percutit,</strong></span> <span class='ocrx_word' id='word_1_76' title='bbox 2936 1964 3282 2026; x_wconf 90' lang='lat' dir='ltr'><strong>secundum</strong></span> <span class='ocrx_word' id='word_1_77' title='bbox 3328 1964 3477 2027; x_wconf 88' lang='lat' dir='ltr'><strong>Gre-</strong></span> 
     </span>
    </p>
   </div>
   <div class='ocr_carea' id='block_1_9' title="bbox 365 2060 1877 3129">
    <p class='ocr_par' dir='ltr' id='par_1_9' title="bbox 365 2060 1877 3129">
     <span class='ocr_line' id='line_1_12' title="bbox 521 2060 1876 2142; baseline 0.001 -20"><span class='ocrx_word' id='word_1_78' title='bbox 521 2070 717 2142; x_wconf 90' lang='lat' dir='ltr'><strong>atque</strong></span> <span class='ocrx_word' id='word_1_79' title='bbox 748 2060 1173 2123; x_wconf 80' lang='lat' dir='ltr'><strong>constantiam</strong></span> <span class='ocrx_word' id='word_1_80' title='bbox 1204 2062 1404 2124; x_wconf 87' lang='lat' dir='ltr'><strong>sancti</strong></span> <span class='ocrx_word' id='word_1_81' title='bbox 1443 2062 1579 2137; x_wconf 87' lang='lat' dir='ltr'><strong>Job,</strong></span> <span class='ocrx_word' id='word_1_82' title='bbox 1613 2060 1876 2123; x_wconf 90' lang='lat' dir='ltr'><strong>tentatio</strong></span> 
     </span>
     <span class='ocr_line' id='line_1_13' title="bbox 371 2159 1876 2241; baseline 0 -20"><span class='ocrx_word' id='word_1_83' title='bbox 371 2159 516 2239; x_wconf 89' lang='lat' dir='ltr'><strong>ejus</strong></span> <span class='ocrx_word' id='word_1_84' title='bbox 579 2160 926 2224; x_wconf 84' lang='lat' dir='ltr'><strong>succrescit</strong></span> <span class='ocrx_word' id='word_1_85' title='bbox 985 2170 1048 2223; x_wconf 89' lang='lat' dir='ltr'><strong>et</strong></span> <span class='ocrx_word' id='word_1_86' title='bbox 1093 2161 1348 2239; x_wconf 86' lang='lat' dir='ltr'><strong>gravior</strong></span> <span class='ocrx_word' id='word_1_87' title='bbox 1403 2160 1502 2223; x_wconf 89' lang='lat' dir='ltr'><strong>fit.</strong></span> <span class='ocrx_word' id='word_1_88' title='bbox 1553 2160 1876 2241; x_wconf 83' lang='lat' dir='ltr'><strong>Contingit</strong></span> 
     </span>
     <span class='ocr_line' id='line_1_14' title="bbox 372 2257 1876 2340; baseline 0.003 -23"><span class='ocrx_word' id='word_1_89' title='bbox 372 2275 610 2339; x_wconf 86' lang='lat' dir='ltr'><strong>nempe</strong></span> <span class='ocrx_word' id='word_1_90' title='bbox 651 2276 841 2340; x_wconf 82' lang='lat' dir='ltr'><strong>saepe,</strong></span> <span class='ocrx_word' id='word_1_91' title='bbox 875 2257 1084 2319; x_wconf 87' lang='lat' dir='ltr'><strong>virum</strong></span> <span class='ocrx_word' id='word_1_92' title='bbox 1124 2266 1521 2321; x_wconf 69' lang='lat' dir='ltr'><strong>constantem</strong></span> <span class='ocrx_word' id='word_1_93' title='bbox 1565 2266 1876 2340; x_wconf 89' lang='lat' dir='ltr'><strong>tempora-</strong></span> 
     </span>
     <span class='ocr_line' id='line_1_15' title="bbox 373 2355 1872 2437; baseline 0.002 -21"><span class='ocrx_word' id='word_1_94' title='bbox 373 2355 535 2417; x_wconf 87' lang='lat' dir='ltr'><strong>lium</strong></span> <span class='ocrx_word' id='word_1_95' title='bbox 567 2374 766 2437; x_wconf 87' lang='lat' dir='ltr'><strong>opum</strong></span> <span class='ocrx_word' id='word_1_96' title='bbox 797 2356 1182 2419; x_wconf 86' lang='lat' dir='ltr'><strong>ablationem</strong></span> <span class='ocrx_word' id='word_1_97' title='bbox 1216 2358 1657 2437; x_wconf 80' lang='lat' dir='ltr'><strong>aequanimiter</strong></span> <span class='ocrx_word' id='word_1_98' title='bbox 1683 2357 1872 2433; x_wconf 82' lang='lat' dir='ltr'><strong>ferre,</strong></span> 
     </span>
     <span class='ocr_line' id='line_1_16' title="bbox 375 2454 1875 2536; baseline 0.001 -21"><span class='ocrx_word' id='word_1_99' title='bbox 375 2464 594 2517; x_wconf 85' lang='lat' dir='ltr'><strong>tamen</strong></span> <span class='ocrx_word' id='word_1_100' title='bbox 645 2454 846 2536; x_wconf 89' lang='lat' dir='ltr'><strong>prolis</strong></span> <span class='ocrx_word' id='word_1_101' title='bbox 897 2475 1028 2518; x_wconf 82' lang='lat' dir='ltr'><strong>suae</strong></span> <span class='ocrx_word' id='word_1_102' title='bbox 1075 2455 1469 2520; x_wconf 89' lang='lat' dir='ltr'><strong>orbationem</strong></span> <span class='ocrx_word' id='word_1_103' title='bbox 1521 2456 1875 2519; x_wconf 91' lang='lat' dir='ltr'><strong>dolorosius</strong></span> 
     </span>
     <span class='ocr_line' id='line_1_17' title="bbox 371 2553 1877 2637; baseline 0.001 -24"><span class='ocrx_word' id='word_1_104' title='bbox 371 2572 574 2633; x_wconf 89' lang='lat' dir='ltr'><strong>quam</strong></span> <span class='ocrx_word' id='word_1_105' title='bbox 605 2560 869 2637; x_wconf 45' lang='lat' dir='ltr'><strong>‚oportet</strong></span> <span class='ocrx_word' id='word_1_106' title='bbox 915 2553 1180 2617; x_wconf 79' lang='lat' dir='ltr'><strong>deflere.</strong></span> <span class='ocrx_word' id='word_1_107' title='bbox 1225 2554 1437 2616; x_wconf 91' lang='lat' dir='ltr'><strong>Alium</strong></span> <span class='ocrx_word' id='word_1_108' title='bbox 1479 2561 1688 2616; x_wconf 91' lang='lat' dir='ltr'><strong>autem</strong></span> <span class='ocrx_word' id='word_1_109' title='bbox 1729 2573 1877 2617; x_wconf 91' lang='lat' dir='ltr'><strong>con-</strong></span> 
     </span>
     <span class='ocr_line' id='line_1_18' title="bbox 371 2650 1877 2735; baseline 0.002 -23"><span class='ocrx_word' id='word_1_110' title='bbox 371 2650 757 2714; x_wconf 86' lang='lat' dir='ltr'><strong>stantiorem</strong></span> <span class='ocrx_word' id='word_1_111' title='bbox 781 2651 1096 2731; x_wconf 83' lang='lat' dir='ltr'><strong>contingit</strong></span> <span class='ocrx_word' id='word_1_112' title='bbox 1126 2661 1465 2733; x_wconf 89' lang='lat' dir='ltr'><strong>utrumque</strong></span> <span class='ocrx_word' id='word_1_113' title='bbox 1487 2652 1750 2715; x_wconf 90' lang='lat' dir='ltr'><strong>istorum</strong></span> <span class='ocrx_word' id='word_1_114' title='bbox 1777 2673 1877 2735; x_wconf 90' lang='lat' dir='ltr'><strong>pa-</strong></span> 
     </span>
     <span class='ocr_line' id='line_1_19' title="bbox 376 2749 1876 2834; baseline 0.001 -23"><span class='ocrx_word' id='word_1_115' title='bbox 376 2750 616 2812; x_wconf 82' lang='lat' dir='ltr'><strong>tienter</strong></span> <span class='ocrx_word' id='word_1_116' title='bbox 647 2749 958 2831; x_wconf 77' lang='lat' dir='ltr'><strong>perferre,</strong></span> <span class='ocrx_word' id='word_1_117' title='bbox 995 2751 1107 2833; x_wconf 91' lang='lat' dir='ltr'><strong>qui</strong></span> <span class='ocrx_word' id='word_1_118' title='bbox 1141 2750 1344 2814; x_wconf 90' lang='lat' dir='ltr'><strong>nihilo</strong></span> <span class='ocrx_word' id='word_1_119' title='bbox 1375 2752 1586 2813; x_wconf 90' lang='lat' dir='ltr'><strong>minus</strong></span> <span class='ocrx_word' id='word_1_120' title='bbox 1617 2760 1876 2834; x_wconf 89' lang='lat' dir='ltr'><strong>propter</strong></span> 
     </span>
     <span class='ocr_line' id='line_1_20' title="bbox 375 2842 1874 2931; baseline 0.001 -21"><span class='ocrx_word' id='word_1_121' title='bbox 375 2848 628 2930; x_wconf 90' lang='lat' dir='ltr'><strong>proprii</strong></span> <span class='ocrx_word' id='word_1_122' title='bbox 652 2842 939 2931; x_wconf 85' lang='lat' dir='ltr'><strong>corporis</strong></span> <span class='ocrx_word' id='word_1_123' title='bbox 961 2849 1422 2911; x_wconf 89' lang='lat' dir='ltr'><strong>amarissimam</strong></span> <span class='ocrx_word' id='word_1_124' title='bbox 1450 2848 1874 2913; x_wconf 80' lang='lat' dir='ltr'><strong>afflictionem</strong></span> 
     </span>
     <span class='ocr_line' id='line_1_21' title="bbox 370 2946 1875 3029; baseline 0.001 -20"><span class='ocrx_word' id='word_1_125' title='bbox 370 2947 454 3009; x_wconf 86' lang='lat' dir='ltr'><strong>ad</strong></span> <span class='ocrx_word' id='word_1_126' title='bbox 487 2946 959 3029; x_wconf 80' lang='lat' dir='ltr'><strong>impatientiam</strong></span> <span class='ocrx_word' id='word_1_127' title='bbox 991 2948 1623 3028; x_wconf 85' lang='lat' dir='ltr'><strong>concitatur.Utergo</strong></span> <span class='ocrx_word' id='word_1_128' title='bbox 1655 2948 1875 3011; x_wconf 85' lang='lat' dir='ltr'><strong>beatus</strong></span> 
     </span>
     <span class='ocr_line' id='line_1_22' title="bbox 365 3045 1877 3129; baseline 0.002 -22"><span class='ocrx_word' id='word_1_129' title='bbox 365 3046 490 3109; x_wconf 83' lang='lat' dir='ltr'><strong>Job</strong></span> <span class='ocrx_word' id='word_1_130' title='bbox 533 3045 821 3128; x_wconf 77' lang='lat' dir='ltr'><strong>perfecte</strong></span> <span class='ocrx_word' id='word_1_131' title='bbox 859 3054 1158 3109; x_wconf 86' lang='lat' dir='ltr'><strong>constans</strong></span> <span class='ocrx_word' id='word_1_132' title='bbox 1191 3066 1262 3109; x_wconf 91' lang='lat' dir='ltr'><strong>ac</strong></span> <span class='ocrx_word' id='word_1_133' title='bbox 1295 3047 1542 3128; x_wconf 88' lang='lat' dir='ltr'><strong>patiens</strong></span> <span class='ocrx_word' id='word_1_134' title='bbox 1587 3065 1877 3129; x_wconf 90' lang='lat' dir='ltr'><strong>compro-</strong></span> 
     </span>
    </p>
   </div>
   <div class='ocr_carea' id='block_1_10' title="bbox 1981 2058 3487 3129">
    <p class='ocr_par' dir='ltr' id='par_1_10' title="bbox 1981 2058 3487 3129">
     <span class='ocr_line' id='line_1_23' title="bbox 1985 2058 3475 2141; baseline 0.004 -21"><span class='ocrx_word' id='word_1_135' title='bbox 1985 2060 2257 2141; x_wconf 88' lang='lat' dir='ltr'><strong>gorium.</strong></span> <span class='ocrx_word' id='word_1_136' title='bbox 2291 2058 2479 2133; x_wconf 87' lang='lat' dir='ltr'><strong>Quasi</strong></span> <span class='ocrx_word' id='word_1_137' title='bbox 2526 2062 2831 2124; x_wconf 90' lang='lat' dir='ltr'><strong>Dominus</strong></span> <span class='ocrx_word' id='word_1_138' title='bbox 2878 2062 3067 2138; x_wconf 89' lang='lat' dir='ltr'><strong>dicat,</strong></span> <span class='ocrx_word' id='word_1_139' title='bbox 3104 2062 3265 2125; x_wconf 92' lang='lat' dir='ltr'><strong>Ecce</strong></span> <span class='ocrx_word' id='word_1_140' title='bbox 3305 2082 3475 2127; x_wconf 89' lang='lat' dir='ltr'><strong>nunc</strong></span> 
     </span>
     <span class='ocr_line' id='line_1_24' title="bbox 1985 2158 3478 2241; baseline 0.002 -21"><span class='ocrx_word' id='word_1_141' title='bbox 1985 2158 2067 2220; x_wconf 94' lang='lat' dir='ltr'><strong>ab</strong></span> <span class='ocrx_word' id='word_1_142' title='bbox 2087 2176 2215 2221; x_wconf 93' lang='lat' dir='ltr'><strong>uno</strong></span> <span class='ocrx_word' id='word_1_143' title='bbox 2244 2158 2493 2221; x_wconf 80' lang='lat' dir='ltr'><strong>mortali</strong></span> <span class='ocrx_word' id='word_1_144' title='bbox 2516 2160 2775 2223; x_wconf 91' lang='lat' dir='ltr'><strong>homine</strong></span> <span class='ocrx_word' id='word_1_145' title='bbox 2800 2160 3095 2237; x_wconf 88' lang='lat' dir='ltr'><strong>vinceris,</strong></span> <span class='ocrx_word' id='word_1_146' title='bbox 3118 2162 3227 2241; x_wconf 91' lang='lat' dir='ltr'><strong>qui</strong></span> <span class='ocrx_word' id='word_1_147' title='bbox 3253 2170 3313 2225; x_wconf 86' lang='lat' dir='ltr'><strong>te</strong></span> <span class='ocrx_word' id='word_1_148' title='bbox 3334 2180 3478 2225; x_wconf 88' lang='lat' dir='ltr'><strong>con-</strong></span> 
     </span>
     <span class='ocr_line' id='line_1_25' title="bbox 1987 2257 3477 2340; baseline 0.002 -23"><span class='ocrx_word' id='word_1_149' title='bbox 1987 2265 2082 2319; x_wconf 87' lang='lat' dir='ltr'><strong>tra</strong></span> <span class='ocrx_word' id='word_1_150' title='bbox 2128 2257 2483 2320; x_wconf 88' lang='lat' dir='ltr'><strong>Creatorem</strong></span> <span class='ocrx_word' id='word_1_151' title='bbox 2536 2266 2712 2320; x_wconf 89' lang='lat' dir='ltr'><strong>tuum</strong></span> <span class='ocrx_word' id='word_1_152' title='bbox 2764 2259 3007 2340; x_wconf 81' lang='lat' dir='ltr'><strong>erigere</strong></span> <span class='ocrx_word' id='word_1_153' title='bbox 3054 2259 3304 2322; x_wconf 88' lang='lat' dir='ltr'><strong>niteris.</strong></span> <span class='ocrx_word' id='word_1_154' title='bbox 3350 2263 3477 2329; x_wconf 84' lang='lat' dir='ltr'><strong>Qui</strong></span> 
     </span>
     <span class='ocr_line' id='line_1_26' title="bbox 1985 2359 3477 2436; baseline 0.003 -21"><span class='ocrx_word' id='word_1_155' title='bbox 1985 2360 2396 2433; x_wconf 68' lang='lat' dir='ltr'><strong>respondem,</strong></span> <span class='ocrx_word' id='word_1_156' title='bbox 2440 2359 2535 2418; x_wconf 79' lang='lat' dir='ltr'><strong>ait</strong></span> <span class='ocrx_word' id='word_1_157' title='bbox 2565 2375 2589 2417; x_wconf 92' lang='lat'><strong>.·</strong></span> <span class='ocrx_word' id='word_1_158' title='bbox 2620 2359 2913 2418; x_wconf 77' lang='lat' dir='ltr'><strong>Circuivi</strong></span> <span class='ocrx_word' id='word_1_159' title='bbox 2957 2369 3223 2428; x_wconf 72' lang='lat' dir='ltr'><strong>terram,</strong></span> <span class='ocrx_word' id='word_1_160' title='bbox 3250 2369 3309 2419; x_wconf 78' lang='lat' dir='ltr'><strong>et</strong></span> <span class='ocrx_word' id='word_1_161' title='bbox 3333 2378 3477 2436; x_wconf 83' lang='lat' dir='ltr'><strong>per-</strong></span> 
     </span>
     <span class='ocr_line' id='line_1_27' title="bbox 1984 2442 3477 2519; baseline 0.003 -5"><span class='ocrx_word' id='word_1_162' title='bbox 1984 2456 2319 2515; x_wconf 81' lang='lat' dir='ltr'><strong>ambulavi</strong></span> <span class='ocrx_word' id='word_1_163' title='bbox 2352 2476 2515 2517; x_wconf 86' lang='lat' dir='ltr'><strong>eam.</strong></span> <span class='ocrx_word' id='word_1_164' title='bbox 2548 2459 2634 2517; x_wconf 79' lang='lat' dir='ltr'><strong>Ec</strong></span> <span class='ocrx_word' id='word_1_165' title='bbox 2666 2442 2843 2517; x_wconf 64' lang='lat' dir='ltr'><strong>dimit</strong></span> <span class='ocrx_word' id='word_1_166' title='bbox 2872 2459 3193 2518; x_wconf 78' lang='lat' dir='ltr'><strong>Dominus</strong></span> <span class='ocrx_word' id='word_1_167' title='bbox 3228 2461 3316 2518; x_wconf 87' lang='lat' dir='ltr'><strong>ad</strong></span> <span class='ocrx_word' id='word_1_168' title='bbox 3357 2460 3477 2519; x_wconf 85' lang='lat' dir='ltr'><strong>Sa-</strong></span> 
     </span>
     <span class='ocr_line' id='line_1_28' title="bbox 1988 2556 3474 2633; baseline 0.003 -20"><span class='ocrx_word' id='word_1_169' title='bbox 1988 2562 2098 2613; x_wconf 78' lang='lat' dir='ltr'><strong>tan</strong></span> <span class='ocrx_word' id='word_1_170' title='bbox 2132 2571 2155 2613; x_wconf 92' lang='lat'><strong>.·</strong></span> <span class='ocrx_word' id='word_1_171' title='bbox 2187 2556 2532 2633; x_wconf 79' lang='lat' dir='ltr'><strong>Numquid</strong></span> <span class='ocrx_word' id='word_1_172' title='bbox 2548 2557 2968 2616; x_wconf 78' lang='lat' dir='ltr'><strong>considerasti</strong></span> <span class='ocrx_word' id='word_1_173' title='bbox 2983 2576 3239 2617; x_wconf 86' lang='lat' dir='ltr'><strong>servum</strong></span> <span class='ocrx_word' id='word_1_174' title='bbox 3262 2577 3474 2617; x_wconf 81' lang='lat' dir='ltr'><strong>meum</strong></span> 
     </span>
     <span class='ocr_line' id='line_1_29' title="bbox 1981 2655 3475 2731; baseline 0 -18"><span class='ocrx_word' id='word_1_175' title='bbox 1981 2655 2122 2722; x_wconf 79' lang='lat' dir='ltr'><strong>Job,</strong></span> <span class='ocrx_word' id='word_1_176' title='bbox 2153 2656 2324 2731; x_wconf 82' lang='lat' dir='ltr'><strong>quod</strong></span> <span class='ocrx_word' id='word_1_177' title='bbox 2370 2672 2499 2713; x_wconf 85' lang='lat' dir='ltr'><strong>non</strong></span> <span class='ocrx_word' id='word_1_178' title='bbox 2536 2655 2621 2713; x_wconf 78' lang='lat' dir='ltr'><strong>sit</strong></span> <span class='ocrx_word' id='word_1_179' title='bbox 2661 2655 2723 2712; x_wconf 85' lang='lat' dir='ltr'><strong>ei</strong></span> <span class='ocrx_word' id='word_1_180' title='bbox 2756 2655 2999 2713; x_wconf 82' lang='lat' dir='ltr'><strong>similis</strong></span> <span class='ocrx_word' id='word_1_181' title='bbox 3026 2656 3099 2715; x_wconf 86' lang='lat' dir='ltr'><strong>in</strong></span> <span class='ocrx_word' id='word_1_182' title='bbox 3140 2664 3337 2724; x_wconf 82' lang='lat' dir='ltr'><strong>terra,</strong></span> <span class='ocrx_word' id='word_1_183' title='bbox 3370 2656 3475 2714; x_wconf 80' lang='lat' dir='ltr'><strong>vir</strong></span> 
     </span>
     <span class='ocr_line' id='line_1_30' title="bbox 1983 2750 3473 2828; baseline 0.003 -19"><span class='ocrx_word' id='word_1_184' title='bbox 1983 2750 2262 2828; x_wconf 68' lang='lat' dir='ltr'><strong>simplem</strong></span> <span class='ocrx_word' id='word_1_185' title='bbox 2300 2760 2359 2810; x_wconf 77' lang='lat' dir='ltr'><strong>ec</strong></span> <span class='ocrx_word' id='word_1_186' title='bbox 2388 2760 2621 2821; x_wconf 79' lang='lat' dir='ltr'><strong>rectus,</strong></span> <span class='ocrx_word' id='word_1_187' title='bbox 2652 2772 2727 2813; x_wconf 87' lang='lat' dir='ltr'><strong>ac</strong></span> <span class='ocrx_word' id='word_1_188' title='bbox 2768 2754 2996 2813; x_wconf 76' lang='lat' dir='ltr'><strong>timens</strong></span> <span class='ocrx_word' id='word_1_189' title='bbox 3026 2756 3255 2824; x_wconf 86' lang='lat' dir='ltr'><strong>Deum,</strong></span> <span class='ocrx_word' id='word_1_190' title='bbox 3289 2762 3349 2813; x_wconf 80' lang='lat' dir='ltr'><strong>et</strong></span> <span class='ocrx_word' id='word_1_191' title='bbox 3376 2774 3473 2813; x_wconf 84' lang='lat' dir='ltr'><strong>re-</strong></span> 
     </span>
     <span class='ocr_line' id='line_1_31' title="bbox 1985 2849 3468 2932; baseline 0.004 -25"><span class='ocrx_word' id='word_1_192' title='bbox 1985 2852 2207 2909; x_wconf 82' lang='lat' dir='ltr'><strong>cedens</strong></span> <span class='ocrx_word' id='word_1_193' title='bbox 2235 2870 2275 2910; x_wconf 89' lang='lat' dir='ltr'><strong>a</strong></span> <span class='ocrx_word' id='word_1_194' title='bbox 2304 2854 2475 2911; x_wconf 85' lang='lat' dir='ltr'><strong>malo</strong></span> <span class='ocrx_word' id='word_1_195' title='bbox 2496 2852 2526 2910; x_wconf 84' lang='lat'><em>?</em></span> <span class='ocrx_word' id='word_1_196' title='bbox 2556 2849 2781 2913; x_wconf 88' lang='lat' dir='ltr'><strong>Totum</strong></span> <span class='ocrx_word' id='word_1_197' title='bbox 2803 2859 2873 2912; x_wconf 90' lang='lat' dir='ltr'><strong>ut</strong></span> <span class='ocrx_word' id='word_1_198' title='bbox 2895 2869 3107 2932; x_wconf 90' lang='lat' dir='ltr'><strong>supra,</strong></span> <span class='ocrx_word' id='word_1_199' title='bbox 3132 2869 3335 2931; x_wconf 89' lang='lat' dir='ltr'><strong>usque</strong></span> <span class='ocrx_word' id='word_1_200' title='bbox 3355 2851 3468 2914; x_wconf 90' lang='lat' dir='ltr'><strong>ibi.</strong></span> 
     </span>
     <span class='ocr_line' id='line_1_32' title="bbox 1986 2948 3487 3033; baseline 0.002 -26"><span class='ocrx_word' id='word_1_201' title='bbox 1986 2948 2072 3007; x_wconf 76' lang='grc' dir='ltr'><strong>Εε</strong></span> <span class='ocrx_word' id='word_1_202' title='bbox 2099 2949 2316 3008; x_wconf 79' lang='lat' dir='ltr'><strong>adhuc</strong></span> <span class='ocrx_word' id='word_1_203' title='bbox 2335 2949 2618 3009; x_wconf 81' lang='lat' dir='ltr'><strong>retinens</strong></span> <span class='ocrx_word' id='word_1_204' title='bbox 2645 2952 3105 3021; x_wconf 80' lang='lat' dir='ltr'><strong>innocentiam,</strong></span> <span class='ocrx_word' id='word_1_205' title='bbox 3128 2950 3193 3010; x_wconf 87' lang='lat' dir='ltr'><strong>id</strong></span> <span class='ocrx_word' id='word_1_206' title='bbox 3224 2957 3319 3011; x_wconf 92' lang='lat' dir='ltr'><strong>est</strong></span> <span class='ocrx_word' id='word_1_207' title='bbox 3338 2968 3487 3033; x_wconf 23' lang='lat' dir='ltr'><strong>cor--</strong></span> 
     </span>
     <span class='ocr_line' id='line_1_33' title="bbox 1986 3044 3477 3129; baseline 0.003 -24"><span class='ocrx_word' id='word_1_208' title='bbox 1986 3044 2084 3106; x_wconf 90' lang='lat' dir='ltr'><strong>dis</strong></span> <span class='ocrx_word' id='word_1_209' title='bbox 2115 3064 2152 3106; x_wconf 86' lang='lat' dir='ltr'><strong>a</strong></span> <span class='ocrx_word' id='word_1_210' title='bbox 2181 3045 2371 3127; x_wconf 86' lang='lat' dir='ltr'><strong>culpa</strong></span> <span class='ocrx_word' id='word_1_211' title='bbox 2400 3045 2890 3124; x_wconf 89' lang='lat' dir='ltr'><strong>immunitatem,</strong></span> <span class='ocrx_word' id='word_1_212' title='bbox 2920 3048 3005 3110; x_wconf 88' lang='lat' dir='ltr'><strong>ita</strong></span> <span class='ocrx_word' id='word_1_213' title='bbox 3024 3049 3194 3129; x_wconf 92' lang='lat' dir='ltr'><strong>quod</strong></span> <span class='ocrx_word' id='word_1_214' title='bbox 3216 3067 3477 3129; x_wconf 88' lang='lat' dir='ltr'><strong>peccan-</strong></span> 
     </span>
    </p>
   </div>
   <div class='ocr_carea' id='block_1_11' title="bbox 369 3144 3475 3227">
    <p class='ocr_par' dir='ltr' id='par_1_11' title="bbox 369 3144 3475 3227">
     <span class='ocr_line' id='line_1_34' title="bbox 369 3144 3475 3227; baseline -0 -19"><span class='ocrx_word' id='word_1_215' title='bbox 369 3145 588 3221; x_wconf 89' lang='lat' dir='ltr'><strong>betur,</strong></span> <span class='ocrx_word' id='word_1_216' title='bbox 624 3144 955 3208; x_wconf 84' lang='lat' dir='ltr'><strong>inducitur</strong></span> <span class='ocrx_word' id='word_1_217' title='bbox 995 3165 1275 3227; x_wconf 85' lang='lat' dir='ltr'><strong>praesens</strong></span> <span class='ocrx_word' id='word_1_218' title='bbox 1309 3145 1682 3227; x_wconf 86' lang='lat' dir='ltr'><strong>capitulum,</strong></span> <span class='ocrx_word' id='word_1_219' title='bbox 1723 3147 1876 3209; x_wconf 86' lang='lat' dir='ltr'><strong>reci·</strong></span> <span class='ocrx_word' id='word_1_220' title='bbox 1913 3144 1956 3207; x_wconf 94' lang='lat' dir='ltr'>C</span> <span class='ocrx_word' id='word_1_221' title='bbox 1986 3144 2066 3206; x_wconf 93' lang='lat' dir='ltr'><strong>do</strong></span> <span class='ocrx_word' id='word_1_222' title='bbox 2098 3163 2213 3206; x_wconf 89' lang='lat' dir='ltr'><strong>nec</strong></span> <span class='ocrx_word' id='word_1_223' title='bbox 2246 3144 2368 3207; x_wconf 90' lang='lat' dir='ltr'><strong>sibi</strong></span> <span class='ocrx_word' id='word_1_224' title='bbox 2404 3164 2519 3207; x_wconf 89' lang='lat' dir='ltr'><strong>nec</strong></span> <span class='ocrx_word' id='word_1_225' title='bbox 2548 3146 2729 3209; x_wconf 88' lang='lat' dir='ltr'><strong>alteri</strong></span> <span class='ocrx_word' id='word_1_226' title='bbox 2772 3146 2989 3209; x_wconf 88' lang='lat' dir='ltr'><strong>intulit</strong></span> <span class='ocrx_word' id='word_1_227' title='bbox 3020 3155 3475 3211; x_wconf 84' lang='lat' dir='ltr'><strong>nocumentum</strong></span> 
     </span>
    </p>
   </div>
   <div class='ocr_carea' id='block_1_12' title="bbox 368 3244 1878 5391">
    <p class='ocr_par' dir='ltr' id='par_1_12' title="bbox 368 3244 1878 4391">
     <span class='ocr_line' id='line_1_35' title="bbox 371 3244 1877 3325; baseline 0.001 -20"><span class='ocrx_word' id='word_1_228' title='bbox 371 3252 517 3305; x_wconf 87' lang='lat' dir='ltr'><strong>tans</strong></span> <span class='ocrx_word' id='word_1_229' title='bbox 547 3245 873 3324; x_wconf 90' lang='lat' dir='ltr'><strong>quomodo</strong></span> <span class='ocrx_word' id='word_1_230' title='bbox 914 3244 1188 3325; x_wconf 85' lang='lat' dir='ltr'><strong>propriae</strong></span> <span class='ocrx_word' id='word_1_231' title='bbox 1226 3262 1514 3325; x_wconf 82' lang='lat' dir='ltr'><strong>personae</strong></span> <span class='ocrx_word' id='word_1_232' title='bbox 1559 3244 1877 3307; x_wconf 88' lang='lat' dir='ltr'><strong>tribulati-</strong></span> 
     </span>
     <span class='ocr_line' id='line_1_36' title="bbox 369 3342 1875 3425; baseline 0.001 -20"><span class='ocrx_word' id='word_1_233' title='bbox 369 3360 564 3405; x_wconf 84' lang='lat' dir='ltr'><strong>onem</strong></span> <span class='ocrx_word' id='word_1_234' title='bbox 587 3342 979 3405; x_wconf 87' lang='lat' dir='ltr'><strong>dirissimam</strong></span> <span class='ocrx_word' id='word_1_235' title='bbox 1003 3342 1222 3406; x_wconf 90' lang='lat' dir='ltr'><strong>tulerit</strong></span> <span class='ocrx_word' id='word_1_236' title='bbox 1253 3343 1586 3425; x_wconf 83' lang='lat' dir='ltr'><strong>patienter.</strong></span> <span class='ocrx_word' id='word_1_237' title='bbox 1607 3343 1784 3407; x_wconf 89' lang='lat' dir='ltr'><strong>Unde</strong></span> <span class='ocrx_word' id='word_1_238' title='bbox 1814 3353 1875 3407; x_wconf 80' lang='lat' dir='ltr'><strong>et</strong></span> 
     </span>
     <span class='ocr_line' id='line_1_37' title="bbox 369 3440 1875 3523; baseline 0.001 -21"><span class='ocrx_word' id='word_1_239' title='bbox 369 3440 572 3503; x_wconf 90' lang='lat' dir='ltr'><strong>Stoici</strong></span> <span class='ocrx_word' id='word_1_240' title='bbox 606 3440 998 3517; x_wconf 88' lang='lat' dir='ltr'><strong>asserebant,</strong></span> <span class='ocrx_word' id='word_1_241' title='bbox 1033 3443 1207 3522; x_wconf 89' lang='lat' dir='ltr'><strong>quod</strong></span> <span class='ocrx_word' id='word_1_242' title='bbox 1239 3442 1304 3503; x_wconf 91' lang='lat' dir='ltr'><strong>in</strong></span> <span class='ocrx_word' id='word_1_243' title='bbox 1345 3442 1698 3523; x_wconf 84' lang='lat' dir='ltr'><strong>sapientem</strong></span> <span class='ocrx_word' id='word_1_244' title='bbox 1750 3461 1875 3505; x_wconf 90' lang='lat' dir='ltr'><strong>non</strong></span> 
     </span>
     <span class='ocr_line' id='line_1_38' title="bbox 368 3538 1877 3622; baseline 0.001 -21"><span class='ocrx_word' id='word_1_245' title='bbox 368 3538 548 3601; x_wconf 85' lang='lat' dir='ltr'><strong>cadit</strong></span> <span class='ocrx_word' id='word_1_246' title='bbox 581 3538 978 3620; x_wconf 87' lang='lat' dir='ltr'><strong>perturbatio</strong></span> <span class='ocrx_word' id='word_1_247' title='bbox 1007 3540 1262 3618; x_wconf 80' lang='lat' dir='ltr'><strong>mentiS,</strong></span> <span class='ocrx_word' id='word_1_248' title='bbox 1290 3548 1361 3601; x_wconf 91' lang='lat' dir='ltr'><strong>ut</strong></span> <span class='ocrx_word' id='word_1_249' title='bbox 1392 3549 1650 3622; x_wconf 85' lang='lat' dir='ltr'><strong>propter</strong></span> <span class='ocrx_word' id='word_1_250' title='bbox 1677 3543 1877 3622; x_wconf 91' lang='lat' dir='ltr'><strong>quod-</strong></span> 
     </span>
     <span class='ocr_line' id='line_1_39' title="bbox 369 3637 1875 3719; baseline 0.002 -20"><span class='ocrx_word' id='word_1_251' title='bbox 369 3656 658 3719; x_wconf 89' lang='lat' dir='ltr'><strong>cumque</strong></span> <span class='ocrx_word' id='word_1_252' title='bbox 709 3637 1090 3719; x_wconf 88' lang='lat' dir='ltr'><strong>perturbans</strong></span> <span class='ocrx_word' id='word_1_253' title='bbox 1138 3637 1204 3700; x_wconf 92' lang='lat' dir='ltr'><strong>in</strong></span> <span class='ocrx_word' id='word_1_254' title='bbox 1245 3647 1478 3702; x_wconf 83' lang='lat' dir='ltr'><strong>eventu</strong></span> <span class='ocrx_word' id='word_1_255' title='bbox 1520 3659 1730 3702; x_wconf 86' lang='lat' dir='ltr'><strong>rerum</strong></span> <span class='ocrx_word' id='word_1_256' title='bbox 1775 3640 1875 3702; x_wconf 87' lang='lat' dir='ltr'><strong>vel</strong></span> 
     </span>
     <span class='ocr_line' id='line_1_40' title="bbox 371 3734 1872 3819; baseline 0.001 -22"><span class='ocrx_word' id='word_1_257' title='bbox 371 3734 666 3798; x_wconf 85' lang='lat' dir='ltr'><strong>filiorum</strong></span> <span class='ocrx_word' id='word_1_258' title='bbox 719 3743 829 3797; x_wconf 87' lang='lat' dir='ltr'><strong>aut</strong></span> <span class='ocrx_word' id='word_1_259' title='bbox 870 3736 1148 3817; x_wconf 67' lang='lat' dir='ltr'><strong>propriae</strong></span> <span class='ocrx_word' id='word_1_260' title='bbox 1191 3754 1498 3818; x_wconf 77' lang='lat' dir='ltr'><strong>personae,</strong></span> <span class='ocrx_word' id='word_1_261' title='bbox 1543 3737 1872 3819; x_wconf 85' lang='lat' dir='ltr'><strong>quidpiam</strong></span> 
     </span>
     <span class='ocr_line' id='line_1_41' title="bbox 370 3834 1877 3911; baseline 0.003 -16"><span class='ocrx_word' id='word_1_262' title='bbox 370 3834 684 3897; x_wconf 88' lang='lat' dir='ltr'><strong>indecens</strong></span> <span class='ocrx_word' id='word_1_263' title='bbox 725 3834 1089 3911; x_wconf 88' lang='lat' dir='ltr'><strong>meditetur,</strong></span> <span class='ocrx_word' id='word_1_264' title='bbox 1125 3834 1294 3898; x_wconf 89' lang='lat' dir='ltr'><strong>dicat</strong></span> <span class='ocrx_word' id='word_1_265' title='bbox 1329 3843 1438 3898; x_wconf 89' lang='lat' dir='ltr'><strong>aut</strong></span> <span class='ocrx_word' id='word_1_266' title='bbox 1470 3834 1683 3897; x_wconf 88' lang='lat' dir='ltr'><strong>faciat.</strong></span> <span class='ocrx_word' id='word_1_267' title='bbox 1718 3836 1877 3900; x_wconf 90' lang='lat' dir='ltr'><strong>Hinc</strong></span> 
     </span>
     <span class='ocr_line' id='line_1_42' title="bbox 368 3932 1878 4017; baseline -0.001 -21"><span class='ocrx_word' id='word_1_268' title='bbox 368 3932 588 3996; x_wconf 86' lang='lat' dir='ltr'><strong>decuit</strong></span> <span class='ocrx_word' id='word_1_269' title='bbox 609 3932 728 3995; x_wconf 87' lang='lat' dir='ltr'><strong>Job</strong></span> <span class='ocrx_word' id='word_1_270' title='bbox 751 3933 1008 4014; x_wconf 86' lang='lat' dir='ltr'><strong>probari</strong></span> <span class='ocrx_word' id='word_1_271' title='bbox 1031 3933 1098 3994; x_wconf 90' lang='lat' dir='ltr'><strong>in</strong></span> <span class='ocrx_word' id='word_1_272' title='bbox 1121 3933 1420 4015; x_wconf 89' lang='lat' dir='ltr'><strong>periculis</strong></span> <span class='ocrx_word' id='word_1_273' title='bbox 1449 3934 1722 4016; x_wconf 67' lang='lat' dir='ltr'><strong>propriae</strong></span> <span class='ocrx_word' id='word_1_274' title='bbox 1743 3954 1878 4017; x_wconf 90' lang='lat' dir='ltr'><strong>pcr-</strong></span> 
     </span>
     <span class='ocr_line' id='line_1_43' title="bbox 370 4031 1877 4113; baseline 0.001 -20"><span class='ocrx_word' id='word_1_275' title='bbox 370 4050 546 4095; x_wconf 80' lang='lat' dir='ltr'><strong>sonae</strong></span> <span class='ocrx_word' id='word_1_276' title='bbox 579 4050 842 4112; x_wconf 78' lang='lat' dir='ltr'><strong>suaeque</strong></span> <span class='ocrx_word' id='word_1_277' title='bbox 877 4031 1064 4095; x_wconf 77' lang='lat' dir='ltr'><strong>samae</strong></span> <span class='ocrx_word' id='word_1_278' title='bbox 1095 4041 1285 4113; x_wconf 87' lang='lat' dir='ltr'><strong>atque</strong></span> <span class='ocrx_word' id='word_1_279' title='bbox 1315 4033 1574 4095; x_wconf 90' lang='lat' dir='ltr'><strong>honoris</strong></span> <span class='ocrx_word' id='word_1_280' title='bbox 1597 4051 1609 4094; x_wconf 90' lang='lat'>:</span> <span class='ocrx_word' id='word_1_281' title='bbox 1636 4052 1783 4095; x_wconf 90' lang='lat' dir='ltr'><strong>nam</strong></span> <span class='ocrx_word' id='word_1_282' title='bbox 1815 4041 1877 4097; x_wconf 92' lang='lat' dir='ltr'><strong>ct</strong></span> 
     </span>
     <span class='ocr_line' id='line_1_44' title="bbox 371 4130 1876 4214; baseline 0.002 -22"><span class='ocrx_word' id='word_1_283' title='bbox 371 4130 546 4193; x_wconf 85' lang='lat' dir='ltr'><strong>fama</strong></span> <span class='ocrx_word' id='word_1_284' title='bbox 577 4131 1011 4211; x_wconf 82' lang='lat' dir='ltr'><strong>praeponenda</strong></span> <span class='ocrx_word' id='word_1_285' title='bbox 1039 4138 1136 4193; x_wconf 90' lang='lat' dir='ltr'><strong>est</strong></span> <span class='ocrx_word' id='word_1_286' title='bbox 1165 4131 1417 4213; x_wconf 82' lang='lat' dir='ltr'><strong>opibuS,</strong></span> <span class='ocrx_word' id='word_1_287' title='bbox 1452 4130 1876 4214; x_wconf 84' lang='lat' dir='ltr'><strong>diffamiaque</strong></span> 
     </span>
     <span class='ocr_line' id='line_1_45' title="bbox 371 4228 1877 4309; baseline 0.001 -18"><span class='ocrx_word' id='word_1_288' title='bbox 371 4230 660 4305; x_wconf 79' lang='lat' dir='ltr'><strong>vitanda,</strong></span> <span class='ocrx_word' id='word_1_289' title='bbox 706 4228 774 4289; x_wconf 93' lang='lat' dir='ltr'><strong>in</strong></span> <span class='ocrx_word' id='word_1_290' title='bbox 814 4236 1124 4309; x_wconf 88' lang='lat' dir='ltr'><strong>quantum</strong></span> <span class='ocrx_word' id='word_1_291' title='bbox 1167 4237 1262 4291; x_wconf 90' lang='lat' dir='ltr'><strong>est</strong></span> <span class='ocrx_word' id='word_1_292' title='bbox 1299 4228 1571 4291; x_wconf 86' lang='lat' dir='ltr'><strong>aliorum</strong></span> <span class='ocrx_word' id='word_1_293' title='bbox 1617 4232 1877 4293; x_wconf 90' lang='lat' dir='ltr'><strong>scanda-</strong></span> 
     </span>
     <span class='ocr_line' id='line_1_46' title="bbox 371 4326 1395 4391; baseline 0 -2"><span class='ocrx_word' id='word_1_294' title='bbox 371 4328 634 4391; x_wconf 87' lang='lat' dir='ltr'><strong>lizativa</strong></span> <span class='ocrx_word' id='word_1_295' title='bbox 673 4334 736 4390; x_wconf 88' lang='lat' dir='ltr'><strong>et</strong></span> <span class='ocrx_word' id='word_1_296' title='bbox 773 4326 883 4390; x_wconf 89' lang='lat' dir='ltr'><strong>Dei</strong></span> <span class='ocrx_word' id='word_1_297' title='bbox 926 4326 1395 4389; x_wconf 82' lang='lat' dir='ltr'><strong>inhonorativa.</strong></span> 
     </span>
    </p>

    <p class='ocr_par' dir='ltr' id='par_1_13' title="bbox 369 4428 1877 5391">
     <span class='ocr_line' id='line_1_47' title="bbox 453 4428 1877 4504; baseline -0.001 -15"><span class='ocrx_word' id='word_1_298' title='bbox 453 4430 732 4489; x_wconf 80' lang='lat' dir='ltr'><strong>Factum</strong></span> <span class='ocrx_word' id='word_1_299' title='bbox 761 4436 851 4487; x_wconf 82' lang='lat' dir='ltr'><strong>est</strong></span> <span class='ocrx_word' id='word_1_300' title='bbox 878 4435 1096 4486; x_wconf 83' lang='lat' dir='ltr'><strong>autem</strong></span> <span class='ocrx_word' id='word_1_301' title='bbox 1115 4446 1318 4504; x_wconf 81' lang='lat' dir='ltr'><strong>quum</strong></span> <span class='ocrx_word' id='word_1_302' title='bbox 1337 4429 1623 4504; x_wconf 82' lang='lat' dir='ltr'><strong>quadam</strong></span> <span class='ocrx_word' id='word_1_303' title='bbox 1649 4428 1757 4487; x_wconf 83' lang='lat' dir='ltr'><strong>dic</strong></span> <span class='ocrx_word' id='word_1_304' title='bbox 1777 4449 1877 4488; x_wconf 86' lang='lat' dir='ltr'><strong>ve-</strong></span> 
     </span>
     <span class='ocr_line' id='line_1_48' title="bbox 369 4526 1870 4600; baseline 0.001 -15"><span class='ocrx_word' id='word_1_305' title='bbox 369 4527 619 4585; x_wconf 78' lang='lat' dir='ltr'><strong>nissent</strong></span> <span class='ocrx_word' id='word_1_306' title='bbox 649 4526 788 4600; x_wconf 75' lang='lat' dir='ltr'><strong>filii</strong></span> <span class='ocrx_word' id='word_1_307' title='bbox 814 4526 959 4593; x_wconf 86' lang='lat' dir='ltr'><strong>Dei,</strong></span> <span class='ocrx_word' id='word_1_308' title='bbox 977 4534 1038 4584; x_wconf 76' lang='lat' dir='ltr'><strong>et</strong></span> <span class='ocrx_word' id='word_1_309' title='bbox 1065 4533 1312 4584; x_wconf 75' lang='lat' dir='ltr'><strong>starent</strong></span> <span class='ocrx_word' id='word_1_310' title='bbox 1340 4544 1554 4584; x_wconf 84' lang='lat' dir='ltr'><strong>coram</strong></span> <span class='ocrx_word' id='word_1_311' title='bbox 1573 4528 1870 4599; x_wconf 83' lang='lat' dir='ltr'><strong>Domine,</strong></span> 
     </span>
     <span class='ocr_line' id='line_1_49' title="bbox 371 4624 1874 4700; baseline 0.002 -20"><span class='ocrx_word' id='word_1_312' title='bbox 371 4624 776 4700; x_wconf 76' lang='lat' dir='ltr'><strong>venissetque</strong></span> <span class='ocrx_word' id='word_1_313' title='bbox 811 4624 1024 4682; x_wconf 77' lang='lat' dir='ltr'><strong>Satan</strong></span> <span class='ocrx_word' id='word_1_314' title='bbox 1073 4624 1247 4682; x_wconf 80' lang='lat' dir='ltr'><strong>inter</strong></span> <span class='ocrx_word' id='word_1_315' title='bbox 1291 4642 1413 4693; x_wconf 78' lang='grc' dir='ltr'><strong><em>εοε,</em></strong></span> <span class='ocrx_word' id='word_1_316' title='bbox 1455 4631 1514 4681; x_wconf 79' lang='lat' dir='ltr'><strong>ec</strong></span> <span class='ocrx_word' id='word_1_317' title='bbox 1559 4632 1755 4683; x_wconf 78' lang='lat' dir='ltr'><strong>staret</strong></span> <span class='ocrx_word' id='word_1_318' title='bbox 1803 4625 1874 4683; x_wconf 84' lang='lat' dir='ltr'><strong>in</strong></span> 
     </span>
     <span class='ocr_line' id='line_1_50' title="bbox 372 4720 1876 4797; baseline 0.001 -20"><span class='ocrx_word' id='word_1_319' title='bbox 372 4729 712 4797; x_wconf 75' lang='lat' dir='ltr'><strong>conspectu</strong></span> <span class='ocrx_word' id='word_1_320' title='bbox 742 4720 904 4795; x_wconf 80' lang='lat' dir='ltr'><strong>ejus,</strong></span> <span class='ocrx_word' id='word_1_321' title='bbox 929 4729 1002 4779; x_wconf 73' lang='lat' dir='ltr'><strong>ut</strong></span> <span class='ocrx_word' id='word_1_322' title='bbox 1029 4722 1270 4780; x_wconf 79' lang='lat' dir='ltr'><strong>diceret</strong></span> <span class='ocrx_word' id='word_1_323' title='bbox 1300 4720 1622 4780; x_wconf 85' lang='lat' dir='ltr'><strong>Dominus</strong></span> <span class='ocrx_word' id='word_1_324' title='bbox 1651 4724 1739 4780; x_wconf 85' lang='lat' dir='ltr'><strong>ad</strong></span> <span class='ocrx_word' id='word_1_325' title='bbox 1762 4723 1876 4782; x_wconf 87' lang='lat' dir='ltr'><strong>Sa-</strong></span> 
     </span>
     <span class='ocr_line' id='line_1_51' title="bbox 377 4816 1875 4899; baseline 0.003 -24"><span class='ocrx_word' id='word_1_326' title='bbox 377 4826 508 4879; x_wconf 81' lang='lat' dir='ltr'><strong>tan.</strong></span> <span class='ocrx_word' id='word_1_327' title='bbox 531 4816 745 4880; x_wconf 86' lang='lat' dir='ltr'><strong>Verba</strong></span> <span class='ocrx_word' id='word_1_328' title='bbox 775 4817 910 4879; x_wconf 72' lang='lat' dir='ltr'><strong>haec</strong></span> <span class='ocrx_word' id='word_1_329' title='bbox 932 4817 1315 4898; x_wconf 83' lang='lat' dir='ltr'><strong>praecedenti</strong></span> <span class='ocrx_word' id='word_1_330' title='bbox 1337 4816 1616 4898; x_wconf 86' lang='lat' dir='ltr'><strong>capitulo</strong></span> <span class='ocrx_word' id='word_1_331' title='bbox 1639 4817 1875 4899; x_wconf 88' lang='lat' dir='ltr'><strong>scripta</strong></span> 
     </span>
     <span class='ocr_line' id='line_1_52' title="bbox 374 4914 1872 4997; baseline 0.001 -22"><span class='ocrx_word' id='word_1_332' title='bbox 374 4923 544 4991; x_wconf 88' lang='lat' dir='ltr'><strong>sunt,</strong></span> <span class='ocrx_word' id='word_1_333' title='bbox 582 4914 922 4996; x_wconf 89' lang='lat' dir='ltr'><strong>tribusque</strong></span> <span class='ocrx_word' id='word_1_334' title='bbox 959 4914 1372 4997; x_wconf 84' lang='lat' dir='ltr'><strong>praeinductis</strong></span> <span class='ocrx_word' id='word_1_335' title='bbox 1416 4915 1702 4978; x_wconf 88' lang='lat' dir='ltr'><strong>articulis</strong></span> <span class='ocrx_word' id='word_1_336' title='bbox 1744 4916 1872 4978; x_wconf 84' lang='lat' dir='ltr'><strong>dif-</strong></span> 
     </span>
     <span class='ocr_line' id='line_1_53' title="bbox 377 5012 1874 5095; baseline 0.001 -21"><span class='ocrx_word' id='word_1_337' title='bbox 377 5012 516 5076; x_wconf 77' lang='lat' dir='ltr'><strong>fuse</strong></span> <span class='ocrx_word' id='word_1_338' title='bbox 547 5012 879 5094; x_wconf 81' lang='lat' dir='ltr'><strong>exposita3</strong></span> <span class='ocrx_word' id='word_1_339' title='bbox 927 5032 1044 5075; x_wconf 91' lang='lat' dir='ltr'><strong>nec</strong></span> <span class='ocrx_word' id='word_1_340' title='bbox 1077 5012 1373 5076; x_wconf 82' lang='lat' dir='ltr'><strong>facilibus</strong></span> <span class='ocrx_word' id='word_1_341' title='bbox 1405 5022 1466 5075; x_wconf 87' lang='lat' dir='ltr'><strong>et</strong></span> <span class='ocrx_word' id='word_1_342' title='bbox 1497 5014 1874 5095; x_wconf 80' lang='lat' dir='ltr'><strong>praeexposi-</strong></span> 
     </span>
     <span class='ocr_line' id='line_1_54' title="bbox 375 5110 1874 5174; baseline 0.002 -3"><span class='ocrx_word' id='word_1_343' title='bbox 375 5111 456 5173; x_wconf 88' lang='lat' dir='ltr'><strong>tis</strong></span> <span class='ocrx_word' id='word_1_344' title='bbox 482 5111 761 5173; x_wconf 89' lang='lat' dir='ltr'><strong>arbitror</strong></span> <span class='ocrx_word' id='word_1_345' title='bbox 784 5110 1274 5174; x_wconf 88' lang='lat' dir='ltr'><strong>immorandum.</strong></span> <span class='ocrx_word' id='word_1_346' title='bbox 1311 5114 1490 5173; x_wconf 81' lang='lat' dir='ltr'><strong>Unde</strong></span> <span class='ocrx_word' id='word_1_347' title='bbox 1519 5114 1741 5172; x_wconf 80' lang='lat' dir='ltr'><strong>venis?</strong></span> <span class='ocrx_word' id='word_1_348' title='bbox 1759 5111 1874 5174; x_wconf 84' lang='lat' dir='ltr'><strong>Per</strong></span> 
     </span>
     <span class='ocr_line' id='line_1_55' title="bbox 373 5209 1874 5290; baseline 0.001 -19"><span class='ocrx_word' id='word_1_349' title='bbox 373 5210 492 5273; x_wconf 89' lang='lat' dir='ltr'><strong>hoc</strong></span> <span class='ocrx_word' id='word_1_350' title='bbox 521 5210 698 5290; x_wconf 91' lang='lat' dir='ltr'><strong>quod</strong></span> <span class='ocrx_word' id='word_1_351' title='bbox 729 5209 1038 5271; x_wconf 90' lang='lat' dir='ltr'><strong>Dominus</strong></span> <span class='ocrx_word' id='word_1_352' title='bbox 1065 5210 1155 5271; x_wconf 88' lang='lat' dir='ltr'><strong>ait</strong></span> <span class='ocrx_word' id='word_1_353' title='bbox 1188 5229 1356 5272; x_wconf 90' lang='lat' dir='ltr'><strong>nunc</strong></span> <span class='ocrx_word' id='word_1_354' title='bbox 1396 5210 1472 5271; x_wconf 92' lang='lat' dir='ltr'><strong>ad</strong></span> <span class='ocrx_word' id='word_1_355' title='bbox 1506 5210 1716 5287; x_wconf 89' lang='lat' dir='ltr'><strong>Satan,</strong></span> <span class='ocrx_word' id='word_1_356' title='bbox 1751 5212 1874 5273; x_wconf 90' lang='lat' dir='ltr'><strong>Un-</strong></span> 
     </span>
     <span class='ocr_line' id='line_1_56' title="bbox 373 5305 1874 5391; baseline 0 -21"><span class='ocrx_word' id='word_1_357' title='bbox 373 5307 450 5370; x_wconf 89' lang='lat' dir='ltr'><strong>de</strong></span> <span class='ocrx_word' id='word_1_358' title='bbox 498 5305 728 5371; x_wconf 70' lang='lat' dir='ltr'><strong>venis3</strong></span> <span class='ocrx_word' id='word_1_359' title='bbox 769 5306 1084 5387; x_wconf 85' lang='lat' dir='ltr'><strong>implicite</strong></span> <span class='ocrx_word' id='word_1_360' title='bbox 1122 5306 1484 5389; x_wconf 88' lang='lat' dir='ltr'><strong>superbiam</strong></span> <span class='ocrx_word' id='word_1_361' title='bbox 1535 5308 1674 5389; x_wconf 84' lang='lat' dir='ltr'><strong>ejus</strong></span> <span class='ocrx_word' id='word_1_362' title='bbox 1715 5326 1874 5391; x_wconf 86' lang='lat' dir='ltr'><strong>prae—</strong></span> 
     </span>
    </p>
   </div>
   <div class='ocr_carea' id='block_1_13' title="bbox 1986 3241 3477 4290">
    <p class='ocr_par' dir='ltr' id='par_1_14' title="bbox 1986 3241 3477 4290">
     <span class='ocr_line' id='line_1_57' title="bbox 1986 3241 3477 3326; baseline 0.003 -24"><span class='ocrx_word' id='word_1_363' title='bbox 1986 3242 2122 3304; x_wconf 86' lang='lat' dir='ltr'><strong>sive</strong></span> <span class='ocrx_word' id='word_1_364' title='bbox 2170 3241 2495 3323; x_wconf 88' lang='lat' dir='ltr'><strong>injuriam,</strong></span> <span class='ocrx_word' id='word_1_365' title='bbox 2530 3244 2719 3305; x_wconf 88' lang='lat' dir='ltr'><strong>etiam</strong></span> <span class='ocrx_word' id='word_1_366' title='bbox 2763 3244 2929 3307; x_wconf 90' lang='lat' dir='ltr'><strong>inter</strong></span> <span class='ocrx_word' id='word_1_367' title='bbox 2967 3253 3060 3308; x_wconf 86' lang='lat' dir='ltr'><strong>tot</strong></span> <span class='ocrx_word' id='word_1_368' title='bbox 3100 3244 3379 3326; x_wconf 84' lang='lat' dir='ltr'><strong>flagella,</strong></span> <span class='ocrx_word' id='word_1_369' title='bbox 3414 3252 3477 3307; x_wconf 91' lang='lat' dir='ltr'><strong>et</strong></span> 
     </span>
     <span class='ocr_line' id='line_1_58' title="bbox 1988 3340 3473 3424; baseline 0.003 -24"><span class='ocrx_word' id='word_1_370' title='bbox 1988 3348 2130 3421; x_wconf 88' lang='lat' dir='ltr'><strong>post</strong></span> <span class='ocrx_word' id='word_1_371' title='bbox 2166 3348 2399 3401; x_wconf 84' lang='lat' dir='ltr'><strong>tantam</strong></span> <span class='ocrx_word' id='word_1_372' title='bbox 2446 3340 2943 3404; x_wconf 87' lang='lat' dir='ltr'><strong>tribulationem.</strong></span> <span class='ocrx_word' id='word_1_373' title='bbox 2978 3344 3131 3405; x_wconf 89' lang='lat' dir='ltr'><strong>Nam</strong></span> <span class='ocrx_word' id='word_1_374' title='bbox 3174 3352 3237 3405; x_wconf 90' lang='lat' dir='ltr'><strong>et</strong></span> <span class='ocrx_word' id='word_1_375' title='bbox 3275 3343 3473 3424; x_wconf 85' lang='lat' dir='ltr'><strong>aliqui</strong></span> 
     </span>
     <span class='ocr_line' id='line_1_59' title="bbox 1986 3438 3477 3522; baseline 0.003 -23"><span class='ocrx_word' id='word_1_376' title='bbox 1986 3438 2271 3513; x_wconf 91' lang='lat' dir='ltr'><strong>adversa,</strong></span> <span class='ocrx_word' id='word_1_377' title='bbox 2306 3440 2455 3501; x_wconf 91' lang='lat' dir='ltr'><strong>dum</strong></span> <span class='ocrx_word' id='word_1_378' title='bbox 2490 3438 2876 3517; x_wconf 80' lang='lat' dir='ltr'><strong>inferuntur,</strong></span> <span class='ocrx_word' id='word_1_379' title='bbox 2912 3441 3354 3522; x_wconf 63' lang='lat' dir='ltr'><strong>aequanimiter</strong></span> <span class='ocrx_word' id='word_1_380' title='bbox 3387 3450 3477 3504; x_wconf 89' lang='lat' dir='ltr'><strong>to-</strong></span> 
     </span>
     <span class='ocr_line' id='line_1_60' title="bbox 1989 3536 3477 3615; baseline 0.004 -18"><span class='ocrx_word' id='word_1_381' title='bbox 1989 3536 2231 3611; x_wconf 83' lang='lat' dir='ltr'><strong>lerant3</strong></span> <span class='ocrx_word' id='word_1_382' title='bbox 2280 3537 2390 3598; x_wconf 92' lang='lat' dir='ltr'><strong>sed</strong></span> <span class='ocrx_word' id='word_1_383' title='bbox 2419 3536 2511 3599; x_wconf 80' lang='lat' dir='ltr'><strong>eis</strong></span> <span class='ocrx_word' id='word_1_384' title='bbox 2546 3536 2773 3615; x_wconf 85' lang='lat' dir='ltr'><strong>sinitiS,</strong></span> <span class='ocrx_word' id='word_1_385' title='bbox 2809 3558 2884 3601; x_wconf 84' lang='lat' dir='ltr'><strong>ex</strong></span> <span class='ocrx_word' id='word_1_386' title='bbox 2930 3539 3063 3601; x_wconf 91' lang='lat' dir='ltr'><strong>sola</strong></span> <span class='ocrx_word' id='word_1_387' title='bbox 3111 3559 3331 3603; x_wconf 92' lang='lat' dir='ltr'><strong>eorum</strong></span> <span class='ocrx_word' id='word_1_388' title='bbox 3382 3560 3477 3603; x_wconf 87' lang='lat' dir='ltr'><strong>re-</strong></span> 
     </span>
     <span class='ocr_line' id='line_1_61' title="bbox 1987 3634 3475 3718; baseline 0.001 -20"><span class='ocrx_word' id='word_1_389' title='bbox 1987 3634 2353 3698; x_wconf 88' lang='lat' dir='ltr'><strong>cordatione</strong></span> <span class='ocrx_word' id='word_1_390' title='bbox 2373 3636 2450 3696; x_wconf 92' lang='lat' dir='ltr'><strong>ad</strong></span> <span class='ocrx_word' id='word_1_391' title='bbox 2475 3635 2934 3718; x_wconf 89' lang='lat' dir='ltr'><strong>impatientiam</strong></span> <span class='ocrx_word' id='word_1_392' title='bbox 2958 3636 3475 3701; x_wconf 82' lang='lat' dir='ltr'><strong>inflammantur:</strong></span> 
     </span>
     <span class='ocr_line' id='line_1_62' title="bbox 1987 3733 3475 3814; baseline 0.003 -20"><span class='ocrx_word' id='word_1_393' title='bbox 1987 3733 2159 3814; x_wconf 92' lang='lat' dir='ltr'><strong>quod</strong></span> <span class='ocrx_word' id='word_1_394' title='bbox 2188 3752 2263 3794; x_wconf 86' lang='lat' dir='ltr'><strong>ex</strong></span> <span class='ocrx_word' id='word_1_395' title='bbox 2294 3733 2594 3814; x_wconf 87' lang='lat' dir='ltr'><strong>superbia</strong></span> <span class='ocrx_word' id='word_1_396' title='bbox 2625 3734 2785 3797; x_wconf 86' lang='lat' dir='ltr'><strong>solet</strong></span> <span class='ocrx_word' id='word_1_397' title='bbox 2826 3735 3132 3799; x_wconf 88' lang='lat' dir='ltr'><strong>accidere.</strong></span> <span class='ocrx_word' id='word_1_398' title='bbox 3170 3735 3337 3797; x_wconf 88' lang='lat' dir='ltr'><strong>Talis</strong></span> <span class='ocrx_word' id='word_1_399' title='bbox 3367 3756 3475 3799; x_wconf 92' lang='lat' dir='ltr'><strong>au-</strong></span> 
     </span>
     <span class='ocr_line' id='line_1_63' title="bbox 1989 3830 3472 3915; baseline 0.001 -22"><span class='ocrx_word' id='word_1_400' title='bbox 1989 3840 2111 3894; x_wconf 90' lang='lat' dir='ltr'><strong>tcm</strong></span> <span class='ocrx_word' id='word_1_401' title='bbox 2147 3849 2274 3894; x_wconf 89' lang='lat' dir='ltr'><strong>non</strong></span> <span class='ocrx_word' id='word_1_402' title='bbox 2300 3830 2422 3893; x_wconf 88' lang='lat' dir='ltr'><strong>fuit</strong></span> <span class='ocrx_word' id='word_1_403' title='bbox 2441 3831 2579 3894; x_wconf 86' lang='lat' dir='ltr'><strong>Joh.</strong></span> <span class='ocrx_word' id='word_1_404' title='bbox 2603 3832 2779 3895; x_wconf 91' lang='lat' dir='ltr'><strong>Unde</strong></span> <span class='ocrx_word' id='word_1_405' title='bbox 2802 3852 2971 3896; x_wconf 91' lang='lat' dir='ltr'><strong>nunc</strong></span> <span class='ocrx_word' id='word_1_406' title='bbox 2992 3833 3159 3896; x_wconf 89' lang='lat' dir='ltr'><strong>ultra</strong></span> <span class='ocrx_word' id='word_1_407' title='bbox 3178 3832 3472 3915; x_wconf 78' lang='lat' dir='ltr'><strong>praefatas</strong></span> 
     </span>
     <span class='ocr_line' id='line_1_64' title="bbox 1987 3931 3475 4013; baseline 0 -20"><span class='ocrx_word' id='word_1_408' title='bbox 1987 3931 2124 4011; x_wconf 87' lang='lat' dir='ltr'><strong>ejus</strong></span> <span class='ocrx_word' id='word_1_409' title='bbox 2176 3932 2441 3993; x_wconf 88' lang='lat' dir='ltr'><strong>virtutes</strong></span> <span class='ocrx_word' id='word_1_410' title='bbox 2492 3931 2570 3993; x_wconf 91' lang='lat' dir='ltr'><strong>de</strong></span> <span class='ocrx_word' id='word_1_411' title='bbox 2621 3931 2985 3995; x_wconf 88' lang='lat' dir='ltr'><strong>innocentia</strong></span> <span class='ocrx_word' id='word_1_412' title='bbox 3034 3950 3289 4013; x_wconf 90' lang='lat' dir='ltr'><strong>quoque</strong></span> <span class='ocrx_word' id='word_1_413' title='bbox 3330 3951 3475 3995; x_wconf 88' lang='lat' dir='ltr'><strong>con-</strong></span> 
     </span>
     <span class='ocr_line' id='line_1_65' title="bbox 1987 4029 3475 4112; baseline 0.001 -21"><span class='ocrx_word' id='word_1_414' title='bbox 1987 4029 2179 4091; x_wconf 86' lang='lat' dir='ltr'><strong>stanti</strong></span> <span class='ocrx_word' id='word_1_415' title='bbox 2220 4030 2720 4106; x_wconf 89' lang='lat' dir='ltr'><strong>commendatur,</strong></span> <span class='ocrx_word' id='word_1_416' title='bbox 2753 4049 2945 4112; x_wconf 88' lang='lat' dir='ltr'><strong>quam</strong></span> <span class='ocrx_word' id='word_1_417' title='bbox 2982 4030 3207 4110; x_wconf 92' lang='lat' dir='ltr'><strong>utique</strong></span> <span class='ocrx_word' id='word_1_418' title='bbox 3237 4030 3301 4093; x_wconf 89' lang='lat' dir='ltr'><strong>in</strong></span> <span class='ocrx_word' id='word_1_419' title='bbox 3332 4049 3475 4112; x_wconf 91' lang='lat' dir='ltr'><strong>pro-</strong></span> 
     </span>
     <span class='ocr_line' id='line_1_66' title="bbox 1986 4127 3475 4210; baseline 0.001 -20"><span class='ocrx_word' id='word_1_420' title='bbox 1986 4128 2191 4210; x_wconf 89' lang='lat' dir='ltr'><strong>speris</strong></span> <span class='ocrx_word' id='word_1_421' title='bbox 2230 4127 2507 4209; x_wconf 82' lang='lat' dir='ltr'><strong>gloriose</strong></span> <span class='ocrx_word' id='word_1_422' title='bbox 2556 4129 2851 4205; x_wconf 83' lang='lat' dir='ltr'><strong>servavit,</strong></span> <span class='ocrx_word' id='word_1_423' title='bbox 2883 4129 3225 4210; x_wconf 87' lang='lat' dir='ltr'><strong>gloriosius</strong></span> <span class='ocrx_word' id='word_1_424' title='bbox 3264 4136 3475 4191; x_wconf 84' lang='lat' dir='ltr'><strong>autem</strong></span> 
     </span>
     <span class='ocr_line' id='line_1_67' title="bbox 1987 4226 2392 4290; baseline -0.005 -2"><span class='ocrx_word' id='word_1_425' title='bbox 1987 4226 2052 4288; x_wconf 87' lang='lat' dir='ltr'><strong>in</strong></span> <span class='ocrx_word' id='word_1_426' title='bbox 2085 4226 2392 4290; x_wconf 79' lang='lat' dir='ltr'><strong>adversis,</strong></span> 
     </span>
    </p>
   </div>
   <div class='ocr_carea' id='block_1_14' title="bbox 1908 4328 3472 4389">
    <p class='ocr_par' dir='ltr' id='par_1_15' title="bbox 1908 4328 3472 4389">
     <span class='ocr_line' id='line_1_68' title="bbox 1908 4328 3472 4389; baseline -0.001 0"><span class='ocrx_word' id='word_1_427' title='bbox 1908 4328 1957 4389; x_wconf 91' lang='lat' dir='ltr'><strong>D</strong></span> <span class='ocrx_word' id='word_1_428' title='bbox 2073 4329 2168 4386; x_wconf 86' lang='lat' dir='ltr'><strong>Tu</strong></span> <span class='ocrx_word' id='word_1_429' title='bbox 2196 4336 2411 4387; x_wconf 76' lang='lat' dir='ltr'><strong>autem</strong></span> <span class='ocrx_word' id='word_1_430' title='bbox 2439 4328 2837 4387; x_wconf 75' lang='lat' dir='ltr'><strong>commovisti</strong></span> <span class='ocrx_word' id='word_1_431' title='bbox 2858 4348 2954 4388; x_wconf 82' lang='lat' dir='ltr'><strong>me</strong></span> <span class='ocrx_word' id='word_1_432' title='bbox 2974 4330 3281 4387; x_wconf 81' lang='lat' dir='ltr'><strong>adversus</strong></span> <span class='ocrx_word' id='word_1_433' title='bbox 3306 4348 3472 4388; x_wconf 82' lang='lat' dir='ltr'><strong>eum.</strong></span> 
     </span>
    </p>
   </div>
   <div class='ocr_carea' id='block_1_15' title="bbox 1982 4422 3553 5389">
    <p class='ocr_par' dir='ltr' id='par_1_16' title="bbox 1982 4422 3553 5389">
     <span class='ocr_line' id='line_1_69' title="bbox 1986 4422 3553 4501; baseline 0.002 -18"><span class='ocrx_word' id='word_1_434' title='bbox 1986 4423 2279 4486; x_wconf 80' lang='lat' dir='ltr'><strong>AEternus</strong></span> <span class='ocrx_word' id='word_1_435' title='bbox 2325 4433 2388 4485; x_wconf 90' lang='lat' dir='ltr'><strong>et</strong></span> <span class='ocrx_word' id='word_1_436' title='bbox 2428 4422 2827 4487; x_wconf 85' lang='lat' dir='ltr'><strong>invariabilis</strong></span> <span class='ocrx_word' id='word_1_437' title='bbox 2870 4426 3051 4501; x_wconf 89' lang='lat' dir='ltr'><strong>Deus,</strong></span> <span class='ocrx_word' id='word_1_438' title='bbox 3094 4425 3478 4489; x_wconf 84' lang='lat' dir='ltr'><strong>aeternaliter</strong></span> <span class='ocrx_word' id='word_1_439' title='bbox 3546 4467 3553 4475; x_wconf 92' lang='lat'><em>-</em></span> 
     </span>
     <span class='ocr_line' id='line_1_70' title="bbox 1988 4521 3478 4604; baseline 0.001 -21"><span class='ocrx_word' id='word_1_440' title='bbox 1988 4540 2114 4583; x_wconf 92' lang='lat' dir='ltr'><strong>uno</strong></span> <span class='ocrx_word' id='word_1_441' title='bbox 2145 4522 2333 4583; x_wconf 90' lang='lat' dir='ltr'><strong>modo</strong></span> <span class='ocrx_word' id='word_1_442' title='bbox 2363 4542 2431 4583; x_wconf 91' lang='lat' dir='ltr'><strong>se</strong></span> <span class='ocrx_word' id='word_1_443' title='bbox 2462 4521 2727 4599; x_wconf 82' lang='lat' dir='ltr'><strong>habens,</strong></span> <span class='ocrx_word' id='word_1_444' title='bbox 2750 4522 2816 4584; x_wconf 90' lang='lat' dir='ltr'><strong>in</strong></span> <span class='ocrx_word' id='word_1_445' title='bbox 2837 4542 2965 4604; x_wconf 93' lang='lat' dir='ltr'><strong>quo</strong></span> <span class='ocrx_word' id='word_1_446' title='bbox 2996 4523 3163 4586; x_wconf 91' lang='lat' dir='ltr'><strong>idem</strong></span> <span class='ocrx_word' id='word_1_447' title='bbox 3188 4532 3359 4599; x_wconf 89' lang='lat' dir='ltr'><strong>sunt,</strong></span> <span class='ocrx_word' id='word_1_448' title='bbox 3382 4543 3478 4587; x_wconf 91' lang='lat' dir='ltr'><strong>es-</strong></span> 
     </span>
     <span class='ocr_line' id='line_1_71' title="bbox 1985 4621 3471 4703; baseline 0.001 -22"><span class='ocrx_word' id='word_1_449' title='bbox 1985 4639 2073 4696; x_wconf 89' lang='lat' dir='ltr'><strong>se,</strong></span> <span class='ocrx_word' id='word_1_450' title='bbox 2109 4639 2295 4701; x_wconf 89' lang='lat' dir='ltr'><strong>posse</strong></span> <span class='ocrx_word' id='word_1_451' title='bbox 2327 4628 2389 4682; x_wconf 90' lang='lat' dir='ltr'><strong>et</strong></span> <span class='ocrx_word' id='word_1_452' title='bbox 2434 4639 2642 4701; x_wconf 81' lang='lat' dir='ltr'><strong>agere,</strong></span> <span class='ocrx_word' id='word_1_453' title='bbox 2678 4640 2789 4683; x_wconf 90' lang='lat' dir='ltr'><strong>seu</strong></span> <span class='ocrx_word' id='word_1_454' title='bbox 2834 4621 3130 4698; x_wconf 89' lang='lat' dir='ltr'><strong>essentia,</strong></span> <span class='ocrx_word' id='word_1_455' title='bbox 3164 4622 3471 4703; x_wconf 89' lang='lat' dir='ltr'><strong>potentia,</strong></span> 
     </span>
     <span class='ocr_line' id='line_1_72' title="bbox 1985 4717 3475 4801; baseline 0.002 -22"><span class='ocrx_word' id='word_1_456' title='bbox 1985 4718 2171 4794; x_wconf 86' lang='lat' dir='ltr'><strong>actio,</strong></span> <span class='ocrx_word' id='word_1_457' title='bbox 2210 4717 2371 4780; x_wconf 87' lang='lat' dir='ltr'><strong>nihil</strong></span> <span class='ocrx_word' id='word_1_458' title='bbox 2404 4719 2482 4780; x_wconf 90' lang='lat' dir='ltr'><strong>de</strong></span> <span class='ocrx_word' id='word_1_459' title='bbox 2513 4737 2679 4781; x_wconf 86' lang='lat' dir='ltr'><strong>novo</strong></span> <span class='ocrx_word' id='word_1_460' title='bbox 2708 4719 2987 4801; x_wconf 88' lang='lat' dir='ltr'><strong>concipit</strong></span> <span class='ocrx_word' id='word_1_461' title='bbox 3024 4728 3135 4782; x_wconf 88' lang='lat' dir='ltr'><strong>aut</strong></span> <span class='ocrx_word' id='word_1_462' title='bbox 3163 4721 3321 4797; x_wconf 83' lang='lat' dir='ltr'><strong>vult,</strong></span> <span class='ocrx_word' id='word_1_463' title='bbox 3358 4740 3475 4782; x_wconf 91' lang='lat' dir='ltr'><strong>nec</strong></span> 
     </span>
     <span class='ocr_line' id='line_1_73' title="bbox 1985 4816 3477 4899; baseline 0.002 -20"><span class='ocrx_word' id='word_1_464' title='bbox 1985 4836 2098 4897; x_wconf 91' lang='lat' dir='ltr'><strong>per</strong></span> <span class='ocrx_word' id='word_1_465' title='bbox 2127 4836 2518 4898; x_wconf 89' lang='lat' dir='ltr'><strong>quemquam</strong></span> <span class='ocrx_word' id='word_1_466' title='bbox 2548 4818 2626 4879; x_wconf 90' lang='lat' dir='ltr'><strong>ad</strong></span> <span class='ocrx_word' id='word_1_467' title='bbox 2648 4816 2891 4898; x_wconf 90' lang='lat' dir='ltr'><strong>aliquid</strong></span> <span class='ocrx_word' id='word_1_468' title='bbox 2913 4819 3224 4897; x_wconf 82' lang='lat' dir='ltr'><strong>agendum</strong></span> <span class='ocrx_word' id='word_1_469' title='bbox 3257 4836 3477 4899; x_wconf 80' lang='lat' dir='ltr'><strong>provo-</strong></span> 
     </span>
     <span class='ocr_line' id='line_1_74' title="bbox 1983 4916 3475 4998; baseline 0 -20"><span class='ocrx_word' id='word_1_470' title='bbox 1983 4923 2182 4992; x_wconf 84' lang='lat' dir='ltr'><strong>catur,</strong></span> <span class='ocrx_word' id='word_1_471' title='bbox 2227 4916 2593 4978; x_wconf 86' lang='lat' dir='ltr'><strong>accenditur</strong></span> <span class='ocrx_word' id='word_1_472' title='bbox 2630 4924 2738 4977; x_wconf 86' lang='lat' dir='ltr'><strong>aut</strong></span> <span class='ocrx_word' id='word_1_473' title='bbox 2789 4925 3079 4978; x_wconf 90' lang='lat' dir='ltr'><strong>movetur</strong></span> <span class='ocrx_word' id='word_1_474' title='bbox 3108 4940 3122 4990; x_wconf 83' lang='lat'><em>3</em></span> <span class='ocrx_word' id='word_1_475' title='bbox 3176 4917 3285 4978; x_wconf 89' lang='lat' dir='ltr'><strong>sed</strong></span> <span class='ocrx_word' id='word_1_476' title='bbox 3336 4917 3475 4998; x_wconf 91' lang='lat' dir='ltr'><strong>ipse</strong></span> 
     </span>
     <span class='ocr_line' id='line_1_75' title="bbox 1983 5013 3475 5096; baseline 0.001 -21"><span class='ocrx_word' id='word_1_477' title='bbox 1983 5032 2058 5075; x_wconf 81' lang='lat' dir='ltr'><strong>ex</strong></span> <span class='ocrx_word' id='word_1_478' title='bbox 2089 5033 2204 5075; x_wconf 88' lang='lat' dir='ltr'><strong>sua</strong></span> <span class='ocrx_word' id='word_1_479' title='bbox 2235 5013 2468 5094; x_wconf 90' lang='lat' dir='ltr'><strong>pietate</strong></span> <span class='ocrx_word' id='word_1_480' title='bbox 2510 5013 2791 5095; x_wconf 91' lang='lat' dir='ltr'><strong>loquitur</strong></span> <span class='ocrx_word' id='word_1_481' title='bbox 2829 5013 2895 5075; x_wconf 90' lang='lat' dir='ltr'><strong>in</strong></span> <span class='ocrx_word' id='word_1_482' title='bbox 2928 5013 3268 5096; x_wconf 89' lang='lat' dir='ltr'><strong>Scripturis</strong></span> <span class='ocrx_word' id='word_1_483' title='bbox 3298 5032 3475 5077; x_wconf 91' lang='lat' dir='ltr'><strong>more</strong></span> 
     </span>
     <span class='ocr_line' id='line_1_76' title="bbox 1982 5111 3471 5193; baseline 0.001 -21"><span class='ocrx_word' id='word_1_484' title='bbox 1982 5111 2286 5187; x_wconf 88' lang='lat' dir='ltr'><strong>human0,</strong></span> <span class='ocrx_word' id='word_1_485' title='bbox 2308 5118 2537 5173; x_wconf 83' lang='lat' dir='ltr'><strong>nostrae</strong></span> <span class='ocrx_word' id='word_1_486' title='bbox 2566 5111 3079 5173; x_wconf 88' lang='lat' dir='ltr'><strong>condescendens</strong></span> <span class='ocrx_word' id='word_1_487' title='bbox 3112 5112 3471 5193; x_wconf 87' lang='lat' dir='ltr'><strong>capacitati,</strong></span> 
     </span>
     <span class='ocr_line' id='line_1_77' title="bbox 1982 5208 3474 5291; baseline 0 -21"><span class='ocrx_word' id='word_1_488' title='bbox 1982 5218 2053 5271; x_wconf 90' lang='lat' dir='ltr'><strong>ut</strong></span> <span class='ocrx_word' id='word_1_489' title='bbox 2082 5208 2313 5271; x_wconf 87' lang='lat' dir='ltr'><strong>melius</strong></span> <span class='ocrx_word' id='word_1_490' title='bbox 2344 5208 2670 5289; x_wconf 84' lang='lat' dir='ltr'><strong>capiamus</strong></span> <span class='ocrx_word' id='word_1_491' title='bbox 2703 5208 2943 5272; x_wconf 86' lang='lat' dir='ltr'><strong>divina.</strong></span> <span class='ocrx_word' id='word_1_492' title='bbox 2972 5209 3145 5271; x_wconf 93' lang='lat' dir='ltr'><strong>Sicut</strong></span> <span class='ocrx_word' id='word_1_493' title='bbox 3174 5228 3325 5291; x_wconf 83' lang='lat' dir='ltr'><strong>ergo</strong></span> <span class='ocrx_word' id='word_1_494' title='bbox 3358 5208 3474 5273; x_wconf 77' lang='lat' dir='ltr'><strong>fer-</strong></span> 
     </span>
     <span class='ocr_line' id='line_1_78' title="bbox 1983 5304 3471 5389; baseline 0.001 -20"><span class='ocrx_word' id='word_1_495' title='bbox 1983 5316 2088 5369; x_wconf 88' lang='lat' dir='ltr'><strong>tur</strong></span> <span class='ocrx_word' id='word_1_496' title='bbox 2131 5304 2317 5369; x_wconf 88' lang='lat' dir='ltr'><strong>irasci</strong></span> <span class='ocrx_word' id='word_1_497' title='bbox 2358 5313 2468 5367; x_wconf 87' lang='lat' dir='ltr'><strong>aut</strong></span> <span class='ocrx_word' id='word_1_498' title='bbox 2508 5305 2841 5387; x_wconf 81' lang='lat' dir='ltr'><strong>poenitere,</strong></span> <span class='ocrx_word' id='word_1_499' title='bbox 2876 5307 3027 5368; x_wconf 91' lang='lat' dir='ltr'><strong>dum</strong></span> <span class='ocrx_word' id='word_1_500' title='bbox 3059 5326 3174 5389; x_wconf 90' lang='lat' dir='ltr'><strong>per</strong></span> <span class='ocrx_word' id='word_1_501' title='bbox 3210 5308 3471 5370; x_wconf 88' lang='lat' dir='ltr'><strong>modum</strong></span> 
     </span>
    </p>
   </div>
  </div>
 </body>
</html>
