4309 6259
137 1402 174 1443 lv
191 1403 278 1456 Bey.

99 1479 178 1509 mn.
193 1468 242 1507 13.

103 2292 292 2344 Ibidnxffi,

97 2358 122 2398 77.
133 2354 291 2405 lamvn,

141 4946 176 4987 ll'
193 4952 276 5005 neq,

107 5020 182 5056 tvm.
197 5016 244 5055 u.

625 530 977 576 mAnnAsso
1021 530 1083 575 IN
1126 530 1262 575 cAP.
1309 530 1484 576 xxxn
1525 530 1684 575 leu
1726 530 1980 576 ssscunm
2018 530 2547 579 PARALIPOMENON.
2592 554 2673 564 --
2713 535 2857 581 Am.
2902 535 3077 581 xxxn

3274 518 3388 582 261

324 703 475 779 chia,
515 702 812 765 videlicet
861 702 1196 766 veritatem
1247 704 1415 779 vitae,
1465 704 1794 767 veritatem
1826 700 1876 762 Α
1909 702 2138 766 locavit
2180 704 2245 765 in
2285 706 2411 767 Deo
2448 723 2461 766 :
2498 705 2701 769 nihilo
2746 707 2958 769 minus
3012 706 3165 771 fecit
3211 708 3394 790 quid-

323 802 632 878 doctrinae,
663 810 727 864 et
757 802 1087 865 veritatem
1117 803 1402 883 justitiae,
1437 807 1612 865 venit
1643 807 1798 864 Sen-

321 902 608 962 nacherib
635 922 754 961 reoe
779 904 1228 979 Assyriorum,
1252 913 1312 964 et
1342 905 1666 977 inyressus
1684 908 1798 963 Ju-

320 1003 486 1069 dam,
531 1002 770 1061 obsedit
816 1003 1110 1061 civitates
1158 1004 1453 1062 munitas
1502 1000 1565 1062 in
1611 1002 1790 1078 Juda,

321 1102 517 1159 volens
570 1120 677 1159 eas
731 1120 976 1176 capere.
1042 1103 1226 1169 Quod
1280 1121 1483 1178 quum
1533 1102 1796 1162 vidisset

320 1200 641 1269 Ezechias,
685 1200 932 1259 venisse
969 1202 1213 1260 scilicet
1243 1202 1707 1270 Sennacherib,
1735 1212 1795 1261 et

323 1306 507 1357 totum
538 1298 690 1357 belli
723 1299 1038 1375 impetum
1084 1300 1251 1359 verti
1285 1307 1512 1359 contra
1538 1301 1797 1359 Jerusa-

323 1400 432 1455 lem
462 1417 483 1455 .·
513 1396 658 1458 aliis
695 1397 935 1459 etenim
975 1397 1270 1479 pluribus
1314 1398 1488 1460 Judae
1530 1398 1794 1461 urbibus

319 1496 525 1576 captis,
559 1496 836 1559 maxime
875 1497 1144 1560 acuebat.
1192 1517 1260 1559 se
1303 1498 1538 1579 impius
1579 1497 1688 1559 ille
1716 1500 1794 1560 ad

318 1593 810 1675 impugnandum
870 1596 1278 1677 metropolim
1338 1596 1515 1676 regni
1551 1620 1566 1669 3
1629 1598 1795 1657 inito

317 1714 450 1753 cum
471 1695 892 1772 principibus
910 1697 1178 1755 consilio
1203 1698 1492 1774 virisque
1519 1696 1797 1773 fortissi-

317 1793 452 1861 mis,
479 1791 600 1854 hoc
634 1799 733 1854 est
760 1811 909 1855 cum
943 1792 1176 1855 talibus
1219 1793 1396 1870 viriS‚
1429 1805 1502 1855 ut
1544 1793 1666 1857 viri
1700 1793 1795 1856 illi

1905 802 2058 883 qnid
2090 823 2205 884 per
2234 804 2611 867 industriam
2633 806 3113 887 potentiamque
3143 806 3393 871 valebat

1905 900 2287 975 humanam3
2330 902 2571 983 alioqui
2624 902 2851 965 fuisset
2899 905 3079 985 quasi
3120 905 3220 967 vir
3261 914 3393 967 ten·
3420 929 3685 979 ecelinus.

1904 1006 2044 1061 tans
2073 1001 2293 1062 Deum.
2334 1004 2801 1082 Constituitque
2834 1006 3164 1081 principes
3203 1007 3395 1079 bella<

1908 1107 2120 1159 torum
2152 1102 2223 1159 in
2253 1102 2559 1161 exercitu.

1983 1200 2068 1259 Et
2101 1202 2471 1259 convocavit
2512 1203 2845 1261 universos
2881 1201 3075 1279 civeS,
3107 1209 3171 1264 et
3196 1201 3393 1264 bella-

1904 1303 2070 1359 tores
2093 1297 2206 1377 qui
2228 1297 2292 1358 in
2313 1298 2657 1360 Jerusalem
2680 1318 2830 1361 eran
2840 1308 2874 1376 t,
2886 1302 2957 1359 in
2967 1305 3185 1379 platea
3194 1312 3393 1379 portae

1901 1396 2215 1466 civitatis,
2246 1417 2321 1455 ac
2352 1400 2596 1456 locutus
2632 1407 2721 1457 est
2750 1402 2837 1458 ad
2863 1419 2972 1459 cor
3006 1420 3251 1469 eorum,
3271 1399 3392 1463 hoe

1905 1502 2020 1570 est,
2058 1493 2416 1557 efficaciter
2445 1497 2807 1559 consolatus
2836 1507 2932 1561 est
2960 1517 3089 1576 θος,
3122 1501 3339 1560 dicens
3368 1520 3391 1559 .-

1923 1594 2217 1653 Viriliter
2247 1596 2419 1670 ayite
2456 1605 2516 1655 et
2546 1597 3035 1672 confortamini.
3070 1600 3285 1661 Nolite
3318 1600 3393 1659 ti-

1907 1712 2095 1763 mere,
2137 1713 2250 1752 nec
2278 1694 2577 1769 paveatis
2613 1714 2825 1770 reyem
2852 1697 3294 1772 Assyriorum,
3334 1706 3394 1757 et

1909 1793 2283 1851 universam
2313 1794 2807 1853 multitudinem
2837 1814 2981 1872 quoe
3007 1804 3095 1854 est
3124 1814 3271 1855 cum
3298 1816 3389 1858 e0.

316 1892 700 1961 obturarent,
732 1890 798 1953 id
829 1898 924 1954 est
967 1890 1360 1967 clauderent,
1393 1894 1610 1970 capita
1652 1894 1798 1969 fon·
1832 1886 1879 1947 B
1907 1889 2361 1951 Verumtamen
2410 1889 2680 1971 ipsemet
2726 1890 3026 1954 Ezechias
3074 1891 3281 1973 primo
3318 1893 3395 1954 ti-

320 1989 470 2047 tium
503 1990 622 2067 qui
649 2000 842 2051 erant
867 2000 1054 2051 eoetra
1085 1993 1310 2051 urbem
1335 1990 1705 2068 Jerusalem,
1737 2001 1798 2051 et

317 2088 420 2145 hoc
434 2088 730 2147 omnium
749 2090 1150 2157 decernente,
1169 2087 1288 2152 hoc
1310 2098 1406 2151 est
1425 2087 1791 2163 definiente,

316 2187 644 2255 sententia,
693 2186 1049 2268 praesertim
1101 2186 1254 2267 quia
1298 2185 1426 2267 jam
1468 2194 1614 2249 ante
1661 2187 1794 2249 haec

317 2282 602 2346 Ezechias
633 2284 1139 2349 consolationem
1162 2284 1407 2367 accepit
1427 2284 1504 2347 ab
1533 2285 1688 2348 lsaia
1717 2287 1794 2349 de

317 2382 704 2462 Assyriorum
727 2382 1124 2463 dejectione3
1159 2386 1568 2461 conyreyavit
1589 2388 1798 2461 pluri-

315 2500 476 2539 mam
507 2484 1004 2543 multitudinem
1026 2482 1357 2545 hominum
1390 2482 1796 2545 robustorum

317 2596 516 2639 secum
549 2578 616 2640 in
649 2579 812 2642 urbe
841 2598 956 2662 pro
989 2580 1129 2660 ejus
1163 2579 1538 2644 defensione
1565 2589 1629 2642 et
1660 2580 1798 2643 fon-

317 2678 462 2739 tium
491 2677 924 2755 obturatione,
955 2689 1016 2740 et
1052 2682 1516 2740 obturaverunt
1544 2690 1798 2741 menctos

313 2776 526 2853 fontes,
563 2785 746 2839 extra
771 2777 1146 2854 Jerusalem,
1177 2787 1238 2838 et
1265 2780 1488 2838 rivum
1510 2780 1628 2857 qui
1643 2781 1800 2855 flue-

316 2877 500 2935 botin
521 2878 734 2935 medio
761 2886 970 2945 terroe,
992 2876 1374 2955 egrediendo
1396 2877 1475 2938 de
1507 2876 1662 2939 urbe
1688 2896 1798 2957 per

317 2980 530 3034 terram
563 2973 757 3054 longe
791 2991 806 3035 ε
841 2975 1026 3055 cujus
1067 2974 1189 3039 rivi
1239 2974 1486 3036 fluxum
1518 2994 1632 3056 per
1678 2983 1798 3037 ter-

1909 1994 2157 2049 muerat
2199 1986 2422 2063 illum3
2466 1990 2576 2051 sed
2616 1988 2750 2051 visa
2800 1987 3182 2053 infidelitate
3218 1990 3391 2054 illius

1907 2088 2062 2166 (qua
2101 2084 2312 2148 soedus
2351 2105 2495 2149 cum
2536 2086 2801 2149 Ezechia
2839 2087 3070 2150 initum
3108 2088 3185 2152 de
3222 2107 3393 2153 rece-

1904 2184 2110 2247 dendo
2158 2193 2420 2267 accepta
2468 2185 2759 2267 pecunia,
2804 2183 3042 2265 fregit),
3092 2186 3389 2251 Ezechias

1903 2283 2177 2365 sumpsit
2207 2284 2273 2345 in
2305 2284 2429 2346 Deo
2451 2283 2753 2363 maiorem
2779 2282 3102 2361 fiduciam,
3127 2304 3389 2366 sperans

1904 2383 2072 2464 quod
2107 2382 2325 2446 divina
2352 2381 2595 2463 justitia
2618 2389 2857 2443 tantam
2888 2382 3062 2444 illius
3082 2383 3393 2447 vitiosita-

1907 2491 2029 2544 tem
2067 2500 2194 2544 non
2226 2480 2573 2542 dImitteret
2592 2479 2993 2562 impunitam,
3021 2501 3135 2544 nec
3166 2483 3393 2545 urbem

1907 2579 2129 2661 templi
2159 2587 2220 2642 et
2252 2578 2461 2640 cultus
2492 2578 2590 2639 sui
2630 2579 3023 2660 permitteret
3060 2598 3098 2641 a
3140 2580 3393 2661 perfido

1906 2687 1966 2742 et
1993 2678 2253 2761 perjuro
2288 2677 2398 2739 illo
2438 2676 2691 2739 vastari.
2727 2680 2935 2739 Multo
2963 2680 3139 2739 enim
3169 2684 3393 2757 plures

1903 2779 2233 2838 nobiscum
2252 2786 2426 2847 sunt,
2452 2775 2696 2838 seilicet
2715 2776 2921 2855 angeli
2947 2776 3171 2853 sancti,
3196 2797 3393 2856 quam

1905 2897 2048 2935 cum
2075 2878 2215 2935 illo.
2254 2877 2411 2935 Cum
2443 2878 2555 2935 illo
2576 2877 2750 2935 enim
2776 2885 2866 2934 est
2896 2877 3227 2936 brachium
3260 2896 3395 2936 car-

1905 2994 2122 3045 neum,
2158 2972 2221 3033 id
2254 2980 2349 3034 est
2388 2980 2634 3035 terrena
2674 2979 2737 3034 et
2774 2972 3051 3034 humana
3089 2981 3387 3054 potestas,

3420 993 3489 1034 23.

3474 2114 3527 2158 1v
3554 2117 3666 2171 Rea.

3420 2192 3533 2231 xviii,
3555 2180 3701 2227 u-vl.

315 3090 434 3132 ram
482 3071 923 3153 impediebant
957 3096 971 3148 3
1020 3076 1298 3134 dicentes
1338 3096 1360 3133 .·
1393 3076 1492 3134 Ne
1531 3076 1798 3135 veniant
1832 3064 1877 3128 C
1909 3074 2255 3136 Nobiscum
2276 3078 2370 3134 est
2390 3073 2706 3133 Dominus
2726 3074 2897 3132 Deus
2918 3082 3148 3143 noster,
3163 3080 3225 3135 et
3246 3091 3391 3135 cum
3422 3088 3685 3139 Deuixmn,

313 3192 469 3249 reyes
499 3174 952 3251 Assyriorum,
984 3184 1044 3233 et
1085 3174 1431 3233 inveniant
1474 3192 1795 3251 aquarum

314 3272 799 3333 abundantiam.
822 3270 944 3333 Sed
964 3290 1078 3333 cur
1098 3270 1412 3347 dixerunt,
1431 3270 1519 3332 Ne
1539 3269 1799 3332 veniant

315 3386 475 3447 reges
495 3368 928 3451 Assyriorum,
953 3388 1151 3450 quum
1173 3370 1346 3431 solus
1369 3367 1798 3431 Sennacherib

315 3485 410 3528 rex
435 3467 684 3547 legatur
723 3466 1024 3529 venisset
1055 3467 1179 3528 nisi
1222 3465 1388 3529 forte
1433 3466 1798 3547 acceperint

313 3564 540 3646 plurale
580 3584 700 3648 pro
741 3564 1076 3645 singulari.
1111 3565 1224 3627 Vel
1265 3565 1464 3645 aliqui
1503 3572 1684 3626 erant
1712 3584 1800 3627 re-

313 3682 408 3743 ges
451 3665 736 3727 minores
781 3663 848 3725 in
904 3662 1158 3745 Assyria
1209 3663 1330 3724 sub
1369 3662 1798 3725 Sennacherib

313 3762 440 3838 ist0,
467 3762 579 3845 qui
609 3782 760 3826 cum
791 3782 867 3825 eo
897 3771 1233 3825 venerunt.

377 3864 766 3939 AEdifi’cavit
785 3880 1060 3941 quoque,
1081 3882 1274 3937 ayens
1306 3862 1655 3930 industrie,
1669 3880 1796 3920 om-

314 3979 440 4021 nem
480 3982 748 4021 murum
787 3962 906 4039 qui
941 3960 1162 4036 fuerat
1199 3961 1579 4037 dissipatus,
1620 3978 1798 4039 repa-

313 4059 492 4121 rando
546 4058 1020 4122 destructiones
1068 4076 1421 4133 murorum,
1474 4058 1626 4139 quia
1675 4058 1794 4120 sub

313 4154 496 4219 Achaz
527 4155 700 4219 facta
731 4156 855 4218 fuit
875 4156 1214 4239 multiplex
1236 4156 1591 4218 debilitatio
1615 4155 1792 4236 regni

1906 3190 1980 3234 eo
2011 3179 2373 3233 sanctorum
2408 3169 2898 3231 innumerabilia
2926 3170 3150 3232 millia.
3186 3170 3390 3234 Simili

1907 3270 2094 3331 modo
2123 3268 2283 3329 dixit
2303 3267 2549 3329 Eliseus
2590 3274 2845 3329 sanctus
2882 3269 2958 3329 ad
2990 3288 3174 3330 suum
3206 3268 3394 3331 mini-

1906 3375 2121 3429 strum.
2142 3369 2271 3435 Qui
2289 3369 2652 3427 auxiliator
2671 3376 2761 3426 est
2780 3376 3004 3434 noster,
3018 3377 3395 3447 puynatque

1897 3486 2020 3543 pro
2049 3466 2251 3526 nobis.
2291 3465 2821 3544 Consortatusque
2848 3475 2937 3524 est
2962 3468 3247 3543 populus
3276 3468 3395 3526 hu-

1890 3565 2257 3641 juscemodi
2284 3564 2488 3622 verbis
2526 3563 2813 3623 Ezechioe
2840 3564 3006 3638 reyis
3030 3565 3206 3624 Iuda
3237 3582 3261 3624 .·
3290 3584 3395 3627 cu-

1902 3660 2008 3740 jus
2057 3659 2453 3721 sanctitatem
2504 3656 3010 3739 sapientiamque
3051 3667 3388 3737 noverunt,

1907 3759 2048 3823 ideo
2079 3758 2219 3839 ejus
2250 3757 2493 3819 meritis
2522 3755 2861 3838 sperabant
2883 3755 3094 3837 juvari
3120 3780 3135 3831 3
3168 3765 3230 3820 et
3255 3758 3392 3820 visa

1905 3859 2044 3939 ejus
2075 3855 2452 3932 constantia,
2488 3854 2748 3917 animati
2780 3862 2930 3916 sunt
2957 3855 3166 3937 corde,

1987 3959 2139 4024 Quoe
2158 3965 2498 4033 postquam
2532 3962 2709 4029 qesta
2735 3962 2913 4023 sunt,
2944 3954 3123 4013 misit
3150 3957 3391 4014 Senna-

1903 4056 2116 4114 cherib
2143 4074 2260 4112 reoe
2288 4052 2710 4128 Assyriorum
2738 4070 2946 4110 servos
2974 4070 3143 4120 suos,
3173 4050 3389 4114 videli-

1903 4160 2003 4215 cet
2023 4149 2342 4211 Tharthan
2366 4157 2426 4211 et
2447 4148 2739 4210 Rabsaris
2761 4155 2823 4209 et
2841 4147 3178 4225 Rabsacen‚
3198 4156 3388 4231 prout

3422 3154 3463 3203 ἲς
3482 3151 3597 3194 Dan.
3614 3163 3683 3201 vn.

3423 3217 3489 3257 10.

3426 3277 3502 3383 &V
3512 3279 3620 3333 Rea.
3632 3292 3683 3324 vn.

311 4261 362 4313 et
391 4254 562 4316 urbis
591 4254 966 4331 Jerusalem,
1001 4266 1060 4315 et
1091 4257 1418 4315 eoestruacit
1465 4265 1669 4315 turres
1696 4258 1796 4313 de·
1826 4255 1876 4317 D
1903 4258 2129 4332 quarto
2161 4248 2399 4327 Regum
2444 4248 2613 4309 istud
2662 4245 2902 4309 diffuse
2944 4256 3255 4324 narratur,
3291 4250 3388 4309 Je-
3434 4264 3676 4316 mamm.

308 4370 504 4428 super,
535 4362 596 4415 et
643 4354 1006 4430 forinsecus
1043 4358 1322 4414 alterum
1367 4372 1651 4413 murum.
1688 4356 1793 4413 In-

309 4454 742 4530 stauravitque
764 4453 959 4511 Mello
981 4454 1054 4511 in
1074 4454 1338 4511 civitate
1354 4452 1590 4511 David.
1611 4450 1792 4513 Mello

311 4556 425 4609 erat
447 4548 770 4630 profunda
790 4565 1048 4627 voragO‚
1065 4549 1249 4629 cujus
1273 4548 1648 4610 instauratio
1670 4548 1794 4609 fuit

311 4646 378 4705 ad
407 4646 686 4709 hostium
719 4646 1187 4709 demersionem
1229 4646 1296 4707 in
1329 4665 1490 4707 eam.
1523 4649 1610 4707 Et
1637 4648 1793 4723 fec-it

314 4746 588 4805 universi
608 4747 874 4823 generis
903 4755 1314 4805 armaturam
1331 4755 1391 4805 et
1418 4749 1692 4822 clypeos,
1713 4746 1790 4807 ad

314 4842 720 4906 resistendum
753 4841 1156 4905 adversariis.
1176 4842 1432 4917 Tamen,
1466 4850 1537 4903 ut
1564 4850 1791 4923 quarto

316 4936 533 5021 Regum
557 4940 852 5017 habetur,
878 4948 1220 5021 antequam
1242 4940 1330 5001 ita
1358 4941 1606 5021 paravit
1627 4960 1693 5002 se
1713 4941 1791 5002 ad

319 5040 806 5119 repugnandum,
843 5038 1020 5100 misit
1050 5039 1128 5100 ad
1161 5056 1369 5117 regem
1393 5039 1792 5120 Assyriorum

321 5152 420 5214 pro
447 5155 622 5217 pace,
649 5136 938 5200 offerens
966 5155 1034 5198 se
1061 5137 1139 5197 ad
1170 5136 1448 5198 dandum
1481 5136 1794 5218 quidquid

323 5231 418 5295 ille
459 5233 538 5296 ab
588 5235 730 5316 ipso
790 5234 1090 5314 exigeret.
1147 5234 1427 5315 Denique
1485 5234 1651 5298 sicut
1706 5235 1799 5296 ait

323 5328 652 5413 Scriptura,
683 5332 984 5395 Ezechias
1019 5339 1212 5395 totam
1244 5352 1420 5415 spem
1461 5351 1641 5394 suam
1673 5332 1800 5395 col-

1901 4353 2183 4409 rusalem
2214 4349 2373 4424 (ipse
2402 4349 2577 4407 enim
2606 4367 2749 4406 cum
2772 4348 3071 4405 universo
3099 4350 3386 4407 exercitu

1900 4449 2218 4507 obsidebat
2251 4448 2509 4517 Lachis)
2546 4448 2633 4505 ad
2660 4446 3007 4505 Ezechiam
3045 4464 3249 4521 reyem
3270 4448 3389 4507 Ju-

1899 4552 2008 4617 (la,
2059 4556 2118 4605 el
2168 4548 2257 4605 ad
2304 4565 2553 4604 omnem
2595 4547 2916 4621 populum
2963 4546 3081 4622 qui
3128 4554 3267 4605 erat
3316 4547 3387 4606 in

1899 4648 2078 4714 urbe,
2121 4646 2341 4703 dicens
2370 4663 2392 4701 :
2418 4644 2571 4702 JJoec
2598 4642 2761 4701 dicit
2800 4643 3236 4701 Sennacherib
3271 4664 3389 4703 rex

1899 4746 2321 4820 Assyriorum
2354 4758 2376 4801 .·
2407 4743 2487 4801 In
2529 4760 2653 4819 quo
2700 4742 2997 4800 habentes
3043 4742 3387 4817 fiduciam,

1898 4845 2124 4905 sedetis
2173 4840 2398 4900 obsessi
2436 4840 2507 4898 in
2552 4842 2908 4899 Jerusalem
2930 4841 2961 4899 ?
3006 4840 3185 4902 Num
3232 4840 3387 4899 Eze-

1899 4944 2077 5003 chias
2105 4937 2391 5015 decepit*
2422 4958 2550 5009 vos,
2571 4948 2643 4998 ut
2667 4940 2886 4997 tradat
2906 4938 3099 4999 morti
3118 4938 3188 4998 in
3212 4938 3389 5015 fame

1900 5050 1958 5099 et
1985 5041 2124 5106 siti,
2164 5040 2495 5112 affirmans
2532 5038 2703 5113 quod
2732 5036 3047 5103 Dominus
3087 5037 3253 5095 Deus
3292 5054 3389 5094 ve-

1901 5148 2027 5198 ster
2057 5138 2276 5196 liberet
2297 5154 2403 5194 vos
2422 5136 2501 5193 cle
2520 5153 2723 5193 manu
2744 5135 2911 5209 reyis
2930 5134 3390 5210 Assyriorum?

1910 5236 2253 5313 Numquid
2290 5254 2415 5291 non
2472 5232 2587 5291 iste
2634 5241 2723 5290 est
2758 5232 3089 5300 Ezechias,
3127 5234 3243 5310 qui
3287 5233 3390 5290 de-

1905 5332 2122 5391 struoei
2129 5340 2148 5389 t
2169 5334 2413 5391 eoecelsa
2434 5332 2617 5389 illius
2636 5338 2694 5387 ct
2715 5330 2981 5401 altaria,
3004 5338 3063 5389 et
3082 5329 3390 5405 proecepit

3420 4330 3484 4372 ¹7.

3440 4962 3461 4983 ⁰
3488 4960 3653 5017 decipit
