4309 6259
611 1191 688 1233 1³⁸.
699 1204 766 1241 cn,
782 1192 846 1243 14,

587 1256 652 1295 15.

601 2173 664 2214 1⁸.
679 2186 846 2224 xxwuu,

585 2237 651 2281 Η.

579 3350 717 3394 P-rov.
730 3354 842 3405 v,21;

579 3429 647 3467 xv,
667 3419 704 3459 3.

871 496 988 559 404

1727 512 2075 558 ENARRATIO
2116 512 2178 557 IN
2221 512 2358 557 GAP.
2392 512 2475 556 vll
2513 512 2638 557 1013.
2684 530 2765 540 —-
2804 512 2947 557 Am.
2994 511 3102 557 xlx

875 683 1118 760 tribuit,
1154 683 1697 746 beatitudinemve
1747 683 2034 762 largitur,
2069 702 2183 766 per
2232 701 2360 745 mo·
2390 682 2439 744 A
2472 682 2660 743 ctiam
2694 682 2928 744 limbus
2959 690 3209 764 patrum
3242 690 3304 744 et
3336 699 3699 763 puerorum,
3720 701 3793 744 ac
3814 701 3946 764 pur-

873 783 1022 844 dum
1057 783 1446 844 recordantis
1473 802 1539 843 se
1572 782 1783 844 habet.
1818 782 2047 861 Sicque
2077 800 2354 857 oramuS,

872 888 942 941 ut
993 880 1152 941 Deus
1209 888 1438 941 nostrae
1493 879 1858 959 fragilitatis
1908 898 1980 941 ac
2029 878 2359 941 labilitatis

873 978 1257 1054 meminerit,
1307 977 1370 1039 id
1416 986 1532 1053 est,
1569 977 1708 1039 illas
1758 977 2087 1053 intuend0,
2122 996 2361 1060 pronus

875 1076 957 1137 sit
987 1077 1063 1137 ad
1089 1076 1477 1157 parcendum
1499 1094 1570 1137 ac
1602 1076 2124 1151 succurrendum,
2153 1094 2365 1155 quem-

876 1175 1215 1236 admodum
1249 1174 1337 1235 ait
1365 1173 1895 1255 psalmographus
1931 1190 1944 1234 :
1981 1174 2363 1235 Recordatus

869 1282 972 1335 est
1020 1272 1323 1352 quoniam
1377 1272 1590 1353 pulvis
1650 1290 1906 1347 sumus3
1958 1272 2150 1334 homo
2201 1272 2366 1333 sicut

879 1369 1124 1433 l'oenum
1157 1370 1292 1433 dies
1320 1370 1483 1451 ejuS,
1511 1378 1808 1450 tanquam
1841 1368 1964 1431 flos
1993 1370 2125 1450 agri
2160 1369 2250 1431 sic
2280 1368 2367 1431 ef-

877 1468 1157 1532 florebit.
1183 1472 1268 1529 Et
1297 1490 1424 1529 non
1457 1478 1811 1528 revertetur
1837 1473 2058 1528 oculus
2087 1490 2261 1529 meus
2294 1478 2365 1528 uc

876 1572 1092 1629 videat
1122 1571 1310 1636 bona,
1331 1567 1393 1629 id
1423 1574 1540 1642 est,
1578 1568 1656 1629 ad
1687 1565 1959 1628 videnda
1992 1566 2187 1646 hujus
2217 1566 2363 1628 vitae

876 1665 1043 1727 bona
1075 1683 1201 1728 non
1234 1664 1467 1727 redibit
1498 1672 1641 1746 post
1670 1672 1960 1727 mortem.
1987 1668 2120 1725 Nec
2148 1666 2366 1741 adspi-

875 1766 996 1822 ciet
1029 1785 1124 1823 me
1163 1765 1337 1823 visus
1378 1765 1684 1833 hominia,
1716 1761 1779 1823 id
1823 1770 1938 1839 est,
1983 1762 2065 1823 ab
2113 1762 2255 1823 aliis
2298 1761 2361 1822 in

2468 782 2784 861 gatorium
2817 780 3261 859 intelliguntur
3289 806 3303 857 ;
3352 788 3665 862 quantum
3699 799 3849 843 vero
3871 781 3947 841 ad

2473 897 2725 960 corpuS,
2778 878 2856 941 ad
2906 878 3043 941 loca
3090 878 3524 960 sepulcrorum
3577 878 3697 940 sub
3748 887 3947 957 terraj,

2472 998 2601 1037 non
2630 980 2943 1049 ascendet,
2970 977 3033 1039 id
3054 985 3169 1053 est,
3194 976 3274 1037 ad
3299 976 3490 1039 vitam
3520 977 3737 1039 saeculi
3768 977 3951 1057 hujus

2473 1085 2535 1138 et
2566 1076 2644 1136 ad
2677 1084 2909 1136 statum
2953 1075 3282 1137 mortalem
3320 1093 3445 1137 non
3476 1084 3827 1138 revertetur
3856 1094 3955 1136 na-

2472 1172 2761 1235 turaliter
2798 1172 3034 1253 utique,
3080 1174 3374 1253 quamvis
3404 1172 3786 1235 miraculose
3817 1171 3952 1235 fieri

2474 1271 2696 1353 possit,
2723 1291 3019 1353 saepeque
3050 1271 3287 1334 factum
3320 1272 3425 1333 sit.
3452 1274 3584 1333 Nec
3610 1282 3955 1332 revertetur

2473 1375 2651 1430 ultra
2684 1372 2754 1430 in
2792 1376 3055 1431 domum
3092 1391 3307 1439 suam,
3342 1370 3405 1432 id
3436 1378 3529 1431 est
3554 1371 3633 1432 ad
3656 1369 3953 1452 pristinas

2472 1488 2625 1551 opes
2662 1489 2737 1531 ac
2787 1470 3151 1533 mansiones
3180 1496 3193 1545 ;
3226 1490 3427 1549 neque
3464 1480 3785 1546 cognoscet.
3812 1490 3953 1529 eum

2471 1570 2759 1644 ampliu-s
2796 1573 2968 1627 locus
3005 1570 3171 1645 eJ‘uS,
3202 1567 3264 1630 id
3310 1577 3427 1640 est,
3466 1568 3529 1628 in
3569 1567 3766 1649 priori
3812 1568 3954 1630 vilae

2474 1665 2664 1746 liujus
2707 1666 2844 1729 loco
2890 1685 3015 1729 non
3056 1667 3198 1741 erit,
3234 1685 3350 1728 nec
3397 1674 3814 1745 cognoscetur
3846 1666 3957 1727 ibi-

2472 1764 2638 1840 dem,
2668 1783 2782 1826 nec
2808 1765 3257 1847 conspicietur.
3283 1764 3523 1827 Dicitur
3550 1755 3759 1827 autem
3784 1765 3957 1826 locus

879 1861 995 1923 hoc
1027 1869 1214 1939 statu,
1251 1862 1387 1924 loco
1419 1880 1492 1923 ac
1537 1861 1767 1924 saeculo
1807 1862 2084 1941 amplius
2118 1880 2246 1923 non
2276 1860 2365 1923 vi·
2400 1861 2447 1923 B
2474 1880 2875 1942 cognoscere,
2900 1864 2999 1925 vel
3033 1863 3183 1943 quia
3212 1862 3461 1925 confert
3490 1864 3567 1925 ad
3599 1861 3955 1924 habendam

877 1959 1094 2036 debor,
1129 1960 1280 2040 quia
1311 1968 1452 2040 post
1481 1967 1752 2023 mortem
1784 1960 1908 2021 buc
1938 1959 2213 2041 amplius
2237 1978 2363 2021 non

878 2066 1178 2120 revertar.
1213 2056 1451 2130 Quibus
1500 2066 1811 2120 consonat
1858 2057 2016 2118 illud
2067 2056 2132 2118 in
2182 2057 2358 2134 isaia,

875 2155 1009 2217 Non
1053 2154 1401 2237 adspiciam
1447 2155 1770 2217 hominem
1804 2155 1991 2229 ultra,
2025 2164 2086 2217 et
2129 2154 2366 2216 habita-

873 2262 1075 2316 torem
1126 2253 1360 2333 quietis
1395 2270 1407 2314 :
1444 2272 1584 2333 quae
1629 2262 1778 2314 sunt
1816 2252 2010 2316 verba
2055 2252 2359 2315 Ezechiae.

873 2352 994 2415 Sed
1041 2370 1237 2433 quum
1285 2350 1401 2414 Job
1450 2360 1592 2432 post
1642 2351 1890 2433 plagam
1942 2351 2104 2413 hanc
2154 2351 2238 2412 sit
2282 2352 2361 2412 ad

871 2446 1230 2522 sanitatem,
1259 2446 1641 2526 longamque
1671 2455 1734 2507 et
1763 2465 2132 2528 prosperam
2167 2446 2363 2510 vitam

872 2546 1189 2620 reductuS,
1215 2544 1534 2626 quomodo
1565 2544 1831 2626 protulit
1853 2544 2044 2607 verba
2073 2546 2207 2607 haec
2228 2545 2363 2607 abs-

870 2663 995 2725 que
1053 2642 1424 2705 mendacio?
1469 2642 1542 2702 Et
1592 2644 2126 2724 respondendum,
2191 2646 2361 2724 quod

871 2741 1244 2803 naturaliter
1267 2740 1584 2801 sanandus
1608 2759 1734 2801 non
1769 2739 1910 2816 suit,
1939 2741 2038 2804 vcl
2071 2742 2361 2823 protinus

870 2840 1250 2901 moriturum
1283 2856 1350 2899 se
1379 2838 1737 2914 aestimavit,
1772 2839 1873 2901 vel
1909 2838 2098 2902 verba
2133 2859 2247 2901 sua
2277 2860 2364 2903 re-

871 2937 1017 2998 tulit
1047 2938 1124 2999 ad
1176 2945 1424 3017 tempus
1473 2946 1618 3017 post
1655 2945 1922 2998 mortem
1968 2957 2148 2999 suam
2196 2937 2363 3001 futu-

2474 1960 2566 2022 rei
2610 1960 3079 2039 cognitionem3
3118 1960 3217 2023 vel
3266 1980 3341 2023 eo
3386 1962 3593 2037 mod0‚
3628 1979 3757 2041 quo
3812 1970 3959 2023 tem-

2473 2078 2592 2141 pus
2632 2059 2867 2121 dicitur
2907 2079 2980 2122 ea
3030 2059 3429 2142 facere.quae
3470 2058 3637 2121 l'iunt
3686 2060 3752 2121 in
3804 2068 3959 2122 tem-

2472 2174 2646 2237 pore.

2554 2250 2658 2311 His
2690 2250 2900 2313 verbis
2942 2251 3227 2313 excludit
3250 2251 3365 2313 Job
3406 2269 3681 2313 errorem
3717 2268 3959 2331 ponen-

2474 2349 2631 2410 tium
2660 2349 3135 2411 circulationem
3171 2349 3653 2431 generationum
3692 2349 3759 2410 in
3792 2349 3955 2411 infe-

2473 2446 2771 2509 rioribus,
2796 2447 3333 2521 Quemadmodum
3364 2448 3537 2509 enim
3565 2448 3631 2508 in
3660 2447 3846 2510 libris
3876 2449 3953 2511 de

2471 2544 2776 2607 Trinitate
2796 2554 2857 2607 et
2878 2544 3144 2607 Civitate
3168 2546 3275 2607 Dei
3298 2545 3518 2607 recitat
3536 2546 3948 2626 AugustinuS,

2468 2644 2743 2706 Platonis
2776 2644 2994 2726 opinio
3028 2644 3166 2720 fuit,
3186 2644 3357 2726 quod
3389 2652 3533 2727 post
3558 2654 3728 2707 certa
3758 2664 3956 2708 anno-

2472 2761 2610 2803 rum
2641 2743 2959 2805 curricula
2987 2744 3199 2805 omnia
3222 2743 3341 2805 ista
3362 2742 3667 2806 inferiora
3688 2745 3769 2806 ad
3790 2745 3954 2825 pris-

2471 2839 2674 2901 tinum
2708 2848 2943 2902 statum
2966 2840 3256 2917 redirent,
3284 2841 3371 2902 ita
3398 2842 3563 2921 quod
3591 2840 3757 2904 idem
3778 2842 3953 2905 Plato

2472 2938 2535 2999 in
2567 2939 2787 3001 eadem
2819 2939 2977 3001 urbe
3007 2938 3379 3001 Atheniensi
3412 2939 3649 3001 eisdem
3682 2940 3959 3022 discipu-

873 3053 1036 3108 rum‚
1073 3034 1236 3096 sicut
1265 3034 1620 3115 expositum
1653 3044 1768 3096 est.
1797 3038 1982 3097 Oculi
2007 3040 2104 3095 ιιιι·
2137 3039 2205 3097 in
2238 3058 2355 3109 me,
2396 3037 2439 3101 C
2472 3036 2548 3097 lis
2578 3045 2743 3098 esset
2774 3036 3074 3113 lecturuS,
3112 3037 3223 3117 qui
3261 3036 3415 3098 olim
3448 3036 3535 3099 ibi
3568 3036 3809 3119 legerat
3836 3038 3952 3100 eiS.

875 3132 938 3195 id
970 3141 1085 3208 est,
1109 3130 1190 3192 ab
1218 3131 1418 3193 oculis
1450 3131 1775 3214 sapientiae
1806 3141 1867 3194 et
1899 3132 2181 3196 scientiae
2211 3142 2355 3210 tuae,

873 3247 910 3292 o
942 3231 1126 3307 DeuS,
1162 3248 1477 3309 nusquam
1515 3249 1632 3292 nec
1661 3230 1844 3293 vivus
1875 3250 1990 3293 nec
2021 3229 2360 3294 defunctus

872 3327 1245 3405 abscondar,
1276 3328 1454 3408 juxta
1486 3328 1644 3390 illud
1675 3328 2159 3391 Proverbiorum
2198 3348 2211 3391 :
2248 3330 2362 3392 Re-

873 3426 1063 3508 spicit
1111 3425 1414 3489 Dominus
1464 3426 1630 3488 viam
1682 3426 1984 3503 hominiS‚
2027 3435 2090 3488 et
2137 3446 2357 3491 omnes

869 3542 1122 3604 gressus
1184 3524 1357 3585 illius
1425 3523 1802 3586 considerat.
1866 3523 2034 3585 Alibi
2101 3544 2357 3606 quoque

870 3623 958 3684 ait
990 3622 1352 3704 Scriptura:
1386 3623 1452 3683 In
1491 3622 1666 3684 omni
1715 3622 1852 3684 loco
1892 3623 2061 3684 oculi
2104 3624 2355 3686 Domini

2470 3135 2745 3209 Quorum
2776 3134 2936 3197 ratio
2972 3154 3095 3196 una
3136 3133 3281 3211 fuit,
3317 3135 3619 3216 quoniam
3652 3135 3959 3199 inferiora

2469 3233 2894 3313 disponuntur
2944 3234 3293 3295 secundum
3330 3233 3682 3296 coelestium
3737 3254 3959 3318 corpo-

2471 3348 2610 3390 rum
2638 3340 2902 3392 motum.
2928 3330 3105 3394 Unde
3132 3331 3351 3393 eadem
3381 3332 3867 3396 constellatione
3894 3342 3959 3396 et

2469 3426 2807 3489 influentia
2839 3437 2985 3509 post
3014 3428 3291 3510 plurima
3312 3437 3595 3511 tempora
3628 3431 3953 3508 redeunte,

2466 3524 2803 3606 ponebant,
2839 3527 3127 3588 eamdem
3178 3546 3311 3589 rem
3360 3546 3625 3590 numero
3676 3530 3954 3611 reparari

2465 3632 2655 3705 atque
2675 3625 2750 3686 ad
2774 3624 3117 3705 pristinum
3140 3634 3373 3686 statum
3398 3626 3641 3689 reverti.
3668 3628 3762 3689 Ad
3782 3630 3949 3708 quod

869 3721 1378 3802 contemplantur
1409 3720 1608 3782 bonos
1629 3728 1690 3781 et
1721 3719 1943 3782 malos.
1961 3724 2048 3781 Et
2069 3743 2199 3782 non
2217 3726 2357 3782 sab-

865 3822 1090 3879 sistam
1119 3818 1229 3880 diu
1263 3818 1327 3880 in
1361 3819 1490 3881 vita
1524 3818 1842 3900 praesenti.
1878 3818 2012 3894 vel,
2049 3819 2182 3882 Non
2214 3820 2357 3883 sub·

867 3916 1109 3992 sistam,
1160 3917 1310 3997 quia
1360 3917 1489 3978 vita
1541 3935 1818 3997 praesens
1869 3916 2186 3978 instabilis
2234 3928 2350 3982 est.

865 4014 1117 4091 Iterum,
1152 4014 1286 4077 Non
1326 4014 1692 4090 subsistam,
1728 4014 1791 4075 id
1830 4024 1948 4090 est,
1991 4034 2204 4078 coram
2249 4026 2355 4081 tua
2462 4018 2756 4080 riarchon
2800 4026 2863 4080 et
2901 4018 3079 4095 alibi,
3115 4028 3303 4100 prout
3334 4019 3393 4081 S.
3428 4019 3847 4103 Hieronymus
3878 4023 3945 4083 in

863 4112 1112 4193 justitia
1143 4121 1309 4174 stare
1353 4131 1481 4174 non
1513 4120 1754 4193 potero,
1789 4113 1842 4174 si
1883 4116 2233 4177 secundum
2274 4115 2353 4177 ri-
2460 4116 2591 4178 suis
2623 4116 2910 4198 epistolis
2942 4119 3374 4198 protestatur),
3399 4117 3757 4199 allegabant
3785 4120 3943 4183 illud

863 4228 1078 4289 gorem
1143 4211 1283 4290 ejus
1343 4210 1482 4272 sine
1549 4210 1936 4274 admixtione
1993 4212 2349 4277 clementiae
2380 4223 2427 4283 D
2459 4215 2853 4278 Ecclesiastae
2908 4234 2921 4277 :
2970 4215 3129 4290 Quid
3173 4218 3467 4298 estquod
3515 4216 3682 4279 fuit?
3732 4218 3944 4301 ipsum
3988 4236 4272 4289 emata}

864 4307 1257 4369 examinatus
1284 4308 1730 4389 judicatusque
1760 4308 1962 4374 fuero.
2459 4315 2626 4395 quod
2674 4313 2960 4375 futurum
2992 4323 3108 4375 est.
3140 4312 3299 4388 Quid
3344 4324 3440 4377 est
3482 4317 3653 4397 quod
3702 4316 3943 4380 factum
3975 4310 4041 4350 ¹⁰·

2465 3722 2652 3784 ctiam
2688 3722 2946 3802 quidam
2969 3722 3273 3799 haeretici,
3298 3742 3575 3785 errorem
3608 3724 3792 3787 illum
3814 3746 3953 3808 par·
4271 3776 4272 3795 1

2466 3820 2580 3881 tim
2626 3829 2965 3901 sequentes
2995 3822 3095 3900 (ut
3124 3820 3443 3902 OrigeneS,
3479 3822 3589 3902 qui
3625 3822 3795 3887 circa
3828 3825 3949 3887 hoc
4004 3850 4141 3892 amr
4160 3848 4235 3890 ora-
4271 3812 4272 3875 Ὗ

2463 3919 2837 4000 gravissime
2882 3918 3208 3983 invenitur
3246 3939 3491 3983 errasse
3535 3921 3601 3982 in
3648 3922 3814 3985 libro
3841 3923 3949 3986 Pe-
3976 3916 4103 3985 W
4150 3926 4235 3966 Ψ·

3976 3990 4059 4019 ῗΙξ.

4270 3996 4272 4029 l

4270 4076 4272 4117 A

4271 4164 4272 4193 l

4271 4198 4272 4233 l

943 4409 1132 4468 Sicut
1177 4409 1580 4467 consumitur
1628 4410 1822 4467 nubes
1867 4418 1925 4467 et
1961 4414 2344 4485 pertransit.

862 4504 1072 4569 Nubes
1102 4504 1274 4567 enim
1303 4505 1383 4566 ad
1413 4504 1637 4566 altiora
1660 4507 2070 4588 suspenditur
2096 4526 2109 4569 :
2134 4510 2353 4571 densa-

863 4612 924 4666 ta
971 4611 1182 4665 autem
1231 4601 1586 4683 impellitur
1635 4612 1824 4666 vento
1872 4606 1950 4667 ad
1997 4606 2351 4669 discurren-

861 4703 1035 4777 dum,
1069 4710 1133 4763 et
1167 4700 1318 4762 solis
1348 4701 1556 4763 calore
1587 4700 1956 4765 dissolvitur
1987 4723 2060 4765 ac
2090 4704 2352 4787 dissipa-

861 4808 984 4877 tur,
1004 4800 1088 4861 ita
1123 4800 1290 4879 quod
1313 4798 1657 4875 evanescit,
1685 4818 1800 4861 nec
1832 4800 2050 4863 eadem
2083 4822 2349 4866 numero

860 4897 1025 4961 ultra
1054 4895 1412 4960 revertitur.
1437 4900 1552 4958 Sic
1571 4899 1687 4976 qui
1716 4901 2041 4959 descendit
2069 4904 2158 4961 ad
2192 4904 2350 4981 infe-

855 5018 982 5068 r03,
1017 4997 1080 5059 id
1119 5005 1216 5058 est
1261 4994 1624 5071 defunctuS‚
1659 4998 1868 5076 quoad
1916 4998 2219 5077 animam,
2269 5002 2346 5062 ad

856 5095 1134 5176 aliquem
1196 5094 1401 5156 locum
1465 5092 1704 5155 inferni
1761 5095 2150 5159 descendens
2203 5115 2218 5158 ε
2270 5098 2345 5159 ad

859 5212 1048 5274 quem
1094 5202 1241 5256 ante
1280 5192 1512 5255 Christi
1560 5193 1920 5273 passionem
1971 5214 2193 5258 omnes
2244 5197 2349 5259 de-

857 5293 1260 5367 scenderunt,
1294 5289 1592 5353 videlicet
1632 5301 1820 5373 prout
1850 5292 2044 5355 >inseri
2089 5295 2349 5358 nomine

2459 4416 2598 4475 cst?
2633 4412 2843 4494 ipsum
2876 4412 3043 4493 quod
3078 4411 3441 4475 faciendum
3472 4424 3587 4476 est.
3620 4414 3791 4477 Nihil
3822 4416 3943 4479 sub

2458 4510 2591 4573 sole
2623 4529 2883 4587 novum,
2919 4529 3037 4573 nec
3069 4510 3238 4573 valet
3264 4511 3497 4592 aliquis
3528 4511 3759 4589 dicere,
3782 4514 3944 4577 Ecce

2459 4608 2577 4671 hoc
2611 4627 2829 4671 recens
2861 4618 2977 4671 est.
3009 4609 3145 4670 Jam
3175 4608 3347 4671 enim
3380 4611 3699 4691 praecessit
3733 4612 3801 4674 in
3832 4632 3947 4676 sae-

2458 4707 2617 4769 culis
2677 4725 2819 4788 quae
2870 4706 3129 4769 fuerunt
3178 4716 3325 4770 ante
3376 4726 3511 4770 noS.
3566 4709 3820 4789 Verum,
3874 4722 3947 4774 ut

2456 4804 2847 4884 Augustinus
2879 4805 3159 4886 exponit,
3194 4805 3387 4869 verba
3425 4806 3557 4869 haec
3590 4807 3945 4872 Salomonis

2460 4902 2873 4981 intelligenda
2902 4911 3053 4965 sunt
3092 4922 3220 4965 non
3262 4904 3341 4966 de
3369 4903 3610 4967 eisdem
3652 4925 3941 4983 numer0,

2458 5000 2568 5062 sed
2600 5000 2831 5080 specie.
2852 5000 2979 5063 Hoc
3000 5019 3256 5083 quoque
3276 5001 3641 5065 Aristoteles
3662 5005 3947 5067 secundo

2458 5100 2535 5161 de
2562 5098 2995 5175 Generatione,
3017 5100 3200 5163 docet
3227 5110 3289 5163 et
3320 5101 3568 5182 probat,
3602 5101 3844 5167 scilicet
3880 5104 3945 5168 in

2456 5196 2870 5260 circulatione
2892 5197 3246 5261 coelestium
3278 5217 3613 5281 corporum
3645 5201 3815 5265 idem
3836 5224 3949 5266 nu-

2460 5314 2633 5358 mero
2658 5295 2838 5372 redit,
2864 5294 3160 5359 videlicet
3190 5296 3358 5358 idem
3388 5298 3505 5374 sol,
3532 5298 3682 5379 quia
3714 5301 3779 5362 in
3813 5300 3945 5362 illis
