4309 6259
598 1474 654 1517 111
663 1474 770 1529 περ.
781 1486 848 1516 xv.

657 1572 821 1615 Sensus

607 1636 796 1679 moralis.

877 482 996 546 222

1291 499 1638 547 ENARRATIO
1680 501 1742 546 IN
1785 501 1920 547 cAP.
1967 499 2048 545 XV
2092 499 2251 544 LIBRI
2294 498 2546 544 szcurml
2588 498 3117 545 PAMMPOMENON.
3162 518 3243 528 —
3282 500 3423 545 ΛΒΤ.
3470 498 3553 545 XV

875 682 1028 734 sunt
1056 675 1131 734 in
1159 674 1386 759 Israel.
1419 675 1722 734 Attamen
1751 692 1860 731 eor
1893 674 2028 733 Asa
2055 680 2195 731 erat
2216 689 2364 748 per-
2392 668 2446 731 A
2474 670 2813 754 Apostolus
2860 672 2939 734 ad
2978 670 3288 754 Ephesios
3321 688 3335 734 ε
3377 666 3837 733 confortamini
3884 665 3949 728 in
3998 689 4182 745 eptam.

873 772 1114 847 fectum
1159 772 1406 833 cunctis
1451 772 1676 831 diebus
1721 771 1882 848 ejus,
1936 770 2165 849 anue
2219 788 2363 849 quoe

876 878 1134 930 voverat
1167 878 1354 946 pater
1391 890 1549 929 suus
1577 878 1638 929 et
1675 870 1830 946 ipse,
1861 869 2092 929 intulit
2137 869 2209 927 in
2256 870 2363 927 do-

877 988 1059 1029 mum
1086 969 1383 1038 Domini,
1411 977 1752 1045 amentum
1787 976 1847 1028 et
1885 986 2153 1035 aurum,
2184 985 2364 1026 vaso-

877 1084 1153 1145 rumque
1197 1068 1521 1126 diversam
1575 1065 2055 1143 supellectilem.
2106 1067 2365 1125 Bellum

879 1184 1024 1224 vero
1053 1185 1182 1225 non
1212 1165 1366 1240 fuit,
1388 1185 1588 1244 usque
1617 1168 1704 1225 ad
1725 1165 2120 1225 tricesimum
2153 1164 2368 1243 [quin-

881 1266 1040 1340 tum]
1074 1283 1329 1324 annum
1358 1264 1546 1341 reyni
1574 1265 1730 1324 Asa.

957 1359 1176 1423 Cetera
1205 1360 1272 1422 in
1298 1361 1418 1424 hoc
1446 1360 1728 1442 capitulo
1759 1378 1888 1423 non
1917 1357 2225 1441 exposita,
2252 1365 2370 1421 ter-

878 1458 968 1520 tio
999 1457 1163 1521 libro
1195 1459 1433 1540 Regum
1467 1457 1674 1520 fusius
1703 1457 1990 1539 exposita
2019 1464 2190 1519 sunt.

957 1556 1292 1634 Moraliter,
1327 1577 1402 1620 ex
1441 1557 1564 1619 isto
1609 1556 1889 1638 capitulo
1920 1556 2223 1618 docemur
2262 1574 2374 1617 ex-

876 1655 1089 1737 emplo
1118 1654 1242 1716 Asa
1271 1654 1458 1735 regis,
1483 1657 1562 1717 de
1593 1654 1867 1735 acceptis
1897 1652 2232 1716 beneficiis
2258 1652 2363 1715 Dei

877 1771 1003 1815 non
1027 1753 1266 1830 extolli,
1303 1755 1412 1816 sed
1442 1752 1766 1832 regratiari
1800 1760 1864 1813 et
1893 1750 2367 1814 sacrificia'lau-

2472 769 2761 847 Domino,
2806 777 2870 833 et
2915 768 2981 831 in
3031 769 3318 852 potentia
3362 768 3618 834 virtutis
3668 766 3829 849 ejus.
3860 766 3955 829 In·
3982 755 4039 803 ¹⁰·
4062 756 4113 796 ¹¹·

2474 867 2651 931 duite
2690 877 3074 931 armaturam
3103 867 3238 945 Dei,
3274 876 3345 930 ut
3370 866 3627 950 possitis
3657 874 3824 928 stare
3852 864 3958 927 ad-

2474 985 2695 1029 versus
2724 965 2993 1029 insidias
3020 966 3281 1030 diaboli.
3313 964 3483 1029 Alibi
3511 983 3766 1047 quoque
3792 981 3807 1025 ε
3834 962 3956 1026 Sta·
4009 976 4181 1024 tenu.

2474 1063 2638 1127 biles
2676 1073 2879 1127 estote
2919 1073 2984 1127 et
3030 1062 3410 1142 immobileS,
3454 1064 3851 1127 abundantes
3892 1061 3956 1123 in
3981 1041 4041 1081 ⁵⁸·

2475 1181 2667 1245 opere
2695 1163 2944 1226 Domini
2974 1181 3245 1247 semper,
3281 1163 3551 1227 scientes
3578 1162 3748 1244 quod
3780 1160 3957 1224 labor

2476 1269 2685 1325 vester
2712 1280 2839 1325 non
2872 1270 2969 1324 est
3007 1262 3215 1324 inanis
3262 1262 3327 1323 in
3364 1261 3654 1325 Domino.
3688 1259 3848 1322 Hinc
3896 1267 3957 1321 et

2478 1356 2762 1423 Salvator
2789 1360 3120 1423 admonuit
3144 1378 3158 1421 :
3182 1359 3388 1424 Nolite
3415 1360 3663 1436 timere,
3686 1356 3957 1441 pusillus
3981 1370 4192 1418 Lucanas

2474 1475 2647 1537 grex,
2679 1458 2833 1540 quia
2859 1458 3245 1541 complacuit
3268 1458 3433 1522 Patri
3463 1458 3615 1521 dare
3644 1456 3831 1520 vobis
3871 1474 3958 1517 re-

2473 1574 2694 1636 gnum.
2727 1557 2861 1620 Non
2893 1557 3086 1637 igitur
3118 1556 3477 1638 fatigemur,
3508 1565 3619 1619 aut
3648 1554 3837 1619 taedio
3868 1553 3959 1617 af—

2479 1654 2774 1717 ficiamur
2822 1657 2888 1718 in
2933 1656 3043 1718 Dei
3089 1656 3372 1732 servitio,
3414 1656 3568 1737 quia
3622 1673 3749 1717 non
3809 1662 3959 1715 sunt
4006 1669 4191 1716 flos-,mn
4278 1708 4281 1714 .

2474 1754 2806 1834 condignae
2826 1755 3154 1835 passiones
3175 1763 3276 1817 aut
3296 1754 3575 1818 actiones
3596 1754 3789 1835 hujus
3811 1760 3962 1815 tem·
3988 1735 4044 1774 ¹⁸·

874 1852 975 1913 dis
1015 1850 1274 1929 offerre,
1311 1860 1500 1933 atque
1545 1852 1622 1914 de
1653 1852 1820 1914 bono
1862 1851 1926 1912 in
1960 1850 2190 1913 melius
2230 1870 2364 1913 cre-
2399 1854 2447 1915 Β
2475 1852 2647 1933 poris
2677 1852 2755 1914 ad
2784 1852 3050 1933 gloriam
3085 1852 3260 1915 illam
3302 1851 3603 1915 futuram.
3636 1852 3967 1914 Verumta-

873 1969 1069 2027 scere,
1106 1950 1392 2031 aliosque
1432 1951 1508 2012 ad
1541 1950 1804 2013 meliora
1847 1950 2125 2021 allicere,
2162 1958 2224 2011 et
2267 1968 2363 2011 er-

875 2056 1084 2111 rantes
1117 2068 1232 2131 pro
1271 2068 1456 2131 posse
1486 2057 1888 2121 convertere3
1923 2048 2113 2111 etiam
2145 2047 2199 2109 si
2234 2047 2362 2109 sint

870 2156 1186 2229 parenteS‚
1221 2147 1541 2228 corripere
1569 2147 1847 2228 graviter
1889 2146 2355 2227 delinquentes,

868 2243 1024 2307 Cum
1059 2246 1200 2327 ipso
1231 2246 1382 2309 item
1416 2265 1794 2310 renovemus
1832 2245 2118 2326 quotidie
2150 2244 2217 2306 in
2251 2262 2361 2306 no-

869 2342 969 2405 bis
1002 2343 1170 2406 bona
1188 2344 1552 2426 proposita;
1591 2362 1719 2407 non
1752 2351 1962 2405 tamen
1994 2342 2358 2405 vovendum

869 2449 966 2504 est
1014 2451 1124 2504 aut
1172 2442 1515 2523 jurandum
1565 2444 1644 2505 de
1688 2442 1780 2505 eis
1829 2440 2179 2518 servandis,
2234 2440 2359 2503 nisi

870 2560 1016 2604 cum
1064 2541 1522 2604 deliberatione
1569 2549 1838 2603 matura.
1872 2540 2219 2617 Postremo,
2272 2537 2360 2601 hi-

871 2639 1066 2702 storia
1093 2640 1285 2721 hujus
1316 2639 1580 2721 capituli
1609 2648 1704 2702 est
1735 2638 2095 2721 specialiter
2139 2656 2357 2719 regum

870 2757 942 2801 ac
974 2738 1336 2820 principum
1359 2738 1756 2815 instructiva‚
1783 2746 1853 2800 ut
1883 2738 2126 2801 scilicet
2155 2757 2362 2801 exem-

871 2837 978 2920 plo
1010 2837 1174 2917 regis
1207 2837 1413 2914 is'tiuS,
1448 2856 1563 2919 pro
1593 2836 2048 2900 reformatione
2075 2856 2361 2901 commu-

872 2936 938 2998 ni
972 2936 1164 2999 totius
1196 2936 1417 3018 populi
1449 2935 1549 2998 sui
1579 2936 1708 2998 sint
1739 2936 2020 3013 solliciti,
2057 2936 2359 2999 laboriosi

2472 1970 2620 2013 men
2652 1950 2996 2033 perfectius
3019 1960 3114 2014 est
3141 1959 3331 2033 atque
3359 1950 3663 2027 diviniuS‚
3690 1950 3817 2012 Deo
3836 1968 3962 2011 ser-

2474 2048 2607 2111 vire
2658 2049 2793 2111 solo
2850 2049 3087 2111 intuitu
3138 2057 3199 2112 et
3246 2068 3460 2113 amore
3506 2068 3635 2111 suae
3682 2045 3961 2109 infinitae

2471 2148 2798 2227 dignitatis
2828 2156 2893 2210 et
2930 2147 3463 2225 honorabilitatiS,
3494 2166 3688 2229 quam
3721 2164 3961 2209 merce-

2470 2246 2569 2307 dis
2603 2245 2859 2307 intuitu.
2894 2245 3128 2309 Tamen
3160 2246 3215 2307 si
3246 2254 3309 2309 et
3356 2246 3496 2329 ipsa
3530 2244 3961 2308 remuneratio

2472 2343 2785 2407 referatur
2815 2346 2892 2407 ad
2923 2344 3031 2407 Dei
3061 2364 3338 2408 amorem
3370 2352 3433 2407 et
3462 2344 3789 2420 honorem,
3828 2361 3959 2406 non

2470 2442 2851 2524 repugnabit
2891 2442 3295 2525 perfectioni,
3327 2444 3453 2506 Deo
3501 2451 3759 2525 propter
3804 2462 3961 2524 prae-

2470 2540 2670 2603 mium
2703 2542 2964 2606 servire.
2998 2541 3536 2616 Quemadmodum
3572 2542 3763 2603 etiam
3794 2541 3961 2604 cari-

2473 2639 2618 2702 tatis
2650 2640 2884 2704 divinae
2912 2642 3175 2723 puritati
3207 2650 3269 2703 et
3290 2639 3665 2723 perfectioni
3695 2658 3827 2703 non
3860 2641 3964 2703 de-

2470 2747 2669 2818 rogat,
2704 2739 2897 2801 Deum
2942 2739 3207 2819 diligere
3237 2748 3495 2822 propter
3534 2737 3857 2801 beneficia
3886 2758 3961 2800 ac

2471 2836 2732 2917 praemia
2779 2838 2919 2918 ejus
2968 2856 3077 2900 seu
3127 2837 3459 2919 promissa,
3502 2836 3556 2898 si
3604 2834 3957 2913 beneficia,

2468 2935 2733 3016 praemia
2761 2944 2823 2998 et
2853 2936 3165 3018 promissa
3189 2936 3431 3012 divina,
3454 2936 3531 2998 ad
3556 2936 3751 2999 Deum
3780 2944 3852 2998 et
3880 2937 3961 2999 ad

871 3056 945 3099 ac
977 3035 1228 3113 fervidi,
1255 3055 1478 3117 pravas
1511 3035 2000 3099 consuetudines
2020 3035 2361 3115 diligenter
2395 3035 2439 3098 C
2470 3032 2609 3113 ejus
2671 3034 3091 3097 reverentiam
3142 3053 3216 3097 ac
3262 3052 3543 3097 amorem
3586 3034 3801 3097 debite
3862 3054 3963 3098 or-

871 3134 1241 3216 exstirpent‚
1278 3153 1404 3196 una
1433 3154 1576 3196 cum
1608 3133 1794 3216 plebe
1816 3154 1930 3196 sua
1955 3141 2146 3215 atque
2176 3132 2361 3195 fami-

871 3233 958 3296 lia
985 3233 1060 3295 ad
1103 3233 1435 3296 ecclesiam
1482 3240 1843 3315 properent,
1877 3232 2166 3295 subditos
2209 3251 2357 3295 suos

869 3332 1064 3395 verbo
1110 3340 1173 3395 et
1218 3351 1407 3414 opere
1447 3331 1768 3395 aedificare
1809 3350 1936 3395 non
1985 3339 2257 3406 cessent,
2291 3340 2356 3394 et

869 3431 1038 3494 circa
1092 3439 1503 3513 augmentum
1552 3450 1625 3493 ac
1673 3430 2094 3494 reverentiam
2145 3431 2357 3493 cultus

869 3530 1074 3593 divini
1106 3529 1412 3592 exsistant
1453 3529 1686 3607 devoti,
1721 3537 1785 3592 et
1813 3529 2114 3592 liberales
2154 3528 2221 3590 in
2264 3528 2359 3591 of-

872 3627 1156 3691 ferendo.
1188 3628 1440 3691 Clerum
1480 3646 1632 3691 voro
1679 3636 1742 3690 et
1791 3628 2143 3709 religiosoS‚
2195 3646 2354 3708 quos

868 3728 1126 3809 propria
1165 3726 1541 3790 auctoritate
1583 3726 1927 3789 reformare
1958 3734 2021 3788 et
2048 3726 2358 3806 castigare

869 3846 997 3889 non
1045 3834 1332 3908 possunt,
1377 3844 1494 3889 nec
1539 3825 1793 3901 debent,
1836 3845 1873 3887 a
1921 3823 2357 3906 superioribus

869 3926 1000 3988 suis
1033 3925 1362 3989 reformari
1394 3932 1738 4007 procurent
1766 3942 1882 4006 pro
1913 3923 2181 3986 viribus,

947 4024 1250 4089 Omnibus
1297 4027 1554 4087 demum
1604 4024 1790 4087 nobis
1838 4022 2072 4086 dicitur
2121 4022 2187 4083 in
2236 4022 2357 4085 hoc

869 4123 1008 4187 loco
1052 4140 1065 4185 τ
1117 4128 1230 4184 Vos
1275 4142 1420 4199 erqo
1447 4124 1941 4201 confort-amini,
1969 4131 2029 4182 et
2057 4142 2187 4182 non
2236 4124 2361 4181 dis-

2469 3133 2791 3212 dinentur,
2834 3142 2897 3197 et
2942 3134 3339 3216 accipiantur
3390 3142 3689 3216 tanquam
3742 3135 3963 3198 media

2469 3231 2845 3309 necessaria,
2880 3232 3018 3295 sine
3055 3231 3290 3313 quibus
3322 3232 3517 3295 Deum
3544 3250 3693 3295 vere
3734 3240 3799 3294 et
3833 3232 3963 3315 ple·

2470 3346 2549 3389 ne
2594 3347 2827 3405 amare,
2862 3328 3152 3391 venerari
3191 3348 3264 3391 ae
3305 3327 3593 3391 obtinere
3636 3346 3767 3392 non
3814 3348 3966 3411 pos-

2469 3445 2712 3489 sumuS.

2562 3524 2824 3602 Rursus,
2876 3526 3047 3606 quod
3096 3524 3163 3586 in
3212 3526 3335 3588 isto
3380 3524 3659 3607 capitulo
3706 3524 3961 3587 dictum

2467 3632 2586 3701 est,
2620 3626 2700 3685 Si
2726 3626 3111 3704 quesieritis
3138 3628 3369 3696 Deum,
3404 3626 3747 3686 invenietis
3783 3646 3967 3695 eum,

2470 3722 2636 3804 parit
2674 3731 2737 3784 et
2780 3732 2969 3804 auget
3019 3722 3363 3798 fiduciam3
3396 3724 3569 3805 quod
3609 3742 3763 3788 vero
3814 3724 3969 3786 sub·

2469 3820 2778 3902 jungitur,
2814 3824 2893 3883 Si
2919 3832 3135 3882 autem
3162 3824 3638 3901 dereliqueritis
3662 3842 3843 3891 eum,
3862 3826 3969 3883 de-

2470 3921 2789 3999 relinquet
2816 3940 2947 3989 υοε,
2978 3920 3225 3982 inducit
3253 3920 3569 3983 timorem.
3606 3920 3750 3983 Ideo
3782 3920 3961 3983 enim

2470 4025 2533 4079 et
2562 4017 2901 4099 Apostolus
2928 4019 3089 4081 dixit
3122 4035 3135 4080 :
3168 4017 3281 4092 Qui
3316 4026 3459 4095 stat,
3492 4019 3705 4081 videat
3747 4039 3829 4082 ne
3858 4040 3969 4083 ca-
3994 4036 4233 4083 tecam.

2470 4116 2597 4177 dat.
2632 4115 2808 4178 Unde
2841 4126 2905 4179 et
2934 4116 3321 4197 ignoramuS,
3355 4116 3527 4198 quali
3562 4117 3788 4198 utique
3822 4118 3967 4181 sine

867 4226 1205 4283 solvantur
1233 4242 1466 4283 manus
1487 4230 1729 4282 vestrae.
1749 4222 1901 4281 Eric
1921 4222 2097 4281 enim
2128 4240 2358 4279 merces
2391 4217 2439 4278 D
2470 4214 2921 4277 concludemus
2942 4215 3105 4278 hanc
3128 4216 3325 4279 vitam
3351 4232 3365 4277 z
3393 4225 3727 4297 propterea
3756 4217 3967 4279 simus

869 4324 1047 4397 operi
1075 4330 1297 4382 vestro.
1323 4320 1449 4382 Hoc
1477 4319 1714 4381 etenim
1745 4327 1841 4382 est
1868 4318 2036 4400 quod
2071 4318 2357 4380 hortatur

2470 4311 2705 4393 jugiter
2738 4311 3037 4376 timorati.
