4309 6259
596 1676 746 1719 Eccli.
760 1688 843 1724 xix,

579 1739 647 1783 26.

599 4618 755 4663 Recte.
766 4633 836 4670 vn,

571 4683 639 4733 Εἰς
660 4681 834 4737 ΙΙΙΗερ.

570 4758 656 4796 vm,
677 4747 744 4788 46.

585 4816 673 4859 lob
685 4830 752 4868 vu,
772 4817 832 4869 =1;

568 4890 625 4929 tx,
651 4880 716 4922 20.

869 487 988 549 516

1689 500 2034 547 mannum
2077 500 2139 545 IN
2182 499 2319 545 CAP.
2366 497 2446 544 XV
2486 496 2611 542 1013.
2657 516 2739 527 —·
2779 498 2921 544 ΛΒΤ.
2965 497 3133 544 XXXV

866 682 964 736 θεῖ
1002 672 1340 749 mirabilia,
1373 671 1592 736 divina
1625 679 1689 734 et
1723 671 1853 733 alta
1885 670 2350 753 contemplanS,
2385 669 2436 729 A
2466 668 2528 730 id
2559 677 2654 731 est
2684 666 3575 744 nullus,immutabilis.Quod
3604 664 3953 747 dupliciter

865 775 1182 839 attonitos,
1198 772 1260 833 id
1284 780 1378 835 est
1399 771 1652 851 signum
1687 770 2009 833 interioris
2040 766 2355 851 superbiae

867 871 1330 951 praetendentes
1363 868 1518 932 foris
1551 869 1617 931 in
1648 870 1978 952 apertione
2010 876 2072 929 et
2101 866 2358 930 erectio—

869 986 970 1043 ne,
1003 971 1190 1029 habes
1234 973 1465 1030 oculos.
1507 969 1764 1050 Nempe,
1808 967 1920 1049 qui
1971 966 2123 1028 talia
2169 964 2358 1027 subli-

870 1066 999 1128 mia
1046 1066 1349 1144 intuetur,
1395 1067 1462 1130 in
1512 1076 1832 1149 stuporem
1882 1064 2241 1140 adducitur,
2278 1062 2359 1125 ab

869 1165 1288 1227 exterioribus
1318 1184 1576 1247 quoque
1604 1165 1981 1240 abstractim,
2006 1162 2223 1226 oculos
2254 1162 2359 1224 ha-

871 1262 979 1325 bet
1025 1263 1210 1344 quasi
1255 1264 1620 1345 pavefactos
1665 1263 1799 1326 sive
1839 1261 2165 1325 attonitos.
2199 1261 2361 1323 Inte-

873 1360 1002 1423 rior
1049 1361 1222 1423 enim
1275 1362 1609 1443 dispositio
1661 1362 1912 1437 animae,
1966 1360 2032 1421 in
2093 1358 2361 1421 exterio-

873 1457 1070 1536 ribuS,
1113 1460 1464 1541 praesertim
1516 1460 1582 1521 in
1624 1459 1788 1537 visu,
1837 1458 2242 1539 cognoscitur
2286 1476 2359 1519 ac

874 1559 1133 1635 relucet,
1165 1560 1342 1640 juxta
1374 1558 1544 1639 quod
1585 1557 1816 1637 legitur
1861 1557 1925 1618 in
1968 1556 2360 1619 Ecclesiasti-

873 1676 948 1719 co
983 1674 996 1718 :
1031 1658 1120 1719 Ex
1147 1656 1290 1722 visu
1318 1656 1720 1735 cognoscitur
1749 1656 1870 1733 vir,
1890 1663 1952 1717 et
1979 1655 2061 1718 ab
2089 1673 2358 1718 occursu

2468 785 2686 829 verum
2715 775 2831 829 θεῖ.
2863 767 3094 845 Primo,
3128 766 3429 847 quoniam
3458 765 3667 828 omnis
3709 772 3955 827 ereatu-

2466 884 2537 927 ra
2578 865 2861 947 aliquam
2908 865 3101 929 habet
3148 863 3660 941 variabilitatem,
3712 862 3842 926 imo
3888 870 3953 925 et

2469 963 2884 1027 variationem
2937 981 2951 1025 :
3006 963 3157 1044 quia
3206 963 3273 1025 in
3320 962 3524 1025 Beatis
3570 961 3761 1024 etiam
3808 969 3954 1043 post

2468 1062 2997 1125 resurrectionem
3018 1062 3142 1124 erit
3170 1061 3483 1125 successio
3511 1059 3957 1143 apprehensio-

2470 1179 2623 1223 num
2662 1160 2831 1224 circa
2867 1162 3158 1243 quaedam
3198 1159 3503 1223 inferiora
3544 1159 3816 1240 objecta,
3858 1178 3957 1220 se-

2468 1261 2747 1322 cundum
2776 1260 3235 1340 Augustinum3
3268 1278 3535 1341 corpora
3561 1276 3816 1339 quoque
3844 1258 3957 1321 ho-

2466 1358 2711 1421 minum
2732 1357 3114 1438 glorificata,
3134 1366 3322 1421 erunt
3341 1356 3606 1421 mobilia
3624 1356 3782 1420 loco.
3796 1356 3955 1419 Hinc

2467 1457 2843 1535 (secundum
2890 1456 3292 1538 Apostolum)
3332 1456 3503 1518 solus
3550 1456 3713 1517 Deus
3764 1454 3957 1517 habet

2470 1554 3027 1629 immortalitatem,
3050 1555 3114 1615 id
3137 1563 3234 1617 est
3262 1554 3691 1617 omnimodam
3724 1553 3957 1617 incom-

2468 1652 2982 1729 mutabilitatem,
3019 1653 3367 1715 secundum
3397 1651 3731 1732 Augustini
3764 1651 3958 1713 inter-

875 1755 1062 1819 faciei
1093 1755 1493 1835 cognoscitur
1521 1762 1833 1816 sensatuS.
1853 1754 2067 1834 ltaque
2098 1752 2358 1834 Eliphaz
2469 1752 2912 1833 pretationem.
2946 1750 3254 1826 SecundO,
3289 1750 3589 1833 quoniam
3631 1750 3837 1813 omnis
3868 1750 3959 1813 in·

869 1854 1163 1931 intendit,
1198 1854 1367 1935 quod
1402 1851 1518 1915 Job
1557 1872 1633 1914 cx
1677 1850 1977 1933 superbia
2025 1853 2215 1914 talem
2263 1871 2359 1913 as·
2395 1858 2441 1921 Β
2474 1849 2848 1937 tellectualis
2886 1859 3196 1925 creatura,
3228 1849 3419 1911 etiam
3460 1849 3769 1930 angelica,
3804 1848 3956 1929 quia

865 1953 1136 2034 sumpsit
1165 1952 1496 2015 oculorum
1519 1950 2356 2032 qualificationem‚qualem
2468 1968 2543 2009 ex
2572 1948 2777 2011 nihilo
2804 1956 2921 2023 est,
2956 1955 3020 2011 et
3048 1948 3292 2009 distans
3322 1968 3359 2009 a
3388 1966 3503 2010 suo
3542 1946 3698 2023 fine,
3734 1965 3957 2009 secun-

865 2050 1072 2114 solent
1115 2050 1349 2113 habere
1399 2049 1718 2131 sapientes
1773 2048 2022 2128 magnis
2073 2057 2359 2111 contem·
2468 2046 2619 2108 dum
2649 2065 2716 2109 εθ
2744 2054 2999 2128 accepta
3030 2065 3105 2107 ac
3139 2045 3361 2122 libera,
3382 2044 3752 2107 naturaliter
3776 2043 3955 2107 flecti

868 2149 1104 2231 plando
1153 2149 1407 2225 intenti,
1461 2156 1774 2229 quatenus
1833 2147 1970 2230 ipse
2027 2156 2359 2228 putaretur
2468 2153 2677 2226 potest
2706 2145 2841 2209 sive
2874 2144 2938 2206 in
2970 2144 3232 2221 bonum,
3258 2144 3393 2208 sive
3424 2144 3492 2205 in
3518 2144 3779 2206 malum.
3800 2143 3960 2206 Con-

867 2247 1169 2309 sublimia
1215 2246 1638 2309 considerare.
1683 2246 1758 2307 Et
1805 2246 1898 2307 sic
1945 2245 2136 2307 etiam
2182 2252 2360 2307 notat
2467 2242 2899 2305 firmationem
2946 2252 3159 2304 autem
3203 2242 3271 2304 in
3321 2242 3490 2305 bono
3532 2243 3793 2305 sortitur
3842 2260 3959 2323 per

865 2365 1010 2409 eum
1041 2346 1418 2428 hypocrisis.
2464 2342 2731 2422 gratiam
2757 2366 2771 2416 3
2816 2340 3309 2404 obstinationem
3340 2341 3406 2403 in
3437 2340 3606 2403 malo
3636 2359 3751 2422 per
3780 2340 3959 2403 mali-

949 2448 1122 2514 Quid
1153 2455 1349 2505 tumet
1378 2456 1600 2505 contra
1631 2447 1862 2513 Deum,
1896 2442 1961 2504 id
2001 2450 2096 2504 est
2133 2442 2211 2503 ad
2251 2442 2354 2503 Dei

866 2544 1316 2606 contumeliam
1356 2552 1546 2623 atque
1587 2541 1890 2622 injuriam
1920 2549 1982 2601 et
2012 2548 2236 2602 contra
2264 2540 2357 2621 ip-

867 2640 998 2702 sius
1026 2640 1362 2721 justitiam,
1394 2641 1670 2716 spiritus
1722 2649 1869 2698 tuus
1892 2640 1921 2697 ἓ
1959 2638 2111 2719 quia
2160 2637 2245 2699 ita
2294 2646 2356 2699 te

2468 2440 2618 2501 tiam
2649 2438 2995 2521 propriam.
3029 2439 3156 2502 Hoc
3187 2439 3353 2501 idem
3386 2438 3645 2521 Eliphaz
3664 2438 3826 2501 dixit
3856 2458 3959 2501 su-

2466 2556 2579 2620 pra
2615 2555 2628 2599 :
2664 2538 2823 2600 Ecce
2852 2536 2962 2618 qui
2994 2537 3282 2601 serviunt
3309 2536 3390 2613 ei,
3424 2555 3552 2600 non
3582 2545 3731 2599 sunt
3760 2536 3957 2599 stabi-

2466 2636 2573 2711 leS,
2591 2644 2654 2699 et
2677 2636 2742 2697 in
2764 2636 3007 2716 angelis
3034 2636 3167 2697 suis
3189 2635 3423 2718 reperit
3444 2637 3815 2718 pravitatem
3840 2654 3855 2697 :
3876 2638 3959 2699 dc

2467 2754 2739 2815 quorum
2791 2734 3217 2815 intelligentia
3265 2733 3519 2816 plenius
3568 2734 3805 2797 dictum
3858 2744 3960 2797 est

2466 2834 2580 2895 ibi.
2620 2838 2701 2895 Et
2732 2836 2874 2895 coeli
2906 2854 3033 2894 non
3061 2844 3213 2894 sunt
3252 2836 3488 2894 mundi
3518 2836 3586 2894 in
3618 2845 3957 2913 conspectu

866 2738 1109 2817 laudaS,
1130 2747 1198 2801 ut
1217 2738 1500 2801 divinam
1531 2737 1844 2817 justitiam
1876 2754 2089 2815 negeS,
2115 2744 2179 2799 et
2209 2755 2353 2799 cum

866 2838 990 2900 Deo
1022 2836 1204 2917 quasi
1234 2854 1377 2898 cum
1411 2834 1548 2916 pari
1586 2834 1969 2897 contendere
2002 2853 2114 2897 seu
2143 2834 2357 2916 dispu-

866 2944 998 2997 tare
1049 2953 1341 3016 usurpas,
1389 2934 1533 2996 Ideo
1577 2934 1776 3010 addit,
1819 2944 1891 2994 uc
1933 2935 2231 3012 proferas
2276 2938 2356 2994 de
2463 2938 2630 3009 ejus,
2661 2932 2722 2993 id
2756 2940 2871 3007 θεῖ,
2907 2950 3023 2994 nec
3062 2931 3234 2995 cives
3268 2950 3386 2994 nec
3424 2931 3610 2994 orbes
3644 2931 3955 2995 coelorum

864 3054 971 3093 ore
1014 3043 1119 3092 tuo
1163 3033 1540 3109 hujusmodi
1579 3052 1893 3092 sermones
1924 3053 1947 3091 .·
1980 3050 2140 3112 quos
2172 3030 2353 3094 nefas
2392 3041 2435 3103 C
2468 3032 2689 3092 mundi
2720 3039 2867 3092 sunt
2890 3031 3365 3113 comparatione
3388 3031 3647 3112 Dei‚qui
3676 3030 3958 3093 infinitae

865 3140 962 3193 est
1007 3139 1220 3193 mente
1261 3138 1569 3206 tractare3
1612 3130 1900 3212 concepti
1932 3140 2168 3207 autem,
2207 3140 2356 3193 sunt
2465 3138 2561 3191 est
2597 3128 2916 3211 puritatis,
2952 3128 3116 3191 sicut
3158 3130 3631 3211 comparatione
3668 3130 3805 3210 ejus
3846 3149 3959 3191 ne-

867 3227 1275 3310 reprimendi,
1310 3247 1390 3289 ne
1438 3227 1595 3290 foris
1643 3237 2003 3310 erumpant.
2037 3228 2197 3291 Hinc
2246 3247 2353 3291 eos

866 3326 1004 3388 sine
1033 3345 1266 3408 pavore
1303 3326 1613 3408 proferre,
1662 3326 2076 3388 intolerandae
2119 3336 2217 3389 est
2259 3347 2356 3389 ar-

865 3425 1188 3505 rogantiae.
1223 3425 1322 3488 Sic
1351 3426 1610 3507 Eliphaz
1641 3425 1980 3488 aestimavit
2005 3425 2120 3489 Job
2151 3447 2355 3509 repre-

864 3522 1293 3600 hendendum,
1309 3526 1461 3605 quia
1491 3524 1684 3585 nimis
1710 3543 1777 3586 εθ
1794 3524 2267 3605 justificaverit,
2285 3532 2355 3586 ut

863 3621 1122 3703 Eliphaz
1149 3621 1517 3704 apparebat.
1537 3623 1711 3685 Unde
1743 3623 1974 3703 adjecit
2008 3641 2022 3684 ε
2062 3627 2236 3692 Quid
2265 3633 2353 3684 esc

864 3723 1047 3781 homo
1095 3730 1167 3780 ut
1213 3724 1672 3781 immaculatus
1718 3723 1853 3781 sic?
1884 3721 1948 3782 id
1994 3730 2111 3799 est,
2160 3722 2353 3784 homo

863 3838 992 3881 non
1040 3827 1137 3881 est
1179 3827 1304 3880 tam
1347 3819 1716 3881 excellentis
1757 3828 2018 3897 naturae,
2055 3830 2126 3882 ut
2157 3821 2355 3884 incul-

863 3916 1164 3999 pabiliter
1203 3926 1638 3979 conversetur.
1670 3922 1756 3979 Et
1779 3920 2003 3995 justus
2041 3930 2355 3997 appareat

863 4016 1075 4093 hom0,
1110 4015 1218 4096 qui
1259 4026 1455 4077 natus
1493 4024 1586 4078 est
1626 4020 1704 4076 de
1745 4020 2067 4077 malim-e?
2095 4026 2356 4101 propter

863 4116 1032 4195 quod
1067 4114 1309 4195 fragilis
1331 4122 1426 4176 est
1449 4123 1710 4191 naturae,
1732 4116 2078 4198 praesertim
2115 4116 2181 4177 in
2212 4116 2357 4179 ado-

2466 3247 2569 3290 mo
2615 3228 2821 3291 bonus
2870 3235 2981 3289 aut
3028 3228 3305 3309 sapicnS.
3355 3228 3422 3289 ln
3470 3229 3647 3291 omni
3696 3248 3959 3309 quoque

2466 3335 2753 3390 creatura
2800 3336 2897 3389 est
2944 3326 3187 3407 aliquid
3233 3327 3737 3408 potentialitatiS,
3779 3327 3961 3389 defe-

2466 3424 2821 3488 ctibilitatis
2870 3444 2943 3487 ac
2994 3424 3361 3505 indigentiae
3412 3443 3427 3487 z
3478 3434 3735 3508 propter
3781 3427 3959 3506 quod

2466 3524 2706 3603 indiget
2746 3522 3181 3586 indesinenter
3220 3524 3581 3587 conservari
3618 3543 3657 3585 a
3686 3524 3831 3587 Deo.
3872 3524 3959 3587 De

2466 3623 2585 3684 hoc
2613 3622 2857 3684 dictum
2889 3640 3056 3703 saepe
3087 3629 3277 3701 atque
3305 3620 3571 3684 diffuse.

2548 3726 2798 3791 Quanto
2822 3722 3027 3797 mayis
3048 3722 3502 3781 abominabilis
3523 3740 3637 3802 per
3660 3720 3961 3802 graviora

2465 3828 2745 3902 peccata,
2765 3829 2824 3880 et
2850 3821 3112 3879 itzatilis
3141 3838 3254 3901 per
3282 3826 3539 3901 peccata
3566 3820 3833 3893 minora,
3856 3824 3963 3882 Ιιο-

2468 3940 2593 3989 m0,
2624 3921 2740 3999 qui
2780 3921 2934 3979 bibit
2975 3920 3165 3997 quasi
3206 3939 3447 3997 aqua-m
3488 3920 3963 3999 iniquitatem?

2466 4018 2531 4079 id
2560 4026 2676 4094 est,
2713 4036 2825 4099 per
2868 4035 3250 4080 consensum
3289 4036 3427 4079 eam
3468 4016 3633 4078 intra
3664 4036 3730 4079 se
3763 4018 3964 4079 trahit

2465 4124 2529 4178 et
2567 4115 2759 4195 glutit
2808 4124 2935 4177 tam
2986 4114 3423 4191 immoderate,
3455 4114 3853 4195 abundanter
3896 4126 3963 4179 et

863 4213 1167 4276 lescentia
1197 4230 1435 4294 pronus
1466 4214 1542 4276 ad
1578 4214 1754 4290 vitia,
1789 4222 1850 4276 et
1891 4213 2120 4277 debilis
2167 4215 2355 4277 ratio-
2386 4222 2435 4283 D
2466 4222 2779 4297 prompte,
2817 4223 2888 4275 ut
2934 4213 3177 4275 bibitur
3219 4232 3382 4294 aqua
3416 4230 3429 4274 :
3465 4232 3607 4294 quae
3644 4232 3783 4275 cara
3824 4234 3959 4278 non

867 4330 967 4389 nc,
1002 4312 1300 4376 videlicet
1347 4311 1659 4394 sapientia
1703 4322 1765 4376 et
1807 4313 2150 4376 virtutibus
2198 4332 2357 4375 non·

867 4410 1016 4471 dum
1064 4408 1344 4491 perfecte
1379 4418 1681 4471 armatuS.
1716 4411 1975 4493 Propter
2013 4413 2185 4492 quod
2216 4412 2355 4474 sine

866 4507 1142 4590 peccatis
1171 4525 1298 4569 non
1331 4507 1511 4585 vivit,
1536 4508 1700 4571 sicut
1729 4518 1791 4571 et
1821 4510 2114 4573 Salomon
2148 4509 2355 4591 loqui-

868 4614 1009 4667 tur:
1035 4606 1168 4668 Non
1199 4614 1295 4667 est
1323 4605 1512 4669 homo
1543 4626 1733 4690 super
1763 4617 1992 4670 terram
2016 4608 2130 4689 qui
2163 4607 2355 4670 faciat

861 4704 1127 4782 honum,
1161 4712 1223 4767 et
1253 4723 1379 4767 non
1410 4714 1647 4786 peccet.
1683 4706 1825 4781 Sed,
1859 4715 1929 4768 ut
1961 4715 2133 4786 patet
2161 4725 2237 4769 ex
2265 4706 2355 4770 di·

865 4802 1006 4879 ctiS,
1041 4821 1158 4866 nec
1185 4801 1301 4865 Job
1333 4802 1452 4864 ista
1492 4803 1766 4882 negavit,
1801 4812 1864 4866 et
1903 4804 2163 4886 Eliphaz
2207 4824 2353 4867 cum

863 4902 1088 4965 ceteris
1109 4901 1920 4983 condisputantibus,verba
1944 4903 2142 4983 magis
2164 4923 2351 4984 quam

863 5009 1142 5063 mentem
1169 4999 1285 5062 Job
1314 5000 1636 5062 multoties
1669 5000 2110 5081 reprobarunt.

941 5101 1105 5159 Ecce
1145 5101 1315 5158 inter
1342 5107 1590 5158 sanctos
1619 5100 1759 5175 ejus
1787 5117 1811 5161 .·
1843 5099 1978 5161 sive
2017 5099 2146 5161 sint
2186 5119 2358 5164 com-

861 5197 1301 5278 prehensoreS,
1341 5205 1408 5258 ut
1435 5196 1608 5260 cives
1637 5198 1958 5272 coelcstes3
1993 5198 2129 5261 sive
2161 5199 2358 5262 viato—

860 5313 982 5373 reS,
1009 5304 1080 5357 ut
1100 5295 1221 5360 viri
1251 5294 1514 5373 heroici,
1537 5295 1764 5373 divini,
1807 5295 2076 5378 perfecti
2097 5316 2113 5378 ;
2143 5318 2358 5368 nem0,

2464 4322 2582 4389 est,
2614 4320 2873 4395 propter
2903 4313 3072 4393 quod
3114 4312 3253 4373 sine
3291 4310 3680 4375 difficultate
3720 4312 3961 4395 accipi-

2466 4420 2589 4473 tur.
2610 4412 2685 4473 Et
2708 4430 2820 4493 per
2842 4410 3169 4473 hominem
3199 4410 3391 4487 hunc,
3413 4409 3716 4491 intelligit
3743 4411 3959 4493 ipsum

2462 4511 2578 4574 Job
2612 4528 2625 4572 :
2660 4530 2850 4592 quem
2891 4530 2967 4572 ex
3006 4509 3425 4572 detestatione
3465 4528 3593 4572 non
3628 4509 3953 4591 exprimit,

2465 4609 2999 4691 quemadmodum
3029 4627 3145 4670 nec
3174 4607 3371 4670 Judaei
3400 4607 3609 4670 Iesum
3632 4607 3955 4671 Christum

4026 1478 4039 1521 Ι
4060 1480 4159 1521 Tin.
4172 1494 4217 1525 u,

3987 1546 4049 1585 ¹6.

2463 4727 2677 4770 coram
2705 4708 2924 4783 Pilato,
2959 4708 3243 4769 dicentes
3273 4724 3287 4768 ε
3320 4706 3453 4770 Non
3484 4706 3679 4783 hunc,
3712 4707 3819 4769 scd
3848 4708 3957 4770 Ba·
3980 4732 4211 4775 Jomum

2464 4805 2749 4869 rabbam.
2784 4806 2859 4867 Et
2891 4806 3119 4868 iterum
3154 4823 3168 4867 :
3204 4806 3382 4868 Hunc
3414 4805 3773 4869 invenimus
3800 4806 3954 4869 sub-
3982 4796 4049 4836 ⁴⁰·

4008 4856 4107 4898 Luc.
4118 4866 4206 4894 um.

2466 4912 2812 4966 vertentem
2844 4910 3097 4982 gentem
3129 4901 3753 4965 nostram.Similiter
3782 4903 3884 4965 inf
3888 4922 3955 4964 ra
3984 4922 4023 4962 2.

2464 5002 2605 5063 Eliu
2637 5002 2762 5063 ait:
2789 5001 2938 5074 Quis
2971 5009 3065 5062 est
3097 5000 3195 5064 vir
3224 5008 3293 5061 ut
3321 4998 3459 5075 Job,
3481 5001 3592 5081 qui
3622 5001 3785 5064 bibit
3810 5002 3955 5065 sub-

2465 5100 2905 5162 sannationem
2954 5099 3136 5180 quasi
3186 5101 3463 5179 aquam?
3494 5099 3561 5161 In
3612 5099 3711 5161 his
3756 5108 3953 5181 atque

2465 5200 2786 5261 similibus
2829 5198 3229 5261 considerare
3270 5206 3335 5260 et
3375 5196 3609 5259 imitari
3647 5198 3953 5263 debemus

2465 5296 2956 5379 persecutiones,
2970 5296 3322 5358 derisiones
3344 5304 3407 5357 et
3425 5296 3797 5377 patientiam
3820 5314 3957 5359 san-

4004 5026 4081 5069 lot
4096 5034 4205 5065 miv.

3982 5090 4020 5131 7.
