4309 6259
851 493 970 557 482

1687 509 2034 557 mauriano
2075 509 2138 555 IN
2181 508 2318 556 cAP.
2352 508 2441 554 111
2481 508 2607 554 JOB.
2652 528 2733 539 -
2772 511 2915 556 Am.
2961 510 3114 556 xxlx

855 689 978 757 tur,
1011 684 1544 763 quemadmodum
1597 700 1709 763 per
1756 681 1978 743 lsaiam
2027 681 2208 742 Pater
2257 680 2343 741 lo·
2372 678 2419 741 Α
2452 681 2695 743 suerint
2724 690 2915 763 atque
2944 681 3363 759 decreverint,
3396 683 3577 764 juxta
3609 682 3768 744 illud
3796 683 3943 745 Pro-

557 799 826 851 stanna-1.
854 780 1072 860 quitur
1100 780 1387 843 Christo:
1415 779 1566 842 Dedi
1598 788 1657 841 te
1691 779 1755 840 in
1790 778 1996 841 lucem
2027 777 2338 857 gentium,

855 887 926 940 ut
969 880 1248 961 aperires
1292 878 1512 942 oculos
1561 896 1896 953 caecorum,
1933 884 1996 939 et
2039 877 2342 938 educeres

849 977 929 1039 de
959 978 1372 1041 conclusione
1402 977 1710 1051 vinctum,
1744 976 1824 1037 de
1852 976 2042 1037 domo
2073 973 2343 1037 carceris

849 1076 1140 1138 sedentes
1180 1076 1244 1137 in
1287 1076 1588 1139 tenebriS.
1623 1075 1800 1137 Unde
1840 1081 1903 1136 et
1943 1073 2215 1135 Thomas
2254 1073 2345 1133 di-

849 1172 973 1235 cit:
1009 1174 1242 1236 Umbra
1273 1174 1518 1249 mortiS,
1543 1172 1904 1255 ignorantia
1934 1173 2033 1236 vel
2071 1171 2345 1233 stultitia

849 1291 988 1335 esse
1035 1273 1307 1349 videtur,
1354 1292 1553 1354 quum
1605 1292 1718 1353 per
1770 1272 2201 1351 cognitionem
2252 1268 2343 1330 vi-

847 1370 1064 1433 ventia
1103 1390 1142 1433 a
1190 1389 1318 1433 non
1372 1369 1736 1433 viventibus
1786 1369 2058 1431 maxime
2119 1368 2344 1430 distin-

847 1478 1142 1548 guantur.
1179 1469 1472 1532 Producit
1511 1485 1658 1547 ergo
1691 1466 1982 1529 umbram
2018 1466 2243 1529 mortis
2274 1466 2342 1528 in

850 1567 1081 1641 lucem,
1114 1567 1268 1628 dum
1316 1565 1759 1646 ignorantibus
1807 1565 2188 1647 sapientiam
2239 1564 2345 1625 tri-

849 1664 1012 1740 buit,
1047 1664 1149 1727 vel
1195 1665 1533 1746 sapienteS‚
1567 1683 1840 1746 quorum
1871 1663 2184 1745 sapientia
2222 1662 2347 1724 fuit

855 1762 1092 1844 ignota,
1129 1763 1446 1845 sapientes
1479 1782 1618 1826 esse
1649 1761 1948 1825 ostendit..

2454 779 2815 841 verbiorum
2864 797 2877 840 ε
2924 780 3042 841 Cor
3089 780 3255 859 regis
3299 780 3365 842 in
3410 799 3601 841 manu
3643 781 3749 843 Dei
3796 790 3938 853 est:
4006 800 4257 843 Promo.

2450 896 2857 959 quocumque
2900 878 3199 954 voluerit,
3233 885 3436 941 vertet
3478 878 3656 940 illud.
3694 879 3777 939 Ex
3806 896 3941 960 quo
3976 867 4019 905 ¹·

2454 974 2814 1053 innotescit,
2852 976 3231 1058 sapientiam
3255 976 3363 1039 Dei
3396 976 3623 1038 intima
3650 976 3939 1039 cordium

2452 1073 2711 1136 intueri.
2746 1075 2923 1137 Unde
2953 1075 3161 1156 primo
3190 1074 3429 1155 Regum
3460 1076 3539 1138 de
3570 1075 3753 1138 Saule
3790 1094 3943 1137 con-

2452 1172 2754 1234 scribitur
2788 1190 2801 1234 :
2837 1173 3201 1235 immutavit
3228 1173 3288 1235 ei
3321 1174 3485 1235 Deus
3514 1191 3621 1237 cor
3638 1173 3833 1235 aliud.
3854 1176 3943 1234 Et
3984 1186 4131 1240 tna-9.
4152 1191 4255 1234 no.

2451 1272 2691 1347 decipit
2728 1290 2852 1340 eoa,
2885 1270 2949 1331 id
2995 1278 3110 1346 est,
3147 1270 3292 1332 falli
3338 1271 3671 1351 permittit,
3704 1270 3943 1333 illumi-

2456 1367 2778 1430 nationem
2832 1386 3011 1429 suam
3059 1369 3229 1449 juste
3280 1369 3731 1443 subtrahendo,
3778 1370 3945 1431 sicut

2455 1465 2521 1526 in
2563 1465 2891 1529 Ezechiele
2930 1466 3237 1548 scriptum
3276 1468 3409 1548 Jam
3449 1467 3671 1541 retuli3
3704 1478 3777 1527 ut
3803 1469 3947 1545 fru-

2452 1575 2589 1624 stra
2621 1567 2946 1637 incedant,
2983 1565 3047 1626 id
3088 1572 3205 1642 est,
3244 1566 3519 1628 inaniter
3560 1566 3821 1628 tendant
3862 1567 3944 1627 ad

2460 1661 2657 1725 finem
2709 1664 3048 1738 intentum,
3089 1684 3205 1741 per
3252 1667 3531 1735 invium,
3576 1664 3638 1726 id
3688 1672 3781 1727 est
3830 1683 3946 1745 per

2458 1760 2752 1823 falsitatis
2784 1771 2846 1823 et
2887 1761 3235 1843 impietatis
3275 1780 3467 1843 opera
3504 1772 3697 1844 atque
3738 1762 3947 1826 consi-

942 1863 1067 1928 ραι·
1105 1864 1498 1939 multiplicat
1521 1872 1757 1937 yenteS,
1792 1879 1903 1942 per
1944 1860 2342 1923 nativitatem
2380 1865 2427 1927 B
2458 1860 2563 1936 lia,
2600 1879 2712 1941 per
2758 1880 2902 1941 quae
2950 1862 3027 1922 ad
3080 1859 3278 1923 finem
3332 1880 3459 1923 non
3510 1862 3945 1943 perducuntur

593 1975 804 2027 Pana.
854 1958 1160 2039 quotidie,
1180 1959 1357 2040 juxta
1388 1960 1544 2022 illud
1580 1960 1644 2021 in
1667 1960 1912 2023 Psalmo
1939 1976 1952 2019 ε
1980 1958 2341 2021 Secundum

851 2056 1258 2119 altitudinem
1304 2065 1476 2119 tuam
1527 2057 1965 2138 multiplicasti
2016 2056 2187 2118 filios
2233 2056 2344 2118 ho-

851 2155 1120 2218 minum.
1156 2155 1529 2239 Multiplicat
1557 2176 1815 2239 quoque
1845 2164 2067 2237 gentes
2101 2174 2215 2238 per
2246 2155 2343 2216 di-

852 2255 1181 2319 versitates
1213 2256 1567 2331 nationum,
1589 2264 1924 2331 terrarum,
1952 2255 2339 2335 linguarum,

847 2354 1369 2435 quemadmodum
1393 2362 1537 2435 post
1558 2352 1861 2415 diluvium
1886 2353 1950 2415 in
1973 2352 2346 2416 constructi-

851 2470 970 2515 one
1002 2452 1194 2515 turris
1215 2450 1418 2527 Bahel,
1435 2450 1726 2513 confudit
1758 2450 1998 2512 labium
2030 2450 2345 2513 univcrsae

587 2571 693 2615 Gen.
715 2572 826 2622 ηε.
853 2550 1086 2627 carniS‚
1106 2558 1294 2631 prout
1326 2549 1389 2611 in
1421 2548 1648 2612 Genesi
1691 2548 1922 2627 legitur
1957 2566 1970 2609 ε
2007 2548 2345 2611 Descendit

562 2636 603 2678 ⁸·
855 2649 1158 2711 Dominus
1210 2656 1280 2709 ut
1327 2647 1574 2709 videret
1629 2646 1952 2710 civitatem
2005 2656 2067 2709 et
2117 2647 2344 2708 turrim

853 2766 1044 2827 quam
1087 2745 1562 2809 aedificaverant
1606 2744 1731 2806 filii
1772 2745 1993 2819 Adam,
2029 2754 2092 2808 et
2129 2746 2293 2807 dixit
2326 2762 2341 2806 ε

853 2844 1011 2907 Ecce
1057 2863 1224 2905 unus
1271 2851 1368 2905 est
1415 2842 1690 2925 populus
1733 2850 1794 2905 et
1845 2843 2084 2905 labium
2133 2863 2333 2906 unum

851 2943 1173 3007 omnibuS.
1193 2942 1418 3005 Venite
1447 2960 1619 3024 ergo,
1652 2950 1716 3004 et
1746 2941 2217 3005 confundamus
2252 2942 2339 3004 ibi

2455 1968 2763 2039 optatum,
2794 1959 2961 2021 sicut
2990 1978 3104 2041 per
3127 1959 3465 2022 Jeremiam
3500 1960 3733 2022 dicitur
3762 1959 3947 2022 Sede—

2454 2058 2569 2120 ciae
2599 2058 2732 2137 regi
2766 2076 2779 2118 ε
2819 2058 3216 2120 Seduxerunt
3254 2066 3337 2134 te,
3371 2066 3434 2121 et
3472 2058 3941 2140 praevaluerunt
3968 2081 4255 2125 anunm.

2455 2157 2755 2218 adversus
2784 2164 2847 2218 te
2876 2174 3097 2219 omnes
3130 2156 3252 2219 viri
3282 2156 3542 2238 pacifici
3586 2156 3700 2219 tui.
3973 2146 4047 2186 ⁸⁴·

2534 2258 2934 2334 Palpabunt,
2967 2255 3030 2317 id
3062 2264 3179 2331 est,
3214 2256 3592 2337 periculose,
3630 2256 3851 2318 timide
3882 2265 3947 2318 et

2453 2353 2721 2416 dubiose
2759 2354 3077 2429 incedent,
3110 2354 3293 2435 quasi
3338 2362 3581 2417 certum
3616 2374 3687 2417 ac
3714 2374 3943 2417 sanum

2454 2451 2795 2513 consilium
2824 2470 2953 2514 non
2984 2451 3313 2527 habentes,
3349 2454 3538 2533 quasi
3568 2456 3641 2513 in.
3674 2455 3946 2513 tenebris

2456 2550 2851 2631 ignorantiae,
2876 2550 2941 2611 in
2976 2550 3209 2631 quibus
3242 2569 3389 2613 vere
3420 2560 3588 2626 sunt,
3622 2562 3681 2611 et
3710 2572 3837 2613 non
3868 2554 3945 2611 in

2456 2654 2594 2709 luce
2626 2648 2911 2710 veritatis
2944 2658 3134 2730 atque
3170 2649 3458 2730 justitiae.
3488 2649 3627 2724 Vel,
3659 2649 3843 2723 Quasi
3876 2650 3945 2711 in

2457 2747 2761 2816 tenebriS,
2799 2747 2863 2808 id
2899 2756 3016 2821 est,
3052 2747 3217 2809 sicut
3244 2746 3643 2810 ambulantes
3675 2747 3741 2809 in
3774 2756 3949 2811 tene-

2457 2844 2588 2907 bris
2622 2844 2829 2907 solent
2860 2845 3146 2927 palpare‚
3186 2864 3267 2907 ne
3305 2864 3373 2907 se
3414 2845 3644 2908 laedant
3686 2854 3797 2907 aut
3838 2864 3951 2927 pe-

2456 2944 2597 3005 dem
2649 2942 3008 3006 offendant.
3052 2944 3181 3007 Hoc
3224 2944 3459 3025 dicitur
3506 2954 3815 3026 quantum
3864 2946 3949 3007 ad

853 3042 1136 3122 linguam
1167 3059 1407 3103 eorum.
1433 3041 1509 3101 Et
1539 3039 1760 3104 divisit
1793 3060 1899 3103 eos
1930 3040 2237 3103 Dominus
2266 3060 2342 3104 ex
2381 3050 2425 3113 C
2456 3061 2585 3118 θοε,
2630 3042 2741 3124 qui
2789 3061 2865 3105 ex
2910 3042 3268 3122 ignorantia
3308 3051 3519 3105 errant
3558 3051 3621 3107 et
3660 3054 3948 3125 peccant.

852 3141 964 3203 illo
1013 3141 1152 3203 loco
1200 3140 1266 3201 in
1325 3139 1658 3202 universas
1728 3148 1945 3202 terraS.
2001 3144 2082 3201 Et
2121 3142 2345 3217 perdit

849 3260 979 3310 eae,
1011 3257 1124 3320 per
1166 3239 1418 3302 diversa
1465 3257 1697 3320 genera
1737 3238 1982 3313 mortiS,
2017 3247 2173 3319 puta
2230 3257 2344 3321 per

852 3336 1301 3419 pestilentiam,
1342 3336 1596 3413 famem,
1631 3336 1938 3417 gladium,
1975 3345 2036 3399 et
2081 3355 2197 3418 per
2242 3336 2346 3399 be-

855 3436 1008 3498 stias
1039 3444 1240 3512 terrae,
1275 3454 1387 3497 seu
1428 3435 1618 3497 aliam
1657 3435 1935 3517 speciem
1977 3435 2222 3498 mortis.
2258 3436 2345 3498 De

559 3549 826 3600 auctam,
855 3533 1089 3615 quibus
1128 3535 1216 3597 ait
1257 3534 1322 3596 in
1355 3532 1679 3597 Ezechiele
1713 3532 2084 3615 frequenter
2117 3552 2131 3595 :
2169 3532 2344 3607 Quod

560 3615 630 3655 ²¹·
857 3630 910 3691 si
943 3632 1174 3695 misero
1206 3632 1272 3694 in
1301 3651 1410 3695 eos
1440 3642 1715 3713 quatuor
1743 3632 1985 3714 judicia
2024 3652 2167 3695 mea
2206 3652 2347 3716 pes-

857 3728 1038 3807 sima,
1074 3731 1140 3794 id
1169 3740 1266 3793 est
1293 3739 1566 3812 quatuor
1597 3749 1817 3812 poenas
1856 3732 1970 3797 has
2007 3732 2345 3812 judiciales

857 3838 919 3892 et
947 3830 1146 3893 malas
1177 3830 1420 3891 malitia
1453 3847 1678 3911 poenae,
1704 3848 1832 3891 non
1862 3830 2088 3912 culpae,
2126 3831 2251 3893 imo
2283 3841 2345 3894 et

858 3928 1188 4009 pessimaS‚
1205 3927 1358 4009 quia
1387 3927 1570 3991 valde
1600 3927 1881 3989 acerbaS.
1907 3932 1988 3989 Et
2015 3932 2347 3991 subversas

559 4036 691 4111 *aliu
705 4039 834 4081 καί·
857 4028 928 4087 in
961 4030 1284 4103 inteyrum
1313 4027 1602 4086 restituet
1633 4027 1680 4094 *‚
1714 4025 1776 4086 id
1806 4034 1922 4101 est,
1955 4027 2032 4088 ad
2065 4027 2339 4109 priorem

561 4104 646 4145 ‘¹⁴⁸⁸
857 4133 1089 4188 statum
1120 4143 1585 4205 numerumque
1615 4125 1892 4199 reducet,
1929 4144 2056 4188 non
2087 4127 2341 4189 easdem

2454 3140 2770 3213 Quantum
2808 3159 2954 3203 vero
2986 3140 3066 3201 ad
3098 3158 3229 3217 eoa,
3262 3140 3375 3221 qui
3406 3149 3623 3203 errant
3658 3160 3769 3203 seu
3807 3160 3955 3223 pec·

2452 3247 2599 3300 cant
2628 3258 2704 3301 ex
2737 3238 3031 3320 passione
3059 3238 3373 3318 judicium
3414 3239 3679 3301 rationis
3712 3240 3949 3321 ligante

2452 3346 2515 3399 et
2544 3336 3039 3400 contenebrante
3069 3337 3237 3399 circa
3258 3337 3671 3419 particularia
3700 3340 3951 3418 agenda

2452 3435 2554 3499 vel
2606 3435 2979 3511 omittenda,
3018 3454 3098 3498 ne
3144 3435 3573 3515 cognitionem
3630 3437 3953 3501 universa-

2454 3534 2579 3597 lem
2625 3553 2817 3615 quam
2867 3533 3188 3597 habebant
3234 3536 3335 3597 vel
3382 3534 3640 3611 habent,
3674 3536 3753 3597 ad
3794 3536 3948 3599 talia

2452 3633 2795 3715 applicent,
2830 3634 2941 3695 sed
2986 3633 3155 3695 mala
3199 3632 3487 3713 judicent
3534 3634 3721 3711 bona,
3767 3634 3947 3716 juxta

2455 3731 2613 3793 illud
2660 3730 3163 3806 Proverbiorum‚
3196 3729 3418 3793 Omnis
3467 3730 3571 3793 via
3608 3732 3730 3795 viri
3774 3742 3945 3795 reeta
4004 3760 4249 3804 eman..

2454 3829 2576 3891 sibi
2622 3830 2872 3891 videtur
2908 3847 2921 3889 :
2956 3838 3265 3910 quantum
3308 3830 3627 3910 (inquam)
3672 3830 3747 3892 ad
3800 3832 3939 3907 hoS,
3972 3823 4017 3863 ²·

2455 3928 2771 4001 subditur,
2798 3938 2857 3989 et
2886 3948 3109 3988 erra-re
3130 3948 3228 3987 eos
3250 3929 3449 4005 faciet
3477 3946 3515 3989 a
3550 3927 3689 3991 luce
3718 3928 3945 3992 verita·

2458 4027 2536 4088 tis
2586 4035 2647 4089 et
2694 4026 3079 4089 rectitudine
3124 4025 3462 4107 aequitatiS‚
3498 4030 3689 4105 quasi
3713 4030 3945 4097 ebrioS,

2455 4125 2521 4187 in
2544 4125 2777 4206 quibus
2802 4124 2963 4186 ratio
2982 4142 3097 4207 per
3124 4123 3494 4187 ebrietatem
3524 4133 3587 4187 et
3618 4124 3945 4206 passiones

857 4242 1143 4301 numero,
1189 4224 1298 4285 sed
1343 4222 1576 4304 specie.
1611 4222 1869 4303 Propter
1915 4225 2087 4304 quod
2139 4225 2229 4286 ait
2277 4226 2344 4287 in
2377 4234 2426 4296 D
2456 4244 2593 4286 eam
2648 4232 3009 4304 sequentes,
3064 4222 3337 4285 maxime
3394 4223 3760 4305 impeditur.
3814 4224 3945 4287 Hoc

555 4330 823 4383 Dent-xxm.
855 4323 1341 4386 Deuteronomio
1367 4340 1381 4384 ε
1409 4324 1536 4403 Ego
1564 4322 1872 4399 occidam,
1892 4332 1952 4385 et
1983 4342 2099 4403 ego
2127 4325 2343 4388 vivere

559 4395 826 4507 Ἕῇωὴω,
859 4421 1108 4485 faciam.
1138 4423 1214 4484 Et
1244 4422 1310 4483 in
1343 4422 1581 4485 Baruch
1615 4421 1924 4504 scriptum
1956 4432 2052 4485 est
2085 4440 2098 4483 :
2133 4424 2346 4486 Exter-

561 4520 627 4563 ¹⁹·
855 4521 1077 4583 minati
1129 4530 1297 4599 sunt,
1333 4530 1394 4584 et
1433 4522 1542 4584 alii
1590 4521 1654 4583 in
1701 4521 1838 4585 loco
1875 4540 2095 4584 corum
2135 4542 2345 4585 surre-

855 4628 1105 4682 xerunt.

937 4720 1062 4786 Qui
1089 4720 1395 4779 immutat
1425 4740 1532 4779 cor
1545 4720 1931 4797 principum
1957 4720 2191 4795 populi
2224 4728 2343 4779 ter-

849 4836 966 4885 rae,
1000 4814 1062 4877 id
1101 4824 1216 4893 est,
1256 4815 1648 4878 intellectum
1697 4824 1758 4877 et
1801 4815 2192 4877 voluntatem
2236 4816 2343 4877 do-

849 4914 1170 4978 minorum
1216 4923 1279 4977 et
1321 4914 1684 4996 principum
1728 4914 1803 4975 ad
1851 4913 2104 4975 libitum
2153 4934 2340 4975 suum

851 5022 1083 5089 movet,
1110 5012 1354 5084 alterat,
1381 5010 1591 5075 afficit
1621 5019 1681 5073 et
1711 5011 2014 5093 disponit,
2037 5013 2343 5075 vertendo

848 5122 910 5176 et
941 5112 1308 5176 inclinando
1341 5114 1530 5175 corda
1563 5112 1820 5176 illorum
1851 5113 1928 5174 ad
1962 5132 2150 5175 omne
2172 5132 2343 5175 com-

851 5211 1154 5294 placitum
1190 5210 1336 5287 sibi,
1362 5211 1448 5273 ita
1477 5220 1546 5272 ut
1575 5211 1855 5290 cogitent
1883 5220 1944 5273 ct
1976 5210 2176 5274 velint
2201 5229 2343 5292 quae

849 5310 1012 5373 Deus
1044 5309 1667 5392 inspirat,quidquid
1703 5318 1890 5371 antea
1920 5309 2104 5372 aliter
2134 5310 2344 5392 dispo-

2454 4332 2665 4385 autem
2699 4320 2851 4384 facit
2882 4322 3067 4397 Deus,
3102 4320 3255 4401 quia
3282 4322 3615 4403 permittit,
3640 4330 3710 4383 ut
3739 4323 3943 4403 loqui-

2454 4430 2557 4483 tur
2585 4420 2773 4483 Isaias
2810 4438 2821 4479 :
2857 4419 3059 4493 Quare
3091 4438 3205 4483 nos
3236 4438 3449 4482 errare
3478 4418 3689 4482 fecisti
3716 4422 3795 4483 de
3814 4421 3941 4485 viis
3972 4439 4035 4482 ι..
4056 4445 4243 4489 mm:

2454 4520 2579 4583 tuis
2618 4522 2642 4580 ἵ
2690 4520 2971 4599 Itemque
3027 4518 3554 4600 psalmographus
3612 4536 3625 4579 :
3679 4518 3939 4581 Turbati
3968 4542 4156 4591 Pam.
4176 4547 4225 4586 ετ

2452 4626 2603 4681 sunt
2639 4626 2701 4680 et
2741 4617 2893 4679 moti
2938 4626 3087 4679 sunt
3136 4617 3301 4680 sicut
3348 4617 3588 4694 ebriuS,
3624 4626 3689 4679 et
3728 4617 3939 4680 omnis

2454 4716 2768 4799 sapientia
2797 4734 3017 4779 eorum
3049 4715 3348 4779 devorata
3367 4716 3675 4779 est.Unde
3705 4716 3769 4779 in
3802 4717 3943 4779 Pro-

2454 4815 2689 4879 verbiis
2723 4814 3047 4877 inducitur
3082 4832 3095 4876 ε
3129 4814 3247 4877 Via
3276 4814 3618 4896 impiorum
3650 4814 3943 4877 tenebro-
3974 4839 4241 4886 mmmm.

2453 4934 2555 4977 sa:
2595 4913 2887 4977 nesciunt
2918 4912 3031 4974 ubi
3063 4920 3389 4975 corruunt.

2542 5014 2631 5074 Ex
2680 5012 2979 5076 omnibus
3040 5012 3179 5073 istis
3232 5011 3579 5075 effectibus
3638 5010 3945 5094 probatur

2456 5110 2853 5193 profunditas
2884 5110 3213 5191 sapientiae
3230 5118 3421 5191 atque
3448 5109 3771 5172 subtilitas
3800 5128 3947 5173 con-

2453 5210 2580 5271 silii
2612 5209 2744 5284 Dei,
2764 5228 2892 5289 qua
2913 5208 3127 5271 omnia
3156 5227 3297 5289 quae
3327 5208 3391 5269 in
3424 5208 3614 5271 rebus
3646 5208 3945 5270 humanis

2455 5315 2829 5389 reputantur
2878 5307 3144 5384 excelsa,
3186 5308 3621 5389 perducuntur
3675 5306 3740 5368 in
3788 5306 3948 5368 stul-
