4309 6259
123 1241 140 1284 Ι
157 1242 196 1285 C
197 1255 276 1287 or.
295 1257 382 1295 xv,

89 1308 154 1347 22.

85 1438 216 1483 Rom.
233 1455 282 1493 v,
301 1444 378 1484 12.

98 1736 212 1779 Gen.
225 1739 378 1787 *¹¹59-

63 5298 376 5347 Ἤιτει-ππ.

1300 469 1648 515 ΕΝΑΒΒΑΤῙΟ
1691 470 1752 513 ΙΝ
1795 468 1932 514 GAP.
1979 468 2020 514 X
2061 468 2189 514 1013.
2234 488 2315 497 —
2356 469 2496 515 ΛΒΤ.
2544 470 2668 515 XXV

3410 452 3529 515 449

421 647 758 721 sumptum
797 660 872 703 ex
913 649 1100 719 terra,
1138 642 1202 703 in
1244 641 1706 705 minutissimas
1743 650 1925 707 terrae
1957 640 2006 701 A
2038 640 2221 717 lacte,
2257 641 2665 723 Septuaginta
2697 642 3183 719 transtulerunt,
3217 642 3391 705 Sicut
3432 643 3530 704 lac

422 746 640 817 partes
671 740 1047 803 naturaliter
1085 740 1430 803 resolubile
1469 749 1673 804 exstat
1704 759 1717 801 :
1754 740 1925 821 quod

423 842 641 898 tamen
700 838 826 901 Deo
889 838 1276 901 adscribitur
1338 848 1641 920 tanquam
1703 838 1925 920 primas

419 952 636 997 eausae
664 944 728 997 et
758 935 1110 999 institutori
1140 937 1336 1000 >totius
1369 946 1630 1013 naturae,
1667 954 1928 1018 praeser-

423 1032 544 1093 tim
583 1053 785 1114 quum
817 1035 884 1097 in
916 1035 1286 1098 hominibus
1325 1054 1496 1099 mors
1538 1035 1823 1117 corporis
1863 1041 1926 1097 et

425 1131 738 1194 resolutio
769 1134 909 1214 ejus
939 1134 1068 1196 sint
1099 1152 1304 1216 poenae
1333 1134 1661 1213 originalis
1703 1152 1925 1215 pecca-

423 1228 498 1304 ti,
534 1229 791 1293 dicente
831 1231 1135 1314 Apostolo
1170 1250 1183 1293 ε
1219 1232 1395 1295 Sicut
1438 1232 1506 1295 in
1551 1232 1750 1294 Adam
1793 1250 1926 1293 om-

423 1345 544 1389 nes
595 1328 986 1407 moriuntur,
1040 1330 1128 1392 ita
1177 1339 1242 1393 et
1290 1330 1356 1392 in
1407 1330 1655 1393 Christo
1703 1348 1924 1393 omnes

420 1424 960 1490 vivificabuntur.
994 1428 1070 1490 Et
1105 1428 1314 1491 alibi':
1349 1429 1464 1491 Per
1496 1448 1694 1490 unum
1724 1427 1927 1491 homi-

417 1542 574 1585 nem
606 1534 940 1606 peccatum
980 1526 1049 1587 in
1089 1526 1260 1589 hunc
1293 1528 1605 1589 mundum
1637 1526 1920 1601 intravit,

416 1629 488 1683 et
520 1641 638 1703 per
669 1632 997 1704 peccatum
1027 1642 1213 1686 mors
1233 1625 1409 1687 Unde
1441 1624 1649 1706 primo
1679 1623 1926 1706 parenti

417 1729 574 1801 post
601 1723 1174 1802 transgressionem
1205 1723 1511 1786 Dominus
1543 1723 1705 1786 dixit
1739 1740 1752 1784 :
1785 1722 1926 1784 Pul-

417 1818 524 1883 vis
555 1838 648 1896 eS,
682 1830 746 1883 et
778 1820 844 1882 in
871 1822 1199 1903 pulverem
1231 1821 1590 1885 reverteris

504 1918 988 2000 consequenter
1019 1919 1220 2000 tangit
1249 1920 1540 1983 ordinem
1574 1920 1640 1982 in
1673 1929 1927 1983 natura-

415 2016 469 2078 li
519 2017 806 2080 hominis
851 2020 1290 2098 generatione.
1344 2022 1573 2082 Nonne
1617 2022 1784 2081 sicut
1827 2024 1926 2079 lac

413 2118 716 2177 mulsisti
745 2120 888 2178 me?
924 2116 992 2179 In
1032 2117 1317 2181 hominis
1361 2118 1534 2181 enim
1573 2116 1926 2198 generatio-

411 2216 528 2291 ne',
565 2214 778 2296 primo
821 2223 918 2278 est
953 2216 1262 2279 resolutio
1306 2216 1590 2293 seminiS,
1625 2217 1795 2297 quod
1831 2222 1927 2278 est

409 2312 832 2394 superfluum
875 2314 1190 2390 alimenti,
1233 2316 1399 2378 sicut
1440 2323 1502 2378 et
1547 2315 1664 2391 lac,
1701 2322 1924 2395 estque

411 2410 649 2473 album
707 2412 908 2474 instar
966 2413 1173 2476 lactis.
1234 2413 1416 2477 Circa
1473 2414 1643 2495 quod
1705 2411 1926 2476 scribit

411 2509 726 2573 Albertus
780 2529 795 2572 t
851 2511 1079 2575 Semen
1133 2531 1332 2593 quum
1383 2513 1467 2574 sit
1524 2510 1925 2593 superfluum

407 2616 672 2689 quartae
702 2608 1100 2688 digestioniS,
1136 2610 1345 2691 primo
1384 2618 1479 2673 est
1517 2610 1682 2673 sicut
1713 2608 1830 2685 lac,
1864 2616 1927 2671 et

411 2705 752 2785 mulgetur
783 2726 897 2789 per
925 2708 1058 2769 vim
1087 2708 1472 2787 generativae
1515 2706 1815 2789 potentiae
1846 2708 1925 2769 de

409 2804 731 2869 omnibus
759 2804 1086 2869 membriS.
1112 2806 1328 2887 ltaque
1357 2806 1790 2888 operationem
1825 2825 1927 2868 na-

409 2912 610 2981 turae,
653 2904 955 2968 videlicet
997 2906 1386 2986 generativae
1431 2906 1711 2979 virtutiS,
1758 2905 1926 2967 attri-

2036 740 2347 818 coagulati
2399 748 2568 801 sunt..
2616 740 2718 803 Sic
2767 758 2938 819 erg0‚
2981 742 3189 822 quoad
3240 741 3527 822 corporis

2039 837 2507 915 formationem,
2533 857 2657 915 me,
2693 857 2731 901 o
2762 840 2946 915 DeuS,
2974 858 3087 921 per
3118 848 3357 902 naturae
3385 857 3528 920 ope-

2040 935 2347 997 rationem
2384 936 2563 1017 quasi
2596 955 2851 999 caseum
2892 937 3260 1017 coagulasti,
3301 937 3362 998 id
3403 944 3519 1011 est,

2038 1034 2219 1113 quasi
2254 1034 2351 1096 lac
2383 1034 2556 1096 uniri
2586 1036 2869 1113 coegisti.
2906 1035 3251 1115 Coagulum
3281 1035 3523 1117 quippe

2035 1151 2071 1193 a
2103 1134 2386 1212 cogendo
2428 1151 2661 1195 nomen
2702 1134 2981 1209 sortitur,
3018 1135 3323 1214 quoniam
3354 1133 3523 1213 cogit

2038 1230 2132 1292 lac
2164 1231 2509 1293 coadunari
2544 1251 2656 1294 seu
2686 1232 3031 1312 coagulari.

2115 1333 2295 1391 Pelle
2324 1340 2383 1390 et
2406 1332 2713 1391 carnibus
2736 1332 2977 1391 vestisti
2998 1351 3115 1390 me.
3142 1330 3209 1391 ln
3243 1330 3521 1393 hominis

2033 1426 2466 1506 generatione,
2522 1428 2706 1490 tertio
2766 1428 3043 1491 occurrit
3091 1428 3525 1491 membrorum

2038 1524 2388 1602 distinctio,
2438 1544 2711 1607 quorum
2764 1526 2959 1589 robur
3004 1536 3068 1589 et
3111 1527 3526 1590 consistentia

2037 1642 2112 1686 ex
2165 1624 2380 1686 nervis
2428 1624 2811 1707 ossibusque
2860 1625 3197 1706 dependet.
3250 1625 3525 1688 Membra

2037 1730 2247 1785 autem
2281 1722 2501 1784 vitalia
2532 1722 2857 1800 interiora,
2883 1731 2953 1784 ut
2983 1724 3200 1805 hepar,
3237 1742 3366 1801 cor,
3404 1732 3527 1787 sto-

1963 1822 2008 1883 B
2035 1821 2321 1896 machuS,
2356 1820 2525 1901 pelle
2567 1828 2632 1884 et
2673 1820 2974 1883 carnibus
3020 1821 3196 1884 velut
3240 1821 3525 1885 vestibus

2034 1918 2432 1999 operiuntur,
2469 1937 2550 1981 ne
2588 1916 2886 1993 effluant,
2923 1927 3032 1982 aut
3072 1938 3291 1982 eorum
3332 1939 3523 2002 appa-

2033 2023 2169 2077 reat
2199 2014 2453 2079 foeditas
2480 2033 2493 2077 :
2525 2015 2654 2079 imo
2682 2024 2745 2078 et
2774 2035 2920 2079 caro
2952 2018 3034 2079 ob
3066 2017 3231 2081 hanc
3259 2037 3515 2081 causam

2035 2114 2268 2193 tegitur
2306 2115 2495 2197 pelle,
2532 2116 2881 2177 secundum
2920 2116 3378 2199 Hieronymum
3424 2137 3527 2180 su-

2036 2231 2148 2293 per
2179 2212 2594 2275 Ezechielem.
2618 2214 2956 2295 Propterea
2987 2214 3143 2277 dicit
3174 2214 3471 2278 Albertus
3505 2237 3518 2281 :

2034 2312 2317 2374 Tertium
2352 2330 2512 2395 opus
2548 2313 2812 2376 seminis
2853 2313 2975 2375 viri
3023 2314 3089 2375 in
3128 2322 3306 2395 gutta
3349 2315 3528 2379 femi-

2037 2430 2154 2487 nae,
2190 2418 2287 2473 est
2324 2410 2557 2492 pellem
2598 2412 3096 2490 circumducere,
3138 2431 3218 2476 ne
3264 2414 3527 2496 spiritus

2037 2516 2357 2591 evaporet,
2376 2510 2486 2571 sed
2517 2508 2797 2572 lustrans
2829 2510 3129 2574 universo
3160 2530 3275 2593 per
3304 2512 3529 2575 circui-

2039 2612 2174 2667 tum
2206 2614 2500 2688 operator
2531 2606 2794 2689 spiritus
2833 2608 3043 2688 pulset
3082 2610 3160 2671 ad
3202 2610 3421 2673 vitam.
3458 2611 3525 2673 In

2037 2723 2230 2767 carne
2260 2714 2473 2768 autem
2512 2713 2809 2787 quartum
2849 2724 3009 2788 opus
3045 2715 3159 2783 est,
3193 2727 3389 2789 quam
3428 2710 3527 2773 vis

2040 2802 2377 2867 formativa
2420 2804 2864 2881 circumducit,
2906 2813 2977 2867 ut
3021 2824 3245 2869 sensus
3283 2807 3530 2870 diffun-

2039 2901 2225 2963 datur
2258 2902 2323 2963 in
2355 2921 2449 2964 ea.
2485 2902 2695 2979 Porr0‚
2727 2903 2805 2965 de
2837 2902 2939 2964 his
2972 2903 3037 2964 in
3068 2904 3303 2985 quibus
3336 2906 3530 2969 robur

411 3002 735 3078 buitDe0‚
755 3003 1290 3084 quemadmodum
1321 3003 1486 3066 actio
1519 3003 1924 3065 instrumenti
1958 2997 2001 3060 C
2039 3000 2325 3081 corporis
2358 3008 2472 3077 est,
2510 3008 2571 3063 et
2602 3021 2715 3083 per
2745 3021 2889 3083 quae
2918 3010 3126 3065 cetera
3166 3004 3291 3067 sibi
3331 3006 3530 3069 cohae-

405 3100 815 3163 adscribitur
846 3101 1192 3184 principali
1221 3103 1435 3181 agenti
1471 3120 1484 3163 :
1521 3109 1584 3164 et
1612 3112 1922 3183 quantum

2039 3108 2199 3175 rent,
2246 3100 2576 3181 subjungit
2613 3119 2625 3162 :
2664 3105 2917 3164 Ossibus
2946 3113 3004 3163 et
3032 3108 3249 3165 nervis
3286 3126 3529 3185 compe-

409 3199 502 3261 ad
531 3200 822 3280 corporis
853 3200 1379 3282 propagationem
1421 3201 1488 3262 in
1525 3201 1786 3263 seminis
1819 3201 1927 3262 de·
2029 3200 2191 3275 yisti
2214 3220 2333 3270 me,
2368 3198 2433 3260 id
2464 3207 2579 3275 est,
2617 3199 2902 3262 membra
2940 3220 3082 3263 mea
3118 3203 3354 3283 pariter
3384 3221 3529 3267 con-

409 3298 783 3374 stitutione,
813 3298 972 3361 dicit
998 3300 1169 3379 quod
1199 3299 1362 3361 Deus
1403 3299 1696 3361 mulserit
1733 3318 1916 3374 eum3

409 3395 586 3477 quia
622 3395 922 3459 videlieet
959 3396 1362 3459 ordinatione
1400 3396 1621 3460 divina
1658 3397 1778 3459 hoc
1822 3396 1922 3473 fit,

411 3495 606 3575 quod
632 3504 858 3557 natura
886 3495 1070 3576 quasi
1103 3495 1448 3574 mulgendo
1471 3494 1686 3559 eliciat
1705 3514 1921 3558 semen

411 3612 502 3657 ex
531 3593 670 3655 suis
702 3592 1010 3656 latibulis.

505 3694 600 3753 Ec
631 3694 800 3753 sicut
837 3713 1094 3753 caseum
1125 3713 1226 3752 me
1257 3690 1616 3769 coayalas'ti
1637 3695 1668 3753 ἓ
1705 3692 1771 3754 ln
1815 3692 1926 3755 ho-

413 3789 629 3852 minis
678 3809 956 3871 namque
1013 3790 1449 3870 generatione,
1503 3791 1780 3853 occurrit
1839 3810 1929 3853 se-

411 3888 646 3952 cundo
679 3888 816 3971 ipsa
845 3888 1202 3970 compactio
1241 3908 1466 3951 massae
1505 3908 1822 3971 corporeas
1862 3890 1928 3952 in

413 3996 617 4051 utero
646 3987 966 4061 mulieris;
1001 3995 1064 4050 et
1104 3988 1192 4049 ita
1229 4006 1296 4050 se
1335 3987 1527 4050 habet
1556 4007 1771 4051 semen
1806 3988 1928 4051 viri

410 4086 506 4147 ad
537 4084 873 4146 materiam
903 4102 1098 4165 quam
1141 4081 1382 4146 femina
1418 4084 1824 4148 administrat
1860 4086 1926 4147 in

2035 3296 2324 3377 junxisti.
2358 3296 2509 3359 Ossa
2540 3298 2713 3359 enim
2743 3316 2997 3360 earnem
3030 3308 3410 3379 sustentant,
3449 3322 3528 3367 ne

2038 3413 2153 3476 per
2202 3413 2383 3456 suam
2433 3393 2768 3457 mollitiem
2819 3396 3091 3459 decidat.
3140 3398 3329 3461 Nervi
3376 3419 3527 3465 vero

2038 3511 2152 3574 per
2185 3500 2385 3555 totum
2418 3510 2649 3574 corpus
2681 3494 2943 3575 expansi
2976 3503 3145 3557 sunt.

2134 3594 2367 3662 Vitam,
2396 3590 2461 3653 id
2493 3599 2589 3653 est
2622 3589 2889 3654 formam
2923 3592 3205 3667 vitalem,
3226 3595 3529 3661 videlicet

2037 3689 2317 3752 animam
2350 3689 2722 3753 rationalem
2753 3690 2901 3753 vitae
2932 3710 3089 3755 meae
3118 3695 3527 3775 conjunctam

2040 3786 2393 3869 [tanquam]
2432 3786 2700 3850 formale
2738 3787 3153 3870 principium,
3186 3802 3246 3853 et
3276 3795 3529 3854 miseri-

2038 3889 2352 3957 cordiam,
2370 3885 2433 3947 id
2464 3892 2560 3948 est
2583 3887 3088 3968 supernaturalia
3109 3908 3375 3953 munera
3393 3908 3529 3971 gra-

2038 3984 2271 4045 tiarum
2303 4003 2412 4047 seu
2439 3983 2615 4048 varia
2646 3983 2965 4047 beneficia
2993 3986 3213 4064 gratiae
3243 3989 3439 4067 gratis
3462 3999 3527 4053 et

2036 4082 2533 4145 misericorditer
2571 4084 2753 4159 datae,
2794 4086 3085 4145 tribuisti
3122 4087 3291 4147 milii
3321 4108 3343 4146 .·
3375 4107 3528 4169 quo-

407 4180 842 4262 generatione
890 4181 1194 4258 hominiS,
1237 4181 1637 4263 aliorumque
1686 4183 1928 4244 anima·
1957 4178 2005 4240 D
2037 4182 2211 4244 niam
2252 4199 2517 4263 corpore
2558 4180 2963 4244 sufficienter
2993 4183 3326 4266 disposito,
3362 4187 3527 4251 Deus

413 4280 618 4356 lium,
663 4280 828 4343 sicut
868 4298 936 4342 se
974 4278 1170 4341 habet
1208 4281 1545 4359 coagulum
1589 4282 1668 4343 ad
1712 4281 1811 4344 lac
1857 4282 1924 4343 in

413 4378 811 4443 formatione
863 4377 1054 4441 casei.
1104 4378 1172 4439 In
1232 4378 1474 4441 semine
1531 4387 1744 4442 autem
1801 4379 1924 4443 viri

411 4476 698 4561 ponitur
723 4476 822 4540 vis
851 4475 1058 4539 activa
1095 4494 1207 4538 seu
1247 4476 1606 4541 formativa.
1641 4478 1800 4541 Hinc
1838 4478 1927 4542 ait

411 4575 730 4638 Albertus
765 4591 779 4636 :
811 4574 1001 4637 Gutta
1043 4573 1166 4636 viri
1209 4574 1556 4656 conjuncta
1593 4584 1789 4655 guttae
1833 4577 1927 4640 fe-

411 4674 648 4749 minae,
683 4672 1140 4755 vaporabiliter
1179 4672 1533 4753 ingreditur
1577 4692 1716 4737 eam
1761 4676 1928 4739 sicut

413 4771 700 4854 spiritus
751 4772 818 4832 in
867 4789 1142 4853 corpus3
1192 4780 1256 4835 et
1305 4771 1542 4834 virtute
1589 4770 1925 4838 formativa

411 4869 918 4952 comprehendit
965 4888 1106 4932 eam
1156 4876 1346 4951 atque
1393 4870 1709 4951 coagulat,
1759 4872 1925 4934 sicut

415 4967 774 5047 coagulum
802 4967 1257 5050 vaporabiliter
1298 4967 1654 5049 ingreditur
1694 4969 1762 5031 in
1803 4970 1922 5048 lac,

417 5076 493 5132 et
534 5056 832 5147 coagulat
873 5064 1108 5147 ipsum,
1145 5074 1333 5147 prout
1375 5067 1804 5131 sextodecimo
1846 5070 1927 5132 de

413 5164 835 5229 Animalibus
867 5164 956 5226 ait
982 5164 1420 5246 Philosophus,
1439 5165 1616 5229 Unde
1645 5166 1712 5228 in
1735 5166 1923 5230 Thre-

417 5264 556 5343 nis,
588 5263 703 5326 nbi
734 5271 954 5327 nostra
981 5263 1312 5327 translatio
1341 5263 1553 5341 habet,
1578 5264 1917 5330 Nitidiores

683 5397 748 5449 T.
785 5396 835 5447 4.

2034 4279 2313 4342 animam
2347 4278 2719 4342 rationalem
2749 4281 3024 4345 creando
3055 4281 3352 4346 infundit.
3371 4286 3531 4350 Tho-

2034 4397 2171 4440 mas
2200 4385 2265 4439 et
2299 4376 2409 4438 alii
2440 4377 2722 4457 quidam,
2759 4397 2872 4460 per
2902 4380 3408 4445 misericordiam
3439 4384 3527 4448 lo-

2035 4495 2110 4539 co
2160 4476 2281 4539 hoe
2331 4474 2701 4556 intelligunt
2759 4478 3049 4541 naturale
3102 4481 3522 4546 seminarium

2035 4574 2346 4638 virtutum
2374 4580 2437 4635 et
2466 4573 2877 4636 scientiarum
2902 4575 3091 4638 nobis
3118 4576 3429 4657 innatum,
3449 4583 3527 4644 de

2036 4690 2163 4754 quo
2202 4672 2270 4734 in
2310 4671 2529 4753 regula
2564 4691 2677 4734 sua
2715 4672 2940 4735 scribit
2976 4674 3251 4739 Basilius
3289 4696 3304 4740 ε
3348 4679 3529 4743 Inna-

2037 4779 2137 4833 tus
2177 4770 2349 4833 enim
2380 4779 2476 4833 est
2506 4771 2733 4833 animae
2764 4771 3018 4835 habitus
3051 4773 3519 4858 principiorum

2037 4878 2165 4933 tam
2195 4868 2683 4951 speculabilium
2722 4888 2911 4950 quam
2953 4873 3408 4952 operabilium.
3449 4876 3523 4937 Et

2037 4989 2113 5033 ex
2152 4966 2493 5031 seminario
2533 4968 2642 5029 tali
2680 4968 2941 5048 quidam
2981 4971 3353 5034 naturaliter
3394 4973 3522 5035 dis-

2038 5066 2232 5150 positi
2272 5074 2421 5127 sunt
2459 5065 2537 5127 ad
2577 5065 2739 5128 hanc
2769 5066 3090 5144 virtutem,
3126 5068 3387 5149 quidam
3430 5072 3507 5134 ad

2039 5165 2236 5228 illam.
2285 5163 2401 5225 Job
2449 5180 2598 5225 vero
2656 5164 2736 5226 ad
2795 5164 3095 5246 pietatem
3154 5168 3515 5233 eminenter

2038 5262 2385 5346 dispositus
2428 5259 2571 5337 fuit,
2615 5270 2804 5343 prout
2846 5262 3014 5325 infra
3053 5271 3320 5328 testatur
3356 5283 3369 5329 :
3413 5269 3509 5332 Ab
3553 5292 3825 5346 munna

3220 5398 3283 5451 29
