4309 6259
117 798 262 840 naeth.
273 812 340 848 vn,

111 864 126 885 ,ι

121 1191 220 1233 md.
235 1205 340 1241 xxvi,

107 1258 160 1303 ³3,
180 1257 238 1296 35.

135 1391 236 1434 mid.
255 1393 318 1432 56.

121 1490 340 1541 IbidJon,

111 3271 179 3313 lob
195 3287 268 3327 xvi,
281 3277 342 3316 22.

1167 520 1516 567 ENARRA‘rlo
1558 521 1620 565 IN
1667 522 1802 567 CAP-
1849 521 1976 567 xvn
2013 522 2140 568 Jon.
2187 543 2267 552 —
2309 526 2450 570 ΛΒΤ.
2498 525 2691 572 XXXIX

3348 510 3468 572 535

373 684 491 747 dit.
527 684 770 759 Quibus
797 689 890 751 ait
924 707 937 751 :
973 688 1238 754 Verbosi
1270 690 1458 753 amici
1489 691 1638 754 mei.
1664 692 1740 753 Et
1763 692 1873 755 ite-
1903 693 1953 754 Α
1983 693 2187 756 oculis
2235 696 2541 777 corporiS,
2590 716 2656 759 se
2703 717 2953 759 sursum
3004 698 3221 760 erexit.
3258 704 3469 777 Atque

376 802 518 845 rum
555 802 568 845 :
607 785 742 848 Non
773 788 982 850 omnis
1016 789 1130 870 qui
1170 788 1328 853 dicit
1366 790 1548 865 mihi,
1583 791 1868 867 Domine,

374 882 666 960 Domine,
694 884 960 949 intrabit
991 888 1057 949 in
1081 906 1347 967 regnum
1379 888 1684 952 coelorum
1711 907 1727 968 ;
1762 891 1870 952 sed

371 982 488 1060 qui
522 980 680 1045 facit
707 984 1106 1048 voluntatem
1135 986 1358 1048 Patris.
1377 986 1874 1069 Praeterea,Apo-

373 1080 523 1142 stoli
557 1081 694 1143 veri
727 1082 1071 1147 Salvatoris
1101 1084 1312 1161 amici,
1353 1095 1636 1166 tempore
1663 1084 1872 1149 Coenae

370 1178 823 1262 multipliciter
852 1184 1218 1246 asserebant
1248 1203 1316 1247 se
1335 1183 1655 1247 Christum
1687 1194 1872 1249 nocte

371 1276 487 1339 illa
535 1298 665 1343 non
714 1280 1050 1344 relicturos
1092 1301 1110 1361 3
1164 1283 1369 1348 nihilo
1417 1284 1629 1347 minus
1680 1288 1870 1367 paulo

371 1385 519 1457 post
569 1396 792 1441 omnes
841 1379 924 1441 ab
977 1381 1116 1462 ipso
1165 1380 1488 1461 fugerunt,
1523 1392 1582 1445 et
1624 1385 1869 1465 primus

369 1494 598 1539 eorum
645 1485 742 1541 ter
791 1478 1002 1559 ipsum
1054 1481 1328 1561 negavit.
1365 1480 1678 1563 Quantum
1720 1501 1868 1563 ergo

369 1575 452 1636 ad
482 1574 627 1652 hoc,
665 1575 934 1639 verbum
975 1579 1147 1641 istud
1193 1579 1284 1642 eis
1323 1588 1670 1662 utcumque
1699 1600 1869 1645 com-

371 1682 640 1755 peteret.

451 1776 562 1835 Ad
593 1777 805 1835 Deum
834 1778 1044 1837 stillat
1080 1781 1303 1837 oculus
1342 1798 1536 1839 meus.
1571 1778 1858 1841 Interiori

1985 796 2245 854 utinam
2290 797 2385 854 sic
2414 798 2834 873 judicaretur
2876 800 2982 857 vir
3022 817 3173 858 cum
3216 800 3366 869 DeO,
3400 797 3466 858 id

1984 899 2080 955 est
2106 912 2142 953 a
2172 892 2319 970 De0,
2347 902 2418 956 ut
2446 894 2689 957 scilicet
2720 897 3068 958 secundum
3098 896 3322 958 merita
3353 914 3467 957 sua

1980 1009 2016 1051 a
2049 990 2174 1053 Deo
2203 992 2898 1074 susciperet,quomodo
2912 996 3267 1071 judicatur
3282 996 3467 1070 filius

1983 1092 2264 1151 hominis
2292 1112 2437 1151 cum
2468 1095 2705 1169 colleya
2732 1112 2845 1152 suo
2880 1092 2945 1153 in
2990 1092 3269 1155 humano
3297 1092 3467 1174 judi-

1981 1190 2128 1251 cio:
2167 1190 2334 1270 quod
2386 1208 2511 1252 non
2561 1200 2657 1253 est
2702 1190 2825 1253 nisi
2876 1191 3222 1253 secundum
3270 1209 3466 1273 opera

1977 1287 2274 1370 judicari.
2320 1289 2444 1351 Hoc
2494 1289 2572 1350 de
2618 1308 2685 1351 se
2735 1289 2873 1370 ipso
2920 1288 3205 1353 Christus
3252 1289 3465 1353 dicere

1981 1387 2205 1469 potuit,
2238 1387 2821 1469 aequivalenterque
2848 1387 3029 1463 dixit,
3056 1387 3121 1449 in
3152 1396 3463 1469 quantum

1979 1485 2254 1547 naturali
2285 1485 2513 1548 'timore
2552 1495 2821 1549 mortem
2862 1486 3068 1549 crucis
3106 1485 3458 1563 abhorruit,

1977 1586 2323 1665 deprecans
2362 1584 2607 1647 Patrem
2642 1602 2655 1645 :
2687 1584 2765 1646 Mi
2812 1584 3013 1662 Pater,
3056 1584 3111 1646 si
3157 1584 3462 1666 possibile

1975 1691 2092 1759 est,
2120 1690 2395 1744 transeat
2422 1702 2457 1743 a
2486 1702 2589 1745 me
2619 1682 2783 1746 calix
2813 1682 2952 1745 iste.
2987 1682 3049 1745 Si
3080 1682 3251 1745 enim
3282 1682 3462 1744 Pater

1974 1781 2293 1845 Christum
2334 1781 2658 1845 hominem
2704 1782 3052 1846 secundum
3092 1801 3207 1843 sua
3236 1780 3463 1843 merita

367 1871 605 1933 mentis
649 1873 838 1937 oculo
874 1874 1160 1937 Christus
1203 1885 1275 1937 ut
1315 1877 1527 1953 hom0,
1575 1896 1685 1941 seu
1729 1879 1866 1939 ani·
1903 1879 1948 1939 B
1974 1880 2343 1961 judicasset,
2377 1896 2632 1961 poenam
2670 1880 2727 1941 ei
2768 1898 2896 1942 non
2938 1878 3332 1961 permisisset
3368 1878 3463 1939 in-

367 1989 471 2032 ma
502 1970 671 2051 ejuS,
703 1972 901 2035 Deum
932 1973 1200 2051 Patrem,
1246 1975 1373 2037 imo
1415 1983 1609 2038 totam
1650 1996 1867 2058 super-

365 2070 758 2132 adorandam
783 2071 1156 2135 Trinitatem
1185 2072 1620 2137 indesinenter
1655 2076 1867 2157 adspe-

366 2170 486 2245 xit,
541 2177 606 2232 et
665 2178 952 2253 tempore
1009 2171 1326 2254 passionis
1377 2174 1858 2237 lacrimantibus

1978 1978 2153 2053 ferri,
2192 1996 2307 2039 nec
2338 1979 2727 2041 voluntatem
2768 1978 2827 2040 ei
2870 1977 3243 2060 inspirasset
3280 1995 3466 2059 spon-

1980 2086 2161 2139 tanee
2208 2076 2514 2157 patiendi,
2552 2086 2747 2157 qu'um
2794 2076 2930 2158 ipse
2968 2074 3254 2139 Christus
3288 2075 3465 2139 omni

1977 2194 2237 2257 prorsus
2267 2174 2542 2238 caruerit
2572 2175 2781 2257 culpa.

1374 2604 2022 2691 ARTICULUS
2101 2605 2474 2689 XXXIX

619 2878 938 2923 Exposrrlo
983 2878 1334 2925 LlT'rEnAus
1375 2877 1651 2924 CAPITULI
1695 2876 2141 2923 suprlmnssclm
2186 2877 2199 2921 2
2250 2877 2520 2923 sle'rth
2562 2878 2719 2925 MEUS
2759 2879 3239 2926 ATTENUABITUR.

495 3153 691 3217 IRCA
729 3153 930 3216 finem
961 3154 1378 3236 praecedentis
1413 3154 1678 3237 capituli
1709 3153 1869 3215 dixit
1903 3149 1946 3212 C
1978 3152 2234 3234 spiritu,
2270 3154 2379 3235 qui
2430 3162 2525 3217 est
2565 3155 2719 3236 quid
2764 3175 3162 3238 corporeum,
3197 3168 3351 3241 puta
3388 3160 3468 3223 de

514 3253 636 3317 Job
678 3253 978 3316 :Utinam
1025 3254 1116 3317 sic
1160 3253 1554 3333 judicaretur
1582 3253 1680 3316 vir
1723 3271 1866 3315 cum

373 3354 522 3429 Deo,
547 3360 672 3416 etc.
699 3352 764 3414 ln
795 3352 1032 3434 quibus
1056 3342 1280 3415 verbis'
1303 3352 1673 3427 insinuavit,
1699 3351 1868 3432 quod

373 3451 806 3514 desiderabile
835 3450 960 3513 sibi
992 3450 1220 3514 fuisset
1249 3450 1522 3532 judicari
1551 3471 1586 3512 a
1617 3451 1743 3514 Deo
1783 3468 1871 3512 sc-

373 3552 660 3613 cundum
688 3550 950 3633 propria
976 3550 1222 3627 merita,
1240 3551 1404 3613 sieut
1432 3551 1622 3613 homo
1650 3549 1732 3611 ab
1763 3548 1870 3611 ho-

373 3650 550 3713 mine
578 3648 926 3731 judicatur.
962 3647 1081 3711 Sed
1111 3649 1412 3730 quoniam
1447 3655 1708 3711 noverat
1743 3647 1868 3709 alia

375 3767 516 3811 esse
563 3746 810 3828 judicia
855 3746 988 3823 Dei,
1024 3747 1146 3808 alia
1197 3746 1569 3819 hominum3
1611 3746 1754 3808 ideo
1803 3745 1869 3807 in

287 3886 292 3891 -
375 3844 678 3927 praesenti
736 3844 1018 3927 capitulo
1074 3844 1516 3926 prosequitur,
1567 3844 1721 3925 quid
1781 3844 1868 3905 si·

375 3945 440 4006 bi
481 3943 818 4007 immineat
857 3961 1063 4024 poenae
1105 3941 1348 4025 absque
1391 3962 1520 4005 suae
1560 3942 1868 4005 demerito

375 4042 754 4217 ⁰¹¹}513Pss›··itm
782 4159 961 4198 meus
996 4140 1460 4199 attenuabitur„
1497 4139 1621 4200 Hoc
1661 4137 1870 4219 dupli-

374 4238 535 4301 citer
572 4236 780 4319 accipi
811 4244 1039 4318 potest.
1075 4236 1305 4314 Primo,
1345 4239 1421 4300 de
1460 4237 1694 4315 anima,
1727 4255 1868 4319 quae

1977 3251 2208 3333 spiritu
2246 3251 2447 3327 vitali,
2486 3253 2597 3335 qui
2626 3272 2662 3314 a
2691 3254 2883 3317 corde
2912 3256 3253 3335 egreditur,
3287 3266 3351 3321 et
3386 3259 3465 3321 ad

1976 3358 2209 3412 cuncta
2236 3350 2520 3412 membra
2554 3350 2985 3415 diffunditur:
3011 3372 3139 3435 quo
3169 3356 3461 3433 durante,

1977 3448 2138 3510 vivit
2167 3468 2418 3531 corpus.
2451 3449 2655 3524 Quum
2686 3470 2835 3514 vero
2864 3451 3066 3515 virtus
3106 3453 3335 3516 caloris
3365 3476 3467 3517 na-

1978 3545 2201 3607 turalis
2233 3546 2461 3628 incipit
2489 3546 2811 3630 debilitari
2853 3546 2917 3608 in
2958 3549 3167 3625 corde,
3200 3550 3465 3631 spiritus

1976 3644 2189 3705 vitalis
2220 3652 2606 3719 attenuatur,
2641 3645 2702 3707 id
2736 3652 2851 3720 est,
2896 3646 3249 3709 minoratur
3276 3658 3339 3710 et
3366 3650 3467 3711 de-

1979 3741 2373 3819 bilitatur,ut
2401 3742 2529 3823 jam
2564 3752 2775 3807 vector
2804 3744 3058 3807 virtutis
3086 3752 3149 3806 et
3176 3746 3323 3809 vitae
3350 3766 3465 3828 per

1977 3860 2207 3923 corpus
2246 3841 2356 3903 diu
2396 3860 2535 3903 esse
2580 3860 2706 3904 non
2747 3840 2967 3922 possit.
3005 3841 3131 3905 Hoc
3170 3860 3318 3922 ergo
3343 3844 3462 3907 Job

1977 3939 2100 4002 sibi
2134 3938 2424 4003 futurum
2456 3941 2535 4003 de
2566 3939 2853 4022 proximo
2875 3939 3335 4023 suspicabatur.
3355 3942 3463 4006 De-

1977 4039 2195 4120 nique,
2231 4039 2309 4101 de
2340 4039 2570 4121 spiritu
2602 4038 2807 4119 primo
2848 4039 3035 4103 modo
3070 4049 3354 4122 accepto,
3392 4041 3459 4103 in

1976 4137 2355 4201 Ecclesiaste
2406 4136 2707 4199 scribitur
2758 4155 2771 4199 :
2825 4137 3198 4201 Revertatur
3248 4138 3459 4220 pulvis

1978 4236 2043 4297 in
2067 4244 2295 4297 terram
2330 4243 2606 4312 suam,et
2626 4234 2887 4316 spiritus
2918 4235 3133 4298 redeat
3161 4237 3239 4299 ad
3264 4238 3463 4301 Deum
3490 4228 3513 4267 ⁷

375 4345 470 4403 est
519 4336 786 4419 spiritus
827 4336 1100 4417 simplex
1135 4354 1148 4397 :
1185 4356 1327 4417 quae
1371 4344 1757 4411 attenuatur,
1804 4335 1866 4397 id
1898 4327 1947 4388 D
1977 4334 2089 4415 qui
2119 4334 2293 4396 dedit
2327 4333 2531 4396 illum.
2567 4334 2651 4395 De
2682 4333 2911 4415 spiritu
2938 4343 3153 4396 autem
3184 4338 3463 4400 secundo

375 4445 492 4513 est,
527 4433 950 4517 spiritualiter
979 4433 1366 4509 subtiliatur,
1401 4433 1722 4515 propriam
1762 4433 1870 4494 im-

378 4532 862 4617 perfectionem,
894 4532 1230 4607 vilitatem,
1275 4532 1532 4593 modum
1573 4540 1635 4593 et
1663 4531 1872 4612 dispo-

377 4632 674 4696 sitionem
707 4649 782 4692 ac
805 4638 1042 4693 statum
1065 4629 1452 4692 industriose
1471 4629 1873 4691 consideran-

377 4732 480 4807 do,
513 4729 624 4793 Dei
661 4747 920 4811 quoque
955 4728 1375 4808 maJestatem,
1409 4726 1872 4808 perfectionem

381 4838 442 4891 et
485 4828 931 4892 excellentiam
981 4825 1290 4906 sagaciter
1329 4826 1821 4907 contemplando
1853 4846 1867 4890 :

379 4928 547 5008 quod
598 4924 864 4989 senibus
907 4922 1238 5006 potissime
1285 4924 1607 5006 competit.
1660 4925 1736 4986 Et
1782 4925 1872 4987 sic

381 5024 644 5107 spiritus
683 5023 824 5099 Job,
857 5023 1112 5103 quando
1161 5022 1295 5087 baec
1334 5023 1515 5099 dixit,
1557 5022 1676 5086 fuit
1718 5032 1875 5086 atte-

385 5123 676 5185 nuandus
724 5139 738 5182 ε
781 5121 933 5202 quia
962 5130 1107 5203 post
1137 5140 1339 5203 pauca
1369 5121 1494 5183 suit
1531 5121 1874 5201 magnifice

384 5220 764 5295 illustratuS,
797 5227 862 5281 et
909 5218 973 5282 in
1023 5220 1470 5302 praedictorum
1519 5220 1870 5282 considera-

386 5318 556 5381 tione
613 5316 1023 5381 exercitatus.
1075 5316 1384 5395 Secundo,
1435 5316 1745 5400 accipitur
1797 5318 1875 5380 de

1977 4434 2165 4496 modo
2194 4440 2469 4513 sumpto,
2494 4432 2561 4493 in
2592 4432 2928 4513 Sapientiae
2958 4431 3123 4495 libro
3153 4433 3460 4497 habetur:

3538 1604 3704 1648 Mam.

3488 1680 3599 1717 xxvi,
3622 1670 3689 1709 39.

3520 4162 3663 4207 Eccle.
3680 4176 3753 4211 xu,

1979 4530 2250 4612 Spiritus
2280 4528 2687 4592 diffundetur
2716 4538 3019 4611 tanquam
3050 4531 3263 4594 mollis
3290 4551 3418 4596 aer.
3505 4546 3677 4602 Sapan.
3701 4548 3740 4587 3.

2057 4632 2207 4691 Dies
2228 4632 2357 4691 mei
2376 4631 2841 4689 breviabuntur
2856 4646 2879 4689 .·
2895 4629 3047 4710 quia
3078 4630 3465 4695 incessanter

1981 4728 2253 4791 tendunt
2279 4728 2357 4789 ad
2391 4734 2658 4789 mortem
2696 4736 2759 4790 et
2798 4726 3039 4802 sinem3
3090 4736 3154 4791 et
3182 4749 3309 4811 quo
3338 4730 3467 4813 spi-

1981 4827 2140 4889 ritus
2182 4826 2395 4889 vitalis
2441 4826 2585 4907 plus
2626 4824 2871 4902 deficit,
2905 4825 3039 4888 dies
3072 4827 3217 4891 vitae
3246 4827 3468 4891 huma-

1983 4944 2080 4989 [ιω
2127 4924 2402 5008 amplius
2465 4923 2834 4987 breviantur
2874 4948 2890 4999 3
2941 4934 3001 4984 et
3046 4929 3253 4987 solum
3302 4930 3470 4988 mihi

1981 5032 2263 5102 superest
2291 5024 2679 5100 sepulcra-m,
2702 5021 2765 5083 id
2793 5029 2911 5097 est,
2930 5022 3009 5083 de
3038 5022 3325 5104 proximo
3344 5042 3471 5087 mo·

1985 5122 2225 5185 riturus
2255 5139 2419 5196 sum,
2446 5138 2562 5182 nec
2596 5120 2660 5180 in
2692 5119 2811 5181 hac
2830 5119 2961 5181 vita
2992 5119 3195 5183 habeo
3213 5139 3474 5204 prospe-

1987 5241 2055 5283 ra
2094 5217 2445 5302 praestolari
2483 5235 2497 5279 :
2533 5217 2686 5298 quia
2712 5218 2812 5295 (ut
2854 5225 3089 5279 tactum
3129 5219 3261 5299 jam
3306 5239 3473 5301 saepe

1987 5321 2111 5398 est)
2160 5316 2353 5380 tantis
2407 5314 2527 5377 fuit
2579 5315 2861 5397 repletus
2909 5316 3304 5395 vulneribuS,
3339 5319 3473 5381 lan-
