4309 6259
892 494 1012 558 430

1729 506 2074 557 muniunt)
2117 507 2180 552 IN
2222 506 2358 553 CAP.
2405 505 2469 551 lx
2509 504 2635 551 1013.
2680 526 2760 535 —
2800 507 2942 553 ART-
2989 506 3143 553 xxm

890 682 1154 757 divinia,
1201 681 1520 743 interdum
1569 680 1762 743 simul
1817 699 1962 743 cum
2012 677 2380 741 visitatione
2410 675 2463 737 A
2490 675 2797 740 effectum
2833 676 3095 741 infinite
3132 678 3399 741 excedit.
3432 676 3495 740 Si
3538 676 3791 753 abierit,
3824 675 3983 739 effe-

885 780 991 842 Dei
1034 788 1096 842 et
1135 780 1352 860 gratiae
1399 778 1748 855 infusione,
1785 779 1970 841 datur
2009 797 2047 838 a
2082 777 2209 838 Deo
2246 793 2379 837 cer-

886 877 1090 940 titudo
1126 878 1204 939 de
1251 877 1530 957 gratiosa
1575 876 1679 938 Dei
1723 876 2080 957 praesentia,
2115 893 2227 935 seu
2270 873 2378 954 pio

885 976 1024 1057 ejus
1061 977 1360 1053 adventu,
1395 976 1534 1039 sive
1575 994 1687 1056 per
1729 974 2040 1037 exteriora
2085 973 2373 1053 quaedam

883 1074 1142 1150 indicia,
1188 1073 1287 1139 vel
1337 1073 1690 1154 angelicam
1741 1072 2229 1154 apparitionem,
2274 1069 2375 1132 vel

882 1171 1365 1253 inspirationem
1399 1171 1736 1249 internam,
1775 1190 1885 1233 seu
1919 1169 2373 1232 revelationem

882 1271 1216 1333 occultam.
1261 1271 1498 1351 ltaque,
1534 1270 1706 1351 quod
1749 1269 1859 1345 ait,
1900 1268 1964 1331 Si
2008 1267 2259 1331 venerit
2298 1266 2377 1329 ad

882 1388 1004 1445 me,
1039 1377 1188 1445 etc„
1222 1388 1349 1431 non
1378 1376 1474 1431 est
1515 1368 1606 1430 sic
1643 1367 2157 1448 intelligendum,
2193 1365 2378 1448 quasi

882 1485 1133 1548 semper
1162 1467 1253 1529 sic
1283 1467 1387 1543 sit,
1423 1466 1533 1529 sed
1563 1466 1716 1547 quia
1749 1465 2118 1546 frequenter
2155 1463 2249 1527 sic
2276 1482 2379 1526 ac-

881 1565 1038 1627 cidit
1091 1574 1215 1627 tam
1266 1574 1484 1628 sancto
1529 1564 1667 1641 Job,
1701 1583 1892 1645 quam
1943 1562 2171 1626 ceteris
2218 1561 2376 1623 viris

882 1662 1198 1745 perfectis
1215 1664 1549 1745 Aliquibus
1573 1672 1784 1725 tamen
1808 1660 2202 1744 imperfectis
2222 1680 2378 1723 sem-

882 1780 996 1843 per
1037 1762 1129 1826 sic
1164 1771 1371 1845 potest
1404 1762 1711 1838 accidere,
1745 1770 1937 1843 atque
1981 1759 2376 1842 quampluri-

881 1860 1002 1922 mis
1035 1860 1101 1922 in
1131 1869 1264 1923 tota
1293 1880 1404 1923 sua
1437 1860 1568 1924 vita
1601 1860 1689 1922 ita
1717 1858 2050 1939 contingit.

961 1959 1120 2021 Hinc
1163 1959 1354 2023 etiam
1384 1960 1657 2021 Thomas
1699 1958 1868 2019 istud
1907 1955 2375 2039 particulariter

881 2058 1162 2138 exponit,
1197 2058 1469 2121 dicendo
1505 2075 1518 2119 :
1555 2058 1646 2120 Ad
1677 2064 1986 2119 rectorem
2017 2074 2229 2117 rerum
2260 2054 2375 2115 hu-

881 2176 1209 2219 manarum
1243 2156 1564 2238 pertinent
1595 2156 1715 2217 tria
1749 2172 1763 2215 ε
1798 2154 2028 2236 primo,
2061 2152 2193 2216 suis
2228 2152 2375 2214 sub-

879 2254 1063 2335 jectis
1104 2264 1422 2337 praecepta
1462 2253 1725 2336 justitiae
1775 2272 1849 2315 ac
1886 2252 2009 2314 alia
2054 2249 2375 2314 beneficia

879 2352 1292 2434 dispensare3
1333 2353 1634 2427 secundo,
1669 2360 1848 2413 actus
1888 2368 2108 2413 eorum
2140 2348 2373 2411 exami-

881 2470 1072 2526 nare3
1117 2452 1325 2527 tertie,
1382 2449 1734 2533 culpabiles
1780 2448 1985 2531 poenis
2027 2446 2367 2528 subjicere.

880 2551 946 2612 ln
977 2550 1077 2612 his
1111 2550 1313 2612 tribus
1345 2549 1622 2612 ostendit
1641 2547 1757 2610 Job
1789 2546 2023 2610 divinae
2043 2544 2371 2627 sapientiae

880 2648 1402 2730 profunditatem.
1436 2648 1665 2723 Primo,
1692 2647 1861 2727 quod
1887 2654 2013 2707 tam
2053 2644 2371 2726 profunde

877 2756 1071 2829 atque
1100 2747 1420 2810 subtiliter
1449 2746 1722 2832 subditis
1755 2744 1888 2806 suis
1909 2764 2024 2807 sua
2051 2742 2373 2805 beneficia

878 2847 1192 2928 providet,
1226 2844 1396 2925 quod
1437 2844 1629 2906 etiam
1669 2842 2126 2925 recipientibus
2162 2860 2238 2903 ea
2276 2840 2373 2901 in-

877 2942 1455 3025 comprehensibile
1493 2950 1588 3004 est
1623 2960 1636 3003 :
1670 2950 1734 3004 et
1760 2942 1882 3004 hoc
1913 2948 2008 3003 est
2052 2940 2223 3021 quod
2256 2938 2365 3014 ait,

2490 784 2660 839 ctum
2696 777 3130 852 subducend0‚
3166 796 3293 841 non
3329 775 3681 856 intelligam
3727 775 3839 837 ubi
3870 776 3975 837 sit.

2570 875 2807 937 Deinde
2835 876 3189 938 ostenditur
3217 874 3619 957 profunditas
3650 874 3981 956 sapientiae

2491 973 2597 1036 Dei
2628 974 3096 1037 examinatione
3126 983 3379 1037 actuum
3416 974 3867 1036 humanorum.
3900 976 3980 1033 Si

2488 1083 2741 1149 repente
2780 1074 3151 1150 interroqec,
3189 1074 3253 1135 id
3290 1082 3407 1151 est,
3456 1073 3653 1135 vitam
3701 1071 3977 1135 hominis

2487 1170 2909 1247 discutiendo,
2932 1172 3240 1235 rationem
3264 1172 3455 1233 totius
3474 1170 3979 1234 conversationis

2488 1288 2617 1333 suae
2645 1269 2727 1332 ab
2754 1289 2830 1333 eo
2859 1271 3162 1352 requirat,
3196 1269 3761 1350 quis'respondebic
3788 1272 3893 1329 ei?
3913 1269 3977 1329 id

2489 1377 2605 1445 est,
2639 1370 2855 1431 nullus
2887 1368 3121 1450 poterit
3149 1368 3555 1431 sufficienter
3589 1367 3977 1449 respondere

2488 1466 2568 1528 de
2614 1486 2682 1529 se
2719 1466 2858 1548 ipso
2900 1486 3314 1548 praesumenS,
3359 1475 3469 1528 aut
3514 1485 3643 1529 suae
3686 1464 3975 1547 aequitati

2490 1564 2793 1640 inuitem,
2814 1564 3165 1646 praescrtim
3195 1564 3250 1626 si
3280 1565 3629 1627 secundum
3662 1563 3871 1625 solum
3894 1564 3980 1623 ri-

2486 1680 2701 1742 gorem
2728 1662 2993 1743 justitiae
3023 1662 3363 1743 judicetur.
3388 1662 3853 1743 Signanterque
3870 1662 3977 1723 ad-

2486 1760 2602 1836 dit,
2636 1760 2936 1842 Repente,
2972 1761 3123 1841 quia
3152 1760 3205 1823 si
3236 1760 3659 1844 respondendi
3692 1760 3973 1842 spatium

2414 1860 2459 1921 B
2487 1860 2693 1935 detur,
2728 1867 2934 1941 potest
2964 1858 3154 1921 homo
3180 1858 3549 1939 poenitendo
3580 1868 3841 1939 peccata
3868 1858 3975 1921 de-

2486 1958 2637 2020 lere.
2657 1957 3129 2033 Verumtamen,
3154 1957 3413 2040 quidam
3436 1957 3499 2019 in
3532 1956 3650 2020 hac
3672 1956 3804 2019 vita
3824 1966 3975 2018 sunt

2484 2055 2605 2119 viri
2650 2055 2892 2119 heroici
2936 2075 3048 2117 seu
3087 2054 3375 2137 perfecti,
3410 2055 3519 2137 qui
3570 2055 3767 2117 etiam
3820 2056 3973 2117 dum

2484 2154 2865 2230 moriuntur,
2906 2172 3053 2217 mox
3082 2154 3338 2217 evolant
3370 2171 3383 2215 :
3417 2154 3528 2236 qui
3558 2163 3623 2217 et
3656 2155 3712 2217 si
3754 2173 3977 2236 repen-

2482 2260 2543 2315 te
2570 2254 2649 2315 ad
2672 2253 2779 2315 Dei
2806 2252 3119 2334 judicium
3148 2253 3563 2329 deducantur,
3586 2253 3974 2335 respondere

2483 2351 2693 2415 idonei
2724 2360 2894 2428 sunt,
2920 2350 3075 2433 quia
3101 2359 3163 2413 et
3195 2369 3308 2432 pro
3340 2350 3699 2415 venialibus
3726 2351 3975 2414 satisfe-

2480 2456 2723 2511 cerunt.
2776 2449 3036 2530 Propter
3091 2450 3262 2529 quod
3309 2450 3375 2511 in
3426 2448 3762 2531 Sapientiae
3804 2449 3973 2513 libro

2480 2547 2751 2609 habetur
2775 2564 2789 2609 ε
2811 2549 3027 2610 Justus
3054 2547 3107 2609 si
3138 2556 3339 2609 morte
3363 2556 3843 2630 praeoccupatus
3879 2549 3971 2610 fu·
3998 2573 4163 2629 εφη,
4183 2575 4213 2613 τ.

2478 2646 2619 2722 erit,
2654 2646 2720 2707 in
2750 2645 3082 2726 refrigerio
3110 2645 3252 2708 erit.
3276 2646 3451 2707 Unde
3481 2646 3649 2727 quod
3681 2647 3792 2722 ait,
3818 2646 3969 2722 Quis

2482 2744 2891 2826 respondebit
2920 2745 3001 2821 ei,
3036 2744 3307 2825 intelligi
3339 2753 3546 2826 potest
3567 2764 3709 2809 esse
3726 2746 3991 2809 dictum-

2480 2842 2559 2903 ad
2590 2842 3045 2905 insinuandum
3068 2862 3259 2922 quam
3281 2842 3467 2923 pauci
3498 2841 3627 2905 sint
3658 2844 3839 2907 tales,
3862 2845 3973 2907 Vel

2480 2940 2861 3021 generaliter
2910 2940 3395 3021 intelligendum
3445 2950 3562 3017 est,
3606 2942 3785 3021 juxta
3834 2962 3977 3007 sen-

878 3041 942 3104 Si
985 3040 1233 3103 venerit
1274 3040 1351 3101 ad
1397 3060 1519 3116 me,
1555 3057 1683 3102 non
1731 3038 1960 3101 videbo
2005 3058 2175 3101 eum.
2212 3038 2370 3099 Deus
2407 3044 2452 3107 c
2483 3057 2624 3100 sum
2673 3046 3068 3120 proetactum,
3112 3039 3265 3121 quia
3310 3047 3375 3101 et
3419 3039 3575 3120 justi
3618 3040 3977 3104 misericor-

877 3159 1149 3220 namque
1169 3140 1244 3201 ad
1267 3139 1588 3201 hominem
1612 3138 1826 3201 venire
1847 3136 2161 3212 asseritur,
2178 3154 2369 3217 quum

875 3238 934 3301 ei
982 3237 1306 3303 beneficia
1342 3257 1458 3300 sua
1496 3237 1795 3317 largitur3
1845 3243 1908 3299 et
1948 3235 2241 3298 recedere
2289 3233 2370 3295 ab

876 3355 972 3413 ec,
1006 3355 1204 3417 quum
1238 3335 1553 3399 beneficia
1589 3343 1698 3397 aut
1736 3333 2195 3415 protectionem
2227 3330 2371 3393 sub-

877 3435 1071 3497 trahit
1098 3434 1179 3497 ei.
1213 3434 1532 3497 Interdum
1579 3442 1790 3496 autem
1823 3431 2158 3510 contingit,
2194 3430 2366 3512 quod

875 3534 1036 3597 Deus
1068 3533 1511 3596 tribulationes
1542 3532 1782 3595 aliosve
1812 3529 2174 3612 spirituales
2194 3528 2367 3591 defe—

872 3640 1011 3695 ctus
1041 3632 1260 3695 electis
1305 3631 1641 3713 provenire
1683 3629 1995 3712 permittit
2033 3629 2110 3690 ad
2140 3645 2367 3709 procu-

875 3730 1140 3793 randum
1185 3748 1404 3793 eorum
1445 3728 1713 3791 salutem
1749 3745 1762 3789 :
1796 3728 2016 3809 sicque
2065 3726 2240 3789 venit
2286 3726 2365 3788 ad

873 3847 1004 3906 θος,
1051 3837 1112 3892 et
1153 3837 1362 3895 tamen
1413 3828 1535 3909 ipsi
1577 3846 1724 3890 eum
1771 3845 1896 3889 non
1937 3824 2179 3901 vident,
2214 3842 2367 3905 quo-

875 3930 1044 3992 niam
1077 3928 1464 3992 beneficium
1498 3928 1638 4009 ejus
1669 3945 1794 3989 non
1828 3925 2213 4007 percipiunt,
2250 3944 2364 3988 nec

872 4028 1229 4091 attendunt.
1261 4026 1649 4100 Quibusdam
1679 4043 1830 4087 vero
1859 4023 2148 4103 quaedam
2180 4022 2364 4085 bene-

873 4126 1025 4189 ficia
1055 4124 1396 4189 manifesta
1432 4144 1559 4187 non
1599 4122 1937 4198 subtrahit,
1967 4140 2112 4202 quae
2153 4130 2359 4184 tamen

2481 3138 2647 3200 diter
2684 3137 3054 3219 judicantur
3096 3158 3168 3201 ac
3210 3146 3619 3201 coronantur.
3682 3143 3789 3199 Vel
3830 3144 3979 3220 quis

2478 3238 2690 3297 dicere
2726 3237 2784 3299 ei
2822 3247 3022 3313 potest
3062 3236 3526 3300 rationabiliter
3572 3246 3637 3299 et
3680 3237 3971 3320 impune,

2482 3338 2612 3395 Cur
2642 3338 2735 3397 ita
2769 3337 2988 3413 facis?
3020 3354 3213 3417 opera
3252 3336 3359 3399 Dei
3404 3335 3820 3417 dijudicando
3861 3348 3975 3399 aut

2477 3433 2876 3514 reprobando
2905 3434 3005 3497 vel
3041 3442 3539 3516 praesumptuose
3578 3436 3971 3499 scrutando?

2477 3530 2697 3594 Nullus
2736 3530 3021 3608 omnino,
3070 3551 3268 3612 quum
3322 3532 3480 3594 Deus
3520 3532 3603 3593 sit
3642 3532 3839 3613 judex
3886 3534 3969 3595 al-

2476 3628 2781 3707 tissimuS‚
2831 3649 2868 3692 a
2910 3649 3039 3711 quo
3079 3629 3420 3711 appellare,
3476 3648 3592 3693 nec
3630 3630 3803 3709 licet,
3856 3652 3965 3695 ne-

2474 3746 2601 3808 que
2630 3728 2937 3810 possibile
2966 3737 3083 3803 est,
3117 3726 3262 3791 fons
3300 3727 3630 3804 virtutum,
3662 3748 3965 3793 mensura

2477 3828 2790 3905 veritatiS,
2844 3836 2907 3891 et
2954 3826 3174 3907 regula
3220 3826 3556 3908 aequitatis.
3612 3827 3757 3890 ldeo
3804 3830 3963 3892 dicit

2474 3927 2811 4008 Apostolus
2838 3944 2851 3987 :
2877 3925 2926 3990 Ο
2952 3927 3164 4003 homo,
3192 3934 3257 3987 tu
3288 3924 3431 4006 quis
3462 3945 3531 3989 es
3562 3926 3670 4007 qui
3704 3946 3961 4009 respon·
3984 3954 4215 3997 mmm

2473 4026 2621 4087 deas
2661 4026 2825 4088 Deo?
2858 4025 3305 4107 Scriptumque
3352 4032 3449 4086 est
3497 4024 3560 4085 in
3610 4025 3767 4087 lsaia
3802 4044 3818 4087 :
3852 4027 3961 4090 Vae
4012 4050 4205 4094 12.m.9.

2470 4124 2583 4205 qui
2614 4124 2989 4186 contradicit
3021 4122 3243 4185 factori
3278 4140 3413 4185 suo.
3449 4123 3763 4205 Numquid
3802 4125 3961 4187 dicit

871 4224 937 4286 in
967 4244 1187 4288 eorum
1217 4222 1566 4306 perniciem
1601 4229 1872 4300 vergunt
1898 4238 1911 4281 :
1937 4219 2161 4300 sicque
2194 4238 2363 4281 rece·
2394 4225 2443 4286 D
2474 4223 2676 4285 lutum
2710 4222 2910 4301 figulo
2940 4241 3077 4298 suo,
3109 4222 3268 4296 Quid
3304 4222 3505 4284 facis?

869 4323 964 4385 dit
1005 4324 1085 4386 ab
1125 4323 1239 4398 eiS,
1276 4321 1360 4383 ita
1403 4321 1572 4401 quod
1622 4338 1766 4382 eum
1819 4338 1944 4381 non
1995 4317 2363 4398 intelligunt

869 4420 1232 4483 abeuntem.
1267 4419 1388 4481 lsta
1415 4417 1726 4500 expositio
1761 4418 2015 4479 Thomae
2059 4415 2363 4478 fundatur

871 4519 938 4581 in
986 4518 1198 4582 verbis
1245 4516 1528 4596 Gregorii
1574 4517 1679 4579 hic
1727 4515 2064 4578 scribentis
2109 4533 2122 4576 :
2164 4514 2361 4577 Homo

871 4635 1038 4698 saepe
1070 4616 1226 4679 iram
1257 4624 1458 4697 putat,
1494 4616 1664 4695 quod
1692 4614 1912 4695 gratiae
1953 4615 2192 4676 donum
2224 4623 2358 4689 est;

869 4724 932 4779 et
960 4734 1128 4797 saepe
1166 4715 1336 4796 quod
1376 4714 1611 4777 divinae
1649 4712 2069 4775 districtionis
2111 4712 2205 4774 ira
2242 4720 2357 4789 est,

864 4814 1134 4895 gratiam
1182 4813 1475 4877 aestimat.
1514 4811 1591 4873 Et
1638 4819 2101 4893 consequenter
2139 4810 2362 4891 Grego-

865 4913 997 4975 rius
1029 4912 1258 4975 horum
1280 4910 1772 4974 declarationem
1797 4910 2205 4991 prosequitur
2234 4910 2361 4972 cla-

864 5012 998 5073 rius
1027 5012 1230 5074 multo
1256 5028 1450 5092 quam
1470 5007 2066 5071 ThomasAlbertus
2097 5007 2361 5089 insuper

866 5111 956 5172 ita
983 5109 1242 5191 exponit
1271 5126 1284 5170 :
1311 5108 1374 5170 Si
1406 5106 1652 5170 venerit
1679 5107 1759 5168 ad
1789 5126 1913 5182 me,
1951 5106 2016 5167 in
2033 5106 2248 5188 aliquo
2270 5106 2360 5169 es-

869 5208 1041 5271 fectu
1069 5206 1287 5287 gratiae
1317 5206 1418 5269 vel
1461 5214 1704 5268 naturae
1745 5224 2079 5287 apparenS,
2113 5223 2241 5268 non
2275 5205 2359 5269 vi-

868 5306 1033 5370 debo
1061 5325 1230 5381 eum,
1254 5303 1801 5387 supple,perfecte
1821 5323 1835 5367 ε
1857 5302 2161 5384 quoniam
2194 5305 2355 5367 Deus

2551 4325 2721 4382 Deus
2747 4323 2935 4398 cujus
2970 4323 3089 4383 ἱνα»
3126 4322 3411 4381 resistere
3440 4340 3620 4381 nemo
3640 4330 3867 4399 potest.
3894 4322 3959 4383 Si

2472 4420 2581 4482 irae
2611 4419 2721 4481 Dei
2746 4438 2933 4483 nemo
2964 4420 3256 4483 resistere
3283 4427 3512 4501 potest,
3537 4420 3857 4501 quomodo
3892 4422 3959 4483 in

2471 4517 2683 4581 Exodo
2740 4518 3044 4581 Dominus
3094 4518 3378 4600 loquitur
3424 4518 3637 4600 Moysi,
3700 4519 3959 4583 Dimitte

2471 4636 2572 4680 me
2602 4626 2672 4679 ut
2700 4618 3008 4680 irascatur
3038 4616 3215 4680 furor
3243 4636 3420 4680 meus
3448 4626 3667 4679 contra
3696 4636 3805 4679 eos
3826 4624 3853 4679 *Γ
3882 4619 3959 4680 Et

2471 4724 2691 4797 postea
2736 4716 2967 4798 legitur
3004 4716 3167 4779 Deus
3216 4715 3509 4797 precibus
3549 4714 3773 4797 Moysis
3817 4736 3957 4781 esse

2470 4814 2777 4896 placatuS.
2829 4815 2895 4876 ln
2950 4812 3279 4877 Ezechiele
3336 4832 3591 4896 quoque
3649 4814 3955 4877 Dominus

2468 4920 2853 4994 protestatur
2896 4930 2909 4975 :
2943 4912 3214 4986 Quaesivi
3254 4912 3463 4977 virum
3510 4912 3621 4993 qui
3670 4913 3958 4996 interpo—
3986 4933 4209 4977 sucum

2468 5019 2647 5073 neret
2676 5028 2906 5093 sepem,
2927 5020 2991 5073 et
3020 5020 3214 5075 staret
3240 5011 3570 5093 oppositus
3600 5020 3821 5075 contra
3852 5032 3956 5075 me
3984 5002 4049 5041 ³⁰·

4038 4536 4169 4581 Baeoa.

3984 4602 4211 4650 nummu.

2468 5127 2583 5190 pro
2614 5118 2799 5185 terra,
2836 5128 2915 5171 ne
2952 5109 3331 5190 dissiparem
3363 5128 3525 5173 eam.
3551 5110 3861 5192 Denique,
3886 5112 3953 5173 in

2466 5207 2757 5269 Numeris
2787 5207 3090 5269 Dominus
3119 5208 3405 5289 loquitur
3431 5207 3622 5289 Moysi
3648 5208 3953 5272 :Phineos
3994 5223 4205 5265 sanam.

2468 5304 2647 5368 filius
2677 5304 2954 5368 Eleazari
2992 5304 3222 5369 avertit
3264 5306 3425 5368 iram
3464 5324 3675 5369 meam
3710 5326 3747 5368 a
3790 5304 3953 5369 filiis
3986 5288 4047 5329 ¹¹·
