4309 6259
604 2265 658 2309 1v
665 2266 771 2320 Περ.
785 2280 851 2308 xu.

634 2559 786 2603 Eccle.
811 2574 852 2607 x.

591 2624 658 2666 ¹6.

885 490 1006 553 240

1236 506 1580 553 ENARRATIO
1625 506 1686 551 ΙΝ
1729 506 1864 551 CAP-
1912 505 2056 551 xxlv
2103 506 2260 551 LIBRI
2304 504 2556 551 SECUND!
2598 504 3131 552 PARALIPORENON.
3177 525 3258 536 —
3298 506 3442 552 ΛΒΤ.
3486 506 3635 551 XXW

1917 913 2567 999 ARTICULUS
2646 860 2923 997 xxiv

1259 1168 1572 1233 E'xposnw
1625 1188 1900 1232 CAPITULI
1953 1186 2215 1230 vtcsssml
2270 1185 2494 1238 QUAR'rl
2540 1186 2553 1229 :
2603 1186 2835 1230 SEPTEM
2888 1187 3181 1231 ANNORUtt
3236 1188 3393 1231 ERAT
3442 1188 3590 1231 JOAS

1998 1284 2162 1337 Quum
2205 1283 2490 1327 REGNARE
2532 1282 2867 1329 COEPISSET.

1003 1565 1422 1628 CRl'PTURA
1451 1565 1571 1625 hoc
1619 1563 1756 1624 loco
1791 1571 2064 1635 enarrat,
2099 1559 2375 1639 qualiter
2404 1560 2455 1620 A
2486 1560 2762 1636 rabatur‚
2800 1570 2867 1623 ut
2898 1562 2963 1623 in
2995 1561 3159 1624 libro
3188 1562 3382 1624 Exodi
3413 1563 3667 1642 legitur,
3690 1568 3967 1624 adserta
4012 1589 4199 1632 emm,

2487 1668 2644 1720 tecta
2676 1662 2899 1736 templi
2930 1662 3049 1721 Dei
3077 1663 3273 1721 vestri
3303 1661 3671 1742 reparanda,
3706 1661 3823 1723 hoc
3848 1671 3962 1737 est,
3994 1652 4109 1693 ¹²⁴⁶·

1019 1665 1161 1725 Joas
1185 1664 1251 1724 in
1281 1662 1599 1744 principio
1630 1660 1808 1740 regni
1833 1659 1954 1734 sui,
1981 1664 2044 1719 et
2072 1657 2374 1736 deinceps

880 1782 994 1844 per
1021 1762 1281 1841 longum
1315 1770 1564 1841 tempus
1596 1758 1757 1821 bene
1788 1777 1855 1819 se
1897 1756 2121 1818 habuit
2162 1755 2228 1815 in
2260 1774 2374 1817 suo

882 1861 1190 1939 regimine
1218 1860 1386 1922 circa
1417 1860 1613 1921 Deum
1656 1867 1719 1919 et
1751 1856 2082 1937 populum,
2117 1862 2181 1915 et
2222 1873 2376 1933 qua—

883 1958 1027 2019 liter
1059 1960 1310 2020 tandem
1355 1955 1651 2018 inciderit
1695 1954 1850 2018 vitia
1894 1971 2145 2031 magna,
2183 1958 2375 2030 atque

882 2064 1216 2137 propterea
1237 2073 1456 2137 poenas
1480 2052 2022 2132 adversitatesque
2044 2048 2371 2111 maximas.

883 2154 1072 2217 Porro
1102 2154 1304 2235 prima
1337 2172 1484 2235 pars
1529 2151 1722 2233 hujus
1764 2147 2051 2231 capituli,
2088 2145 2372 2228 exposita

883 2261 979 2314 est
1011 2252 1193 2333 quasi
1226 2259 1353 2314 tota
1386 2251 1552 2312 libro
1583 2256 1808 2330 quarto
1831 2248 2092 2325 Regum.
2121 2244 2373 2321 Septem

884 2371 1208 2411 annorum
1253 2359 1390 2409 erat
1415 2352 1564 2410 Joas
1605 2368 1808 2425 queam
1854 2364 2123 2422 reynare
2164 2344 2375 2419 eoeJn's-

883 2458 994 2510 set.
1026 2448 1149 2511 Nec
1178 2455 1312 2509 erat
1333 2456 1482 2509 aetas
1514 2445 1625 2507 illa
1645 2442 1982 2506 sufficiens
2006 2441 2082 2503 ad
2116 2457 2375 2519 regnan-

883 2548 1058 2623 dum,
1095 2565 1293 2626 quum
1325 2541 1636 2626 scriptum‘
1683 2542 1786 2617 sit,
1820 2541 1927 2603 Vae
1967 2548 2149 2601 terrae
2188 2536 2371 2616 cujus

885 2664 994 2707 rex
1024 2664 1182 2726 puer
1211 2652 1345 2717 est3
1395 2643 1502 2704 sed
1534 2639 1910 2703 necessitate
1955 2644 2241 2716 urgente,
2276 2654 2373 2696 sa-

2482 1757 2563 1818 ad
2594 1756 3070 1820 reformandum
3104 1778 3177 1821 ea
3217 1778 3358 1839 quae
3399 1760 3462 1820 in
3508 1767 3673 1821 tecto
3724 1760 3963 1841 templi,

2483 1864 2593 1915 aut
2620 1856 2764 1916 aliis
2796 1856 2933 1935 ejus
2978 1856 3267 1937 partibus
3306 1866 3487 1919 erant
3526 1868 3821 1939 corrupta
3862 1868 3967 1919 aut

2485 1953 2683 2034 lapsa.
2716 1953 2891 2027 Quod
2920 1962 3133 2017 autem
3165 1955 3598 2035 subjungitur,
3608 1977 3731 2033 per
3758 1960 3972 2034 sinqu-

2484 2054 2575 2109 los
2602 2072 2830 2120 annos,
2858 2052 2935 2113 ad
2983 2062 3325 2133 utrumque
3365 2062 3571 2135 potest
3619 2052 3871 2131 referri,
3906 2064 3973 2116 ut

2484 2146 2730 2209 scilicet
2757 2148 2857 2210 vel
2890 2149 3033 2209 talis
3076 2150 3369 2212 collectio
3399 2150 3837 2232 pecuniarum,
3872 2150 3971 2215 vel

2482 2244 2628 2305 ‘talis
2650 2245 3024 2308 instauratio
3048 2247 3392 2321 ruinarum,
3420 2247 3446 2309 f
3449 2249 3605 2311 ieret
3626 2248 3801 2310 omni
3828 2258 3973 2310 tem·

2482 2361 2635 2424 pore
2674 2354 3074 2426 opportun03
3122 2349 3549 2425 festinatoque
3596 2351 3711 2407 lzoc
3745 2349 3968 2423 facite.

2480 2445 2685 2502 Porro
2714 2445 2955 2504 Levitoe
2982 2454 3248 2521 eyerunt
3278 2447 3729 2521 neqliqentim,
3756 2445 3823 2506 id
3853 2454 3968 2519 est,

2482 2539 2548 2599 hi
2571 2540 2805 2620 quibus
2827 2542 3162 2603 commissa
3188 2540 3312 2603 fuit
3334 2542 3442 2603 illa
3464 2542 3774 2616 collectio,
3793 2543 3975 2624 pigre

2480 2639 2758 2700 exsecuti
2788 2648 2938 2701 sunt
2959 2639 3123 2719 regis
3152 2649 3555 2723 praeceptum.
3592 2645 3975 2720 Voeavitque

883 2742 1320 2825 pientissimus
1351 2739 1638 2822 pontifex
1655 2737 1869 2801 Joiada
1891 2736 2074 2797 unxit
2102 2752 2371 2816 puerum
2408 2734 2453 2795 B
2480 2757 2595 2795 rex
2621 2740 2797 2797 ,Iuda
2824 2740 3127 2799 Joiadam
3147 2741 3517 2815 principem
3546 2741 3969 2813 sacerdotum,

881 2842 1064 2903 illum
1100 2841 1163 2901 in
1196 2858 1431 2918 regem,
1466 2846 1537 2899 ut
1569 2837 1722 2898 finis
1762 2836 2199 2917 imponeretur
2230 2850 2371 2912 pes—

880 2940 1042 3001 simo
1074 2937 1368 3016 regimini
1399 2935 1778 2997 detestandae
1804 2931 2092 3007 Athaliae,
2125 2939 2187 2993 et
2222 2947 2370 3009 quo-

880 3037 1050 3098 niam
1071 3035 1288 3097 Joiada
1308 3043 1441 3097 erat
1463 3032 2056 3096 sufficientissimus
2080 3027 2370 3091 defectus

880 3134 1061 3217 pueri
1093 3134 1266 3194 illius
1297 3132 1615 3214 supplere,
1640 3140 1702 3193 et
1733 3149 1875 3192 eum
1912 3129 1977 3190 in
2009 3127 2258 3190 cunctis
2281 3125 2371 3187 di-

882 3232 1104 3309 rigere.
1138 3234 1224 3293 Et
1252 3231 1692 3310 quadraqinla
1729 3230 1924 3287 annis
1970 3227 2266 3301 reynavit
2296 3226 2369 3284 in

877 3334 1256 3391 Jerusalem.
1293 3331 1554 3391 .Nome·n
1598 3328 1825 3386 matris
1865 3326 2004 3403 ejus
2046 3325 2265 3391 Sebia,
2290 3326 2369 3382 de

881 3431 1210 3490 Bersabee.
1245 3428 1545 3503 Fecitque
1573 3429 1743 3503 quod
1770 3428 2004 3484 bonum
2032 3430 2120 3481 esc
2151 3442 2367 3480 coram

883 3529 1183 3591 Domino,
1213 3527 1461 3585 cunctis
1485 3526 1710 3583 diebus
1728 3525 1978 3582 ,loiadoe
1997 3521 2363 3579 sacerdotia.

884 3626 1142 3702 Accepit
1190 3632 1403 3683 autem
1444 3624 1505 3680 ei
1541 3623 1771 3680 Joz‘ada
1831 3640 2061 3679 uxores
2100 3620 2291 3686 duaa,
2336 3636 2369 3675 e

883 3725 1114 3802 quibus
1135 3726 1364 3801 yemali
1391 3723 1564 3799 filios
1600 3730 1657 3778 et
1685 3720 1884 3795 filiae.
1919 3716 2179 3797 Accepit
2218 3733 2367 3794 ergo

881 3821 938 3883 ei
973 3830 1122 3883 tunc
1141 3821 1358 3882 Joiada
1386 3828 1565 3901 pater
1587 3817 1726 3897 ejus
1750 3834 1974 3878 uxores
1998 3815 2176 3889 duaS‚
2198 3813 2367 3893 quod

2479 2844 2539 2894 et
2568 2837 2744 2897 dimit
2772 2839 2834 2895 ei
2865 2856 2887 2896 .·
2922 2841 3133 2905 Quare
3171 2858 3302 2898 non
3340 2840 3478 2913 fuit
3512 2840 3629 2898 cibi
3672 2860 3873 2907 curce,
3902 2850 3973 2899 uc

2480 2952 2749 3009 cogeres,
2789 2933 2850 2995 id
2891 2943 3008 3009 est,
3052 2934 3454 3017 corripiendo
3494 2944 3557 2998 et
3594 2936 3971 3015 corrigendo

2480 3030 2819 3111 diligenter
2839 3031 3194 3107 inducereS,
3220 3036 3477 3094 Levitas
3498 3036 3747 3112 inferre
3762 3038 3845 3095 de
3863 3037 3975 3096 Ju-

2478 3132 2567 3189 da
2594 3140 2653 3189 ei
2680 3134 2758 3189 de
2784 3132 3139 3190 Jerusalem
3168 3134 3541 3209 pecuniam,
3574 3154 3717 3212 quw
3740 3136 3975 3193 eonsti-

2482 3238 2621 3289 tuta
2650 3238 2739 3288 esi
2768 3250 2809 3287 a
2843 3232 3061 3306 Moyse
3096 3250 3274 3289 servo
3304 3233 3598 3301 Domini,
3633 3230 3697 3292 id
3740 3239 3859 3307 est,
3894 3232 3975 3293 de

2479 3326 2942 3388 habitatoribus
2970 3325 3315 3389 Jerusalem
3358 3337 3841 3410 ceterarumque
3870 3350 3975 3391 ur·-

2478 3424 2658 3485 bium
2691 3424 2865 3503 regni
2899 3424 3026 3486 mei
3066 3425 3277 3488 levare
3310 3426 3647 3507 prael'atum
3684 3428 3971 3489 medium

2479 3522 2708 3584 siclum
2735 3542 2771 3583 a
2806 3522 3097 3602 quolibet
3118 3522 3279 3599 viro,
3307 3533 3495 3604 prout
3526 3524 3591 3587 in
3614 3526 3827 3588 Exodo
3845 3526 3975 3606 jus·
4046 3550 4201 3591 thiam..

2444 3659 2453 3667 ·
2479 3640 2618 3681 sum
2650 3628 2767 3696 est,
2802 3631 2874 3681 ui
2906 3622 3181 3695 inferret
3207 3641 3349 3680 eam
3378 3623 3587 3681 omnis
3616 3626 3973 3684 multitudo

2478 3722 2683 3779 Israel
2714 3720 2786 3778 in
2821 3721 3313 3779 tabernaculum
3350 3720 3723 3787 testimonii,
3754 3720 3819 3780 id
3850 3728 3969 3787 cst.

2481 3816 2923 3896 unusquisque
2967 3816 3046 3877 de
3073 3817 3333 3898 populo,
3371 3826 3793 3899 comportaret
3832 3837 3977 3899 par-

881 3920 1102 4000 utique
1151 3928 1302 3981 tunc
1343 3918 1592 3980 licitum
1627 3923 1785 3991 erat,
1823 3913 1951 3975 imo
1993 3911 2180 3973 multi
2212 3930 2370 3993 prae-
2401 3914 2444 3977 C
2481 3923 2608 3975 tem
2637 3934 2817 3976 suam
2848 3914 2927 3975 ad
2959 3915 3270 3997 templum
3302 3916 3367 3977 in
3397 3915 3633 3977 atrium
3664 3917 3851 3998 ejus?

878 4018 1239 4080 cedentium
1273 4034 1490 4095 regum
1521 4013 1880 4076 habuerunt
1902 4010 2084 4075 valde
2108 4009 2323 4091 plures
2349 4026 2363 4069 :

877 4115 1047 4196 quod
1078 4114 1382 4196 quoniam
1422 4112 1642 4175 multis
1689 4110 1812 4171 fuit
1851 4109 2051 4171 ruinae
2093 4107 2364 4181 occasi0‚

877 4213 1081 4277 voluit
1124 4210 1412 4293 pontifex
1453 4210 1799 4284 virtuosuS‚
1833 4215 1904 4269 ut
1936 4207 2081 4269 Joas
2110 4213 2372 4268 conten-

878 4317 980 4371 tus
1011 4316 1178 4372 esset
1205 4308 1453 4370 duabus
1483 4304 1809 4369 uxoribus,

957 4410 1111 4469 Post
1139 4428 1284 4486 quae
1307 4408 1560 4485 placuit
1581 4404 1714 4484 regi
1740 4407 1914 4473 ,loa-5,
1943 4412 2015 4463 ut
2047 4404 2373 4463 instaura-

878 4514 974 4564 ret
1015 4508 1278 4565 domum
1307 4506 1599 4572 Domini,
1631 4502 1694 4564 id
1739 4510 1855 4577 est,
1891 4501 2107 4563 ruinas
2152 4508 2216 4562 et
2248 4499 2374 4562 fra-

2560 4013 2865 4093 Denique‚
2913 4032 3055 4093 quae
3104 4022 3482 4093 sequuntur,
3527 4023 3797 4095 possunt
3834 4034 3977 4078 esse

2481 4110 2581 4173 vel
2634 4109 2827 4175 verba
2876 4111 3042 4189 regis
3087 4110 3250 4187 JoaS‚
3282 4112 3667 4192 assignantis
3714 4131 3975 4175 causam

2482 4228 2611 4270 suae
2652 4208 3129 4289 increpationiS‚
3173 4210 3274 4272 vel
3316 4208 3509 4273 verba
3546 4210 3825 4274 auctoris
3862 4211 3980 4272 hu-

2478 4308 2581 4388 jus
2604 4307 2972 4383 voluminiS‚
3000 4308 3386 4370 insinuantis
3414 4328 3529 4372 cur
3556 4328 3815 4373 necesse
3850 4309 3980 4372 suit

2481 4405 2817 4487 pecuniam
2841 4406 3079 4486 colligi.
3096 4409 3371 4468 Athalia-
3387 4410 3564 4469 enim
3584 4409 3979 4485 impiissima

2483 4504 2549 4565 in
2580 4506 2801 4582 Deum,
2828 4505 3013 4584 cujus
3034 4504 3276 4567 cultum
3298 4504 3631 4582 destruxit,
3656 4515 3720 4569 et
3749 4505 3815 4568 in
3838 4526 3980 4588 pro-

878 4611 1088 4665 cturas
1113 4602 1334 4686 templi
1354 4610 1697 4685 repararet.
1717 4602 2265 4678 Conqreqavitque
2281 4620 2375 4659 sa-
2482 4602 2725 4664 ximum
2759 4620 2773 4663 τ
2809 4621 2955 4663 nam
2986 4602 3293 4683 regnandi
3328 4602 3599 4666 libidine
3640 4602 3816 4667 filios
3846 4604 3975 4666 filii
4026 4626 4171 4677 wne-2
4196 4634 4239 4666 ιι.

877 4704 1153 4761 cer-dotes
1171 4710 1230 4761 et
1246 4704 1594 4771 Levitas,ei
1613 4701 1788 4759 dimit
1807 4700 1899 4757 eis
1916 4718 1937 4757 .·
1953 4698 2374 4774 Eqredimini
2482 4700 2583 4761 sui
2625 4700 2929 4782 puerulos
2975 4700 3339 4779 trucidavit,
3374 4709 3438 4765 et
3486 4702 3572 4764 ita
3622 4711 3836 4767 secuta
3880 4711 3980 4766 est
4012 4694 4049 4733 ¹·

878 4802 967 4859 ad
995 4800 1288 4859 civitates
1315 4800 1512 4869 Juda,
1542 4807 1601 4857 et
1637 4797 1919 4874 eolliyite
1948 4799 2028 4855 de
2069 4797 2372 4854 universo
2478 4797 2726 4861 Jezabel
2766 4807 3033 4861 matrem
3076 4818 3256 4861 suam
3282 4824 3299 4876 ς
3342 4810 3403 4861 et
3428 4803 3566 4878 filii
3591 4803 3753 4879 eju&
3784 4801 3981 4864 Natu-

877 4899 1086 4959 Israel
1105 4898 1483 4973 pecuniam,
1505 4895 1568 4957 id
1598 4902 1717 4971 est,
1736 4894 1814 4957 de
1844 4891 2134 4974 quolibet
2163 4891 2372 4973 capite
2482 4896 2645 4958 rales
2678 4894 2802 4957 l’ilii
2832 4896 3118 4973 Attianae,
3157 4895 3183 4957 f
3188 4905 3385 4959 ratres
3413 4897 3718 4975 Ochoziae,
3751 4918 3977 4963 omnes

880 5014 994 5057 seu
1023 4993 1506 5076 patrefamiliaS,
1532 4994 1629 5058 vel
1661 4994 1739 5055 de
1769 4991 2057 5073 quolibet
2091 4990 2231 5052 viro
2262 5008 2373 5071 ap-
2483 4993 2746 5056 fuerunt
2790 4994 2986 5057 occisi
3028 5014 3065 5056 a
3115 4995 3489 5058 latrunculis
3509 4997 3809 5074 Arabum,
3842 4999 3980 5078 jux·
4010 5020 4249 5063 uenam

881 5102 945 5156 to
974 5093 1052 5155 ad
1082 5091 1348 5169 bellum,
1381 5092 1493 5174 qui
1534 5091 1779 5154 scilicet
1807 5089 1889 5151 sit
1917 5090 1995 5150 ad
2035 5088 2250 5150 minus
2280 5089 2373 5151 vi-
2403 5098 2453 5160 D
2482 5100 2543 5153 ta
2573 5092 2919 5174 praehabita
2949 5112 3162 5174 supra.
3187 5093 3425 5157 Idcirco
3454 5114 3567 5176 per
3595 5094 3769 5158 filios
3783 5095 3977 5158 Atha-
4010 5087 4047 5126 ¹·

880 5190 1043 5271 giuti
1089 5209 1427 5267 annorum,
1463 5189 1735 5271 accipite
1783 5188 2064 5250 medium
2115 5186 2367 5263 siclum,
2483 5190 2606 5266 liae,
2637 5189 3083 5271 intelliguntur
3112 5192 3210 5254 vel
3242 5192 3381 5272 ejus
3411 5194 3661 5274 cognati
3690 5214 3767 5257 ex
3795 5205 3977 5277 parte

885 5296 1074 5371 prout
1104 5288 1250 5352 fieri
1279 5288 1520 5363 debuit,
1555 5286 1812 5368 quando
1841 5285 2119 5368 populus
2150 5304 2373 5349 nume-
2481 5286 2696 5349 Achab
2726 5296 2789 5349 et
2813 5287 3084 5364 Jezabel‚
3118 5289 3218 5352 vel
3268 5289 3333 5349 hi
3378 5308 3537 5371 quos
3583 5292 3663 5353 ad
3712 5292 3979 5355 idolola-
