4309 6259
809 488 928 551 298
1705 510 2049 555 emanante
2091 510 2152 555 m
2197 510 2418 557 unnim
2456 510 2583 557 1013.
2628 531 2709 540 —
2751 511 2892 557 aar.
2937 512 3005 557 ιιι

809 677 1213 757 inquisitioni
1237 680 1522 741 veritatis
1543 698 1800 761 operam
1829 679 2160 755 dederunt,
2186 699 2294 762 pu·
2321 678 2373 743 A
2402 680 2559 760 (non
2606 680 2777 743 enim
2816 679 3001 744 bonis
3050 698 3299 763 semper
3342 680 3645 743 eveniunt
3688 678 3885 754 bona,
3928 699 4245 742 aenaeum-

810 782 870 835 ta
901 776 1264 860 philosophi
1296 778 1749 859 quidam,tales
1777 778 2053 853 fuerunt,
2079 780 2292 842 omnia
2406 798 2523 841 nec
2552 778 2738 840 malis
2768 798 3017 862 semper
3045 779 3209 841 mala
3236 798 3252 859 3
3284 798 3401 842 nec
3438 780 3666 841 iterum
3696 777 3887 839 bonis
3918 758 4243 866 {tuti-{2⁶11
4287 774 4289 777 ’

810 875 1147 939 casualiter
1177 876 1321 939 fieri
1362 878 1717 960 opinanteS,
1751 878 1915 940 sicut
1952 878 2029 940 de
2066 878 2295 960 Epicu-

2404 898 2655 960 semper
2694 880 2880 953 mala,
2916 898 3031 941 nec
3069 878 3254 940 malis
3294 898 3541 961 semper
3586 877 3889 941 accidunt
3918 884 4245 929 nisetmtis

811 974 938 1036 reis
965 984 1027 1036 et
1054 976 1338 1057 antiquis
1366 976 1734 1039 Aristoteles
1764 985 1996 1039 narrat.
2029 978 2296 1041 Posteri-

3918 946 4193 992 eveniant.

811 1091 951 1135 ores
985 1092 1134 1137 vero
1172 1075 1560 1157 philosophi,
1586 1075 1968 1157 profundius
2006 1076 2293 1139 ordinem

812 1190 1046 1249 rerum,
1079 1192 1336 1235 cursum
1377 1174 1724 1250 stellarum,
1767 1175 1989 1237 mundi
2028 1175 2299 1257 disposi-

814 1270 1050 1335 tionem
1089 1292 1164 1335 ac
1203 1280 1436 1335 statum
1483 1282 1860 1350 scrutanteS,
1913 1273 2297 1337 invenerunt

813 1390 1012 1433 unum
1060 1389 1198 1433 esse
1245 1371 1523 1453 primum
1571 1372 2016 1435 universorum
2063 1372 2299 1454 princi-

813 1469 991 1551 pium
1027 1486 1040 1531 :
1075 1488 1346 1550 quorum
1394 1471 1653 1551 quidam
1692 1470 1989 1533 dixerunt
2024 1471 2157 1533 sola
2196 1492 2299 1533 su-

814 1568 1063 1649 periora
1118 1578 1310 1649 atque
1359 1569 1638 1631 coelestia
1688 1572 1826 1651 ejus
1881 1571 2297 1653 providentiae

813 1667 1166 1747 subjacere,
1200 1686 1273 1729 ac
1301 1667 1433 1747 regi
1472 1667 1554 1729 ab
1583 1687 1656 1730 eo
1682 1687 1698 1747 3
1729 1668 1838 1730 alii
1879 1688 2049 1745 vere,
2083 1669 2299 1731 omnia

814 1765 1148 1826 naturalia.
1183 1764 1301 1828 Sed
1330 1767 1412 1828 de
1448 1767 1635 1829 rebus
1673 1767 2050 1848 actibusque
2079 1768 2300 1831 huma-

2404 978 2593 1053 bona,
2620 978 2727 1041 sed
2760 976 3207 1041 indifferenter
3227 977 3411 1040 bonis
3430 986 3495 1041 et
3512 977 3696 1039 malis
3715 975 3903 1039 bona·

2406 1086 2469 1141 et
2498 1077 2722 1157 mala);
2748 1077 2897 1139 bine
2926 1086 3095 1140 mota
3128 1086 3277 1139 sunt
3296 1076 3484 1140 corda
3512 1076 3884 1151 multorum,

2407 1177 2576 1257 quod
2614 1183 2793 1238 actus
2832 1176 3093 1238 humani
3142 1195 3269 1240 non
3306 1176 3728 1257 disponuntur
3770 1192 3896 1256 per

2407 1274 2871 1356 providentiam
2920 1273 3051 1336 Dei.
3093 1273 3369 1348 Quorum
3414 1292 3589 1337 error
3632 1271 3893 1336 devenit

2404 1373 2484 1434 ad
2534 1372 2675 1448 hoc,
2719 1373 2887 1453 quod
2935 1372 3034 1435 vel
3083 1370 3357 1435 fortunae
3401 1372 3502 1435 vel
3548 1370 3743 1448 casui,
3784 1370 3893 1433 vel

2410 1471 2541 1534 fato
2572 1490 2679 1534 eos
2698 1471 3129 1534 attribuerunt
3152 1490 3168 1533 z
3192 1472 3304 1552 qui
3326 1490 3501 1534 error
3522 1468 3897 1533 nocentissi-

2408 1590 2549 1632 mus
2580 1569 2704 1632 fuit
2733 1570 3126 1633 hominibus.
3158 1572 3309 1634 Inde
3336 1570 3507 1633 enim
3535 1570 3709 1634 venit
3738 1568 3895 1629 irre-

2411 1668 2438 1731 f
2441 1678 2651 1731 renata
2682 1669 2987 1751 peccandi
3017 1669 3309 1745 libertas3
3332 1669 3665 1750 omnisque
3684 1668 3889 1738 timor,

2406 1786 2585 1831 amor
2604 1776 2668 1829 et
2687 1767 3036 1831 reverentia
3060 1767 3167 1830 Dei
3189 1768 3496 1831 discessit.
3508 1767 3652 1830 ldeo
3669 1765 3893 1848 praeci-

813 1862 912 1925 nis
961 1863 1296 1946 multiplex
1346 1864 1470 1927 fuit
1518 1865 1684 1928 inter
1732 1885 1838 1928 eos
1885 1885 2059 1929 error
2103 1876 2299 1948 atque
2335 1869 2382 1930 B
2409 1884 2534 1947 pua
2554 1875 2913 1929 sanctorum
2934 1866 3187 1928 Patrum
3205 1866 3532 1946 diligentia
3554 1864 3899 1927 fuitistum-

812 1961 1052 2043 opinio,
1079 1972 1289 2025 utrum
1321 1973 1384 2026 et
1412 1966 1730 2045 quomodo
1751 1973 1916 2027 esset
1937 1965 2015 2027 de
2043 1965 2135 2028 eis
2166 1985 2301 2047 pro-

811 2060 1116 2138 videntia,
1151 2060 1485 2145 dispositio
1521 2082 1596 2125 ac
1637 2063 1949 2142 judicium
1979 2063 2112 2139 Dei,
2144 2082 2302 2144 prae-

811 2160 1033 2221 sertim
1063 2160 1214 2241 quia
1245 2159 1522 2224 difficile
1545 2161 1669 2223 fuit
1688 2161 1780 2223 eis
1801 2160 2017 2225 videre
2046 2180 2303 2242 quomo-

811 2260 892 2321 do
925 2257 1354 2322 infallibilitas
1384 2260 1798 2341 praescientiae
1819 2260 1928 2323 Dei
1958 2268 2022 2321 et
2041 2260 2300 2322 libertas

810 2356 1060 2419 arbitrii
1109 2356 1298 2419 simul
1341 2366 1602 2420 starent.
1656 2358 1730 2419 Et
1777 2358 1928 2439 quia
1975 2358 2297 2435 videbant,

815 2457 988 2537 quod
1022 2456 1087 2518 in
1118 2456 1574 2539 vita-praesenti
1605 2456 1757 2519 boni
1787 2456 2237 2538 opprimuntur
2264 2477 2302 2517 a

814 2555 1020 2633 maliS,
1054 2564 1118 2619 et
1156 2555 1337 2637 impii
1379 2564 1854 2638 prosperantur,
1899 2555 2165 2618 virtuosi
2204 2556 2305 2618 ad-

814 2654 1221 2718 versitatibus
1251 2653 1658 2735 affliguntur,
1685 2654 1770 2716 ita
1793 2656 1964 2735 quod
1994 2655 2060 2716 in
2088 2655 2305 2716 huma·

816 2754 915 2815 nis
961 2753 1296 2816 eventibus
1354 2752 1570 2815 nullus
1620 2762 1790 2817 certo
1839 2753 1992 2816 ordo
2040 2762 2304 2835 apparet

2410 1963 2758 2046 exstirpare
2786 1982 3086 2041 errorem,
3120 1974 3183 2028 et
3219 1966 3651 2029 demonstrare
3676 1963 3900 2027 omnia*

2409 2063 2721 2127 divinitus
2747 2063 3112 2144 gubernari,
3147 2064 3232 2126 ita
3272 2065 3440 2145 quod
3481 2064 3727 2126 nullum
3760 2080 3898 2125 ma-

2412 2162 2544 2223 lum
2602 2171 2932 2243 permanet
2988 2162 3426 2244 impunitum,·
3464 2181 3581 2225 nec
3632 2160 3895 2242 aliquod

2413 2260 2653 2324 bonum
2684 2260 3238 2325 irremuneratum.
3264 2261 3381 2324 Sed
3414 2270 3482 2325 et
3516 2260 3717 2342 aliqui
3746 2278 3901 2341 prae-
3989 2293 4003 2306 ·

2412 2358 2713 2422 clariores
2742 2359 3109 2442 philosophi
3140 2359 3259 2424 hoc
3286 2358 3650 2441 aliqualiter
3668 2378 3779 2441 per
3806 2376 3900 2419 sa·

2412 2458 2717 2539 pientiam
2782 2457 3158 2538 acquisitam
3224 2458 3514 2521 docuisse
3576 2458 3893 2537 leguntur.

2410 2556 2571 2618 Hinc
2599 2564 2663 2618 et
2694 2563 2951 2618 sanctus
2977 2555 3094 2619 Job
3122 2556 3189 2618 in
3221 2557 3385 2620 libro
3414 2576 3528 2619 suo
3556 2556 3619 2618 id
3650 2554 3901 2638 potissi-

2412 2673 2513 2716 me
2533 2655 2760 2718 docere
2778 2654 3054 2716 intendit
3071 2662 3137 2718 et
3154 2656 3357 2732 docet,
3376 2676 3449 2719 ac
3468 2655 3691 2738 probat
3712 2655 3897 2735 juxta

2412 2753 2669 2815 modum
2700 2758 3094 2834 praetactum.

1930 3183 2572 3271 ARTICULUS
2646 3186 2786 3270 III

1191 3460 1268 3503 DE
1310 3458 1655 3513 QUIBUSDAM
1695 3456 2093 3503 PRAEAMBUMS
2135 3455 2538 3515 DOCUMEN'rts,
2586 3455 2666 3501 Ex
2708 3456 2922 3501 vannis
2966 3456 3181 3502 SANCTl
3224 3455 3529 3501 Gnssssonu.

949 3738 1323 3801 RAEMITTIT
1355 3738 1419 3799 B.
1444 3736 1778 3816 Gregorius
1809 3734 2188 3817 expositioni
2214 3752 2311 3797 vo·
2343 3730 2386 3794 C
2420 3730 2747 3811 erigimuS,
2782 3733 2846 3795 id
2884 3740 3001 3809 est,
3034 3733 3265 3797 animae
3302 3734 3903 3817 contemplationem

969 3838 1230 3900 luminis
1251 3838 1444 3917 hujus
1465 3836 1754 3917 quaedam
1778 3834 1956 3895 utilia
1977 3835 2312 3896 documen-

2418 3830 2498 3892 ad
2530 3829 2682 3894 fidei
2726 3831 3024 3914 mysteria
3065 3834 3419 3895 contuenda
3460 3833 3741 3896 levamus
3772 3852 3789 3895 ε
3820 3835 3907 3896 al-

826 3945 900 4013 ta,
919 3938 998 3999 ad
1020 3937 1213 4000 'totius
1235 3935 1383 3998 libri
1408 3933 1895 4014 intelligentiam
1915 3940 2305 4015 opportuna:
2421 3928 2656 4008 legoria
2686 3930 2857 3991 enim
2890 3931 3150 3993 instruit
3179 3931 3332 4012 quid
3364 3933 3771 3995 credendum.
3792 3933 3907 3996 Po·
3988 3956 4249 4013 arrogari.

825 4036 1141 4113 Quaedam,
1195 4035 1514 4116 inquienS,
1569 4032 1870 4095 historica
1919 4030 2313 4112 expositione
2420 4034 2657 4089 stremo
2687 4047 2799 4110 per
2828 4028 3249 4092 moralitatem
3292 4030 3621 4112 spirituale
3660 4032 3909 4114 exposi-
3932 4020 4085 4074 ΨΜ·
4287 4022 4289 4033 '

830 4135 1344 4210 transcurrimuS,
1389 4134 1448 4194 id
1492 4140 1607 4207 est,
1643 4130 2000 4193 litteraliter
2038 4128 2314 4192 breviter
2421 4126 2662 4187 tionum
2684 4126 2947 4189 istarum
2967 4127 3313 4190 aedificium
3338 4130 3513 4210 quasi
3534 4131 3913 4213 superducto

828 4235 1284 4317 explanamus3
1343 4240 1404 4294 et
1451 4251 1563 4313 per
1611 4230 1977 4310 allegoriam
2025 4229 2313 4310 quaedam
2423 4226 2690 4307 pulchro
2730 4227 2941 4290 colore
2988 4227 3316 4290 vestimus.
3350 4228 3519 4303 Quos
3563 4248 3782 4292 sensus
3809 4230 3910 4293 ori

831 4332 1039 4414 typica
1071 4330 1556 4410 investigatione
1593 4338 1971 4405 scrutamur,
2007 4329 2113 4390 illa
2144 4326 2317 4390 vide·
2424 4325 2678 4389 lectoris
2727 4326 2978 4389 interno
3020 4334 3319 4407 tanquam
3370 4328 3609 4391 fercula
3656 4328 3914 4393 exhibe—

832 4431 982 4493 lieet
1010 4448 1150 4510 quae
1181 4428 1536 4508 figuraliter
1563 4428 1642 4490 de
1668 4426 1916 4489 Christo
1945 4446 2058 4509 per
2083 4426 2317 4505 allego-
2424 4444 2589 4502 muS,
2624 4434 2694 4487 ut
2720 4425 2859 4505 ejus
2892 4424 3149 4487 fastidia
3178 4426 3583 4508 repellamuS,
3618 4428 3728 4509 qui
3755 4430 3911 4491 dum

833 4529 990 4591 riam
1026 4536 1450 4610 exponuntur,
1488 4528 1554 4589 in
1587 4526 1821 4608 quibus
1850 4526 1966 4588 Job
1998 4525 2122 4587 fuit
2148 4523 2319 4585 Chri·
2428 4521 2548 4583 sibi
2579 4523 2779 4585 multa
2809 4523 3020 4586 oblata
3050 4524 3431 4601 considerat,
3466 4526 3634 4606 quod
3664 4526 3915 4606 elegan-

835 4628 914 4689 sti
947 4627 1186 4707 figura3
1211 4626 1497 4707 quaedam
1531 4644 1644 4707 per
1665 4624 1865 4687 solam
1894 4623 2317 4685 moralitatem
2428 4621 2553 4683 tius
2600 4622 2927 4699 discernit,
2960 4631 3261 4684 assumat.
3294 4622 3453 4695 Quid
3492 4624 3723 4686 etenim
3766 4634 3913 4688 sunt

835 4725 1254 4803 discutimus3
1315 4723 1619 4786 nonnulla
1667 4731 1882 4785 autem
1931 4740 2043 4803 per
2089 4730 2317 4783 cuncta
2428 4720 2713 4783 veritatis
2760 4720 3044 4801 eloquia,
3098 4720 3223 4783 nisi
3273 4721 3636 4785 reficiendae
3682 4724 3914 4786 mentis

837 4825 972 4887 haec
1027 4822 1297 4886 sollicite
1355 4822 1761 4902 exquirentes
1827 4820 2163 4902 tripliciter
2220 4819 2318 4881 in-
2428 4817 2683 4880 edulia‘t
2714 4856 2795 4864 —
2820 4819 3048 4900 Aliqua
3078 4839 3228 4883 vero
3258 4820 3615 4884 litteraliter
3644 4822 3915 4902 intelligi

838 4924 1162 5002 dagamus,
1223 4921 1286 4982 id
1335 4929 1452 4996 est,
1514 4919 1895 4994 litteraliter,
1956 4917 2317 4997 allegorice,
2353 4917 2402 4979 D
2432 4928 2779 5000 nequeunt,
2814 4920 3115 5000 quoniam
3156 4922 3248 4984 sic
3285 4930 3566 5003 accepta,
3611 4940 3736 4985 non
3774 4922 3917 4985 aedi-

837 5019 1291 5100 moraliterque
1320 5018 1720 5101 exponimus
1755 5018 1908 5079 Nam
1937 5016 2143 5099 primo
2186 5015 2324 5077 fun·
2433 5015 2822 5095 ficationem,
2858 5019 2965 5081 sed
2996 5036 3273 5081 errorem
3305 5018 3669 5099 legentibus
3700 5021 3917 5101 gigne-

839 5122 1132 5183 damenta
1189 5118 1470 5181 historiae
1527 5116 1869 5198 ponimusg
1926 5114 2157 5177 deinde
2210 5134 2326 5197 per
2434 5124 2596 5191 rent,
2640 5124 2710 5177 ut
2757 5135 2953 5196 quum
3002 5117 3258 5191 dicitur,
3292 5116 3425 5180 Sub
3474 5137 3601 5199 quo
3646 5119 3916 5197 (seilicet
3958 5144 4289 5198 sot-mu..

839 5216 1379 5299 significationem
1401 5215 1706 5298 typicam,
1732 5214 2069 5294 figuralem
2098 5232 2209 5275 seu
2240 5214 2329 5275 al-

841 5316 1201 5398 legoricam,
1236 5315 1302 5376 in
1329 5332 1539 5376 arcem
1571 5312 1726 5375 fidei
1757 5310 2065 5375 fabricam
2096 5311 2328 5374 mentis

2436 5214 2591 5294 Deo)
2619 5222 2965 5277 curvantur
3002 5214 3112 5295 qui
3154 5223 3410 5296 portant
3451 5216 3667 5279 orbem
3704 5235 3718 5278 :
3750 5220 3920 5281 etde

2437 5320 2614 5375 tanto
2660 5312 2820 5389 viro,
2871 5322 3023 5394 puta
3070 5312 3255 5377 beato
3298 5313 3437 5391 Job,
3490 5315 3633 5395 quis
3680 5316 3921 5379 neseiat

3959 2668 4069 2710 lob
4093 2682 4227 2710 xxxv.
4287 2646 4289 2659 Ε
