4309 6259
79 3294 153 3337 Job
168 3309 253 3345 xm,
271 3298 312 3338 ³.

64 3392 168 3437 laid.
180 3410 263 3447 xxi,
271 3400 315 3441 4.

1138 540 1488 588 mantnano
1530 542 1593 588 IN
1634 542 1769 587 GAP.
1817 541 1947 587 xxu
1988 542 2113 589 1013.
2158 564 2239 577 --
2279 546 2422 592 ΛΒΤ.
2469 545 2655 591 ΧΙΝῙῙῙ

3324 526 3437 592 581

336 710 589 774 tissimi
638 712 933 775 fluminis
977 712 1269 794 quaedam
1313 731 1429 776 suo
1474 713 1717 796 impetu
1760 733 1851 776 ra·
1880 715 1931 776 A
1959 715 2119 777 mihi
2150 716 2566 797 respondistis
2588 718 2766 782 vobis
2787 720 3256 795 contradicenti,
3271 740 3447 798 mpu-

334 808 614 890 pientiS.
650 811 943 874 lnfernus
987 829 1267 893 quoque,
1305 812 1369 874 id
1406 820 1503 874 est
1534 812 1851 875 daemones

1952 833 2160 889 qnare
2177 824 2423 874 ostensa
2442 818 2502 875 si
2506 826 2528 875 t
2549 819 2810 877 veritati
2831 820 2861 877 ?
2881 836 3006 897 qua
3033 818 3164 898 jam
3195 818 3446 881 eviden-

335 907 723 987 infernaleS‚
779 908 1033 973 fervore
1078 909 1739 992 concupiscentiarum
1790 919 1853 975 et
1959 919 2055 973 ter
2097 912 2387 993 probavi,
2424 913 2596 994 quod
2639 914 3006 995 temporalis
3055 915 3444 998 prosperitas

334 1006 597 1089 impetu
632 1008 1000 1089 passionum
1032 1007 1536 1071 innumerabiles
1564 1008 1848 1087 vincunt,

334 1113 405 1168 et
436 1114 591 1169 ante
623 1126 691 1169 se
721 1107 907 1189 quasi
941 1107 1305 1189 impellunt,
1338 1108 1507 1171 sicut
1534 1107 1738 1171 victor
1766 1109 1852 1173 vi·

334 1212 484 1268 ctos
516 1214 669 1269 ante
696 1225 765 1269 se
794 1207 1022 1269 minat.

428 1308 761 1374 Quomodo
788 1324 936 1383 erqo
970 1307 1401 1367 consolamini
1438 1326 1537 1365 me
1571 1306 1845 1382 frustra,

339 1402 771 1485 temporalem
824 1404 1335 1486 prosperitatem,
1372 1403 1426 1466 si
1464 1402 1844 1486 poenituerO,

336 1502 807 1583 promittendo,
841 1522 1045 1582 quum
1088 1504 1415 1579 responsio
1457 1512 1694 1573 vestra,
1722 1521 1851 1583 qua

1960 1029 2087 1073 non
2118 1010 2202 1071 sit
2233 1029 2476 1074 merces
2504 1012 2820 1093 justorum
2853 1012 3066 1075 finalis
3095 1021 3204 1077 aut
3231 1013 3443 1095 plena,

1960 1128 2077 1171 nec
2106 1109 2406 1172 omnibus
2433 1111 2622 1192 justis
2654 1112 3063 1175 conceditur:
3092 1130 3210 1175 nec
3239 1110 3448 1175 omnis

1958 1224 2149 1289 poena
2195 1208 2294 1285 (ut
2343 1226 2605 1271 erronee
2655 1207 3026 1289 affirmatis)
3071 1216 3167 1271 est
3214 1227 3449 1291 praece-

1957 1306 2167 1368 dentis
2216 1306 2422 1387 culpae
2467 1307 2761 1388 purgatio
2812 1327 2924 1370 seu
2970 1306 3292 1381 vindicta;
3335 1308 3448 1371 sed

1959 1403 2278 1468 interdum
2319 1412 2414 1467 est
2455 1406 2665 1468 meriti
2706 1406 3167 1470 incrementum
3204 1414 3266 1469 et
3304 1424 3448 1488 pro-

1958 1502 2223 1566 ficiendi
2253 1512 2687 1584 augmentum.

1348 1931 2003 2018 ARTICULUS
2077 1933 2448 2017 XLVIII

550 2204 911 2251 Emcmsslo
956 2205 1304 2252 LITTERALIS
1346 2206 1622 2252 currum
1662 2205 1925 2251 vlcEsuu
1966 2206 2220 2252 SECUNDI
2262 2208 2276 2253 :
2324 2208 2712 2255 RESPONDENS
2753 2209 2960 2255 Auri-:1
3001 2210 3254 2255 8211>qu

1576 2304 1983 2364 THEMAMTE&
2029 2304 2217 2350 mxrr.

486 2581 655 2646 UNC
685 2582 874 2647 tertio
894 2583 1125 2663 arguit,
1146 2583 1553 2663 secundoque
1581 2582 1847 2664 replicat
1884 2580 1930 2643 B
1956 2582 2351 2647 Pei-sectione
2381 2602 2531 2647 vero
2560 2584 2803 2649 scibilis
2843 2606 2970 2651 non
3010 2597 3106 2652 est
3144 2590 3443 2671 perfectae

504 2681 771 2764 Eliphaz
822 2688 1043 2747 contra
1083 2682 1223 2759 Job,
1258 2681 1426 2744 sicut
1465 2682 1648 2745 docet
1686 2680 1848 2744 Scri·-

343 2790 561 2864 ptura.
588 2786 999 2859 Respondens
1026 2792 1244 2842 autem
1276 2785 1559 2859 E'Ziplzaz
1586 2782 1849 2842 Thema-

342 2883 539 2953 nites,
562 2882 786 2941 dixit:
816 2882 1162 2961 Numquid
1190 2884 1318 2941 Deo
1345 2882 1715 2957 comparari
1735 2899 1850 2956 po-

344 2988 463 3040 test
525 2981 736 3049 hom0,
786 2980 983 3040 etiam
1042 2999 1245 3057 quum
1293 2979 1595 3056 perfeetoe
1641 2978 1848 3054 fuerit

340 3078 635 3139 scientim
656 3079 687 3137 5?
716 3076 843 3139 Hoc
873 3076 963 3138 ait
990 3076 1057 3137 in
1087 3076 1646 3158 reprehensionem
1677 3075 1847 3138 beati

343 3175 486 3252 Job,
523 3174 712 3257 quasi
760 3174 931 3237 dicat
965 3193 977 3236 ε
1014 3175 1165 3238 Tam
1209 3184 1710 3257 praesumptuose
1758 3175 1849 3238 lo-

344 3273 569 3356 queris
620 3273 924 3355 (dicendo
984 3282 1043 3336 te
1097 3274 1261 3337 velle
1319 3273 1645 3355 disputare
1700 3292 1845 3335 cum

348 3374 477 3436 Deo
503 3396 519 3447 3
562 3380 626 3435 et
656 3392 901 3449 rursuS,
922 3372 1242 3453 Numquid
1272 3380 1493 3436 contra
1522 3372 1844 3435 hominem

346 3470 701 3553 disputatio
731 3489 875 3533 mea
905 3474 1039 3533 est?
1072 3472 1238 3551 etc),
1275 3470 1457 3552 quasi
1492 3470 1556 3531 in
1581 3470 1847 3533 scientia

346 3589 523 3633 esses
555 3570 684 3632 Deo
714 3567 1001 3651 aequalis.
1036 3568 1153 3643 Qui
1192 3569 1364 3631 enim
1408 3570 1596 3632 audet
1632 3568 1847 3651 dispu-

345 3676 483 3729 tare
517 3684 663 3730 cum
695 3665 845 3743 alio,
880 3673 1060 3748 putat
1092 3684 1160 3729 se
1188 3666 1678 3748 comparabilem
1721 3666 1840 3728 illi.

346 3765 562 3827 Palam
594 3771 692 3827 est
720 3772 957 3839 autem,
995 3765 1167 3845 quod
1206 3763 1415 3827 omnis
1458 3783 1637 3827 mens
1678 3784 1845 3827 crea·
1880 3766 1923 3828 C
1954 3786 2083 3829 non
2114 3783 2283 3845 eges,
2303 3766 2431 3830 Hoc
2462 3774 2524 3828 et
2553 3766 2695 3829 Eliu
2725 3766 2898 3832 infra
2925 3770 3018 3833 sic
3048 3770 3294 3836 inducit
3328 3791 3342 3835 t
3376 3773 3439 3837 Si
3502 3801 3587 3847 ιρι,
3608 3814 3732 3857 xm,

1955 3864 2340 3947 peccaveriS,
2362 3865 2516 3946 quid
2547 3865 2605 3928 ei
2640 3866 2936 3930 nocebis?
2968 3867 3157 3932 Porro
3188 3870 3242 3931 si
3270 3871 3440 3951 juste
3469 3866 3554 3907 ⁶⁴·

344 3872 435 3941 ta,
454 3863 651 3926 distet
680 3862 749 3924 in
777 3861 1110 3925 infinitum
1140 3882 1177 3925 a
1208 3862 1473 3925 scientia
1502 3863 1634 3939 Dei,
1660 3864 1845 3944 cujus

348 3962 715 4024 illuminata
744 3962 1044 4037 essentia,
1078 3970 1173 4024 est
1202 3980 1317 4023 sua
1348 3960 1607 4023 infinita
1644 3961 1847 4024 scien-

350 4059 461 4123 tia.
482 4058 795 4141 Denique,
815 4059 1127 4122 sumendo
1156 4058 1512 4142 perfectum
1536 4060 1841 4136 absolute,

345 4176 465 4241 pro
498 4175 576 4221 eo
618 4156 863 4220 scilicet
901 4158 1005 4220 cui
1050 4158 1144 4220 nil
1188 4159 1365 4221 deest
1408 4157 1843 4239 perfectionis,

344 4256 526 4319 solus
573 4256 739 4318 Deus
790 4260 896 4318 est'
938 4255 1239 4337 perfectae
1292 4257 1593 4321 scientiae.
1649 4258 1846 4320 Homo

343 4362 563 4417 autem
596 4353 699 4416 vel
731 4354 999 4432 angelus
1029 4354 1265 4417 dicitur
1303 4354 1601 4438 perfectae
1646 4356 1849 4419 scien-

347 4454 475 4529 tiae,
530 4450 887 4514 secundum
944 4461 1188 4515 certum
1247 4454 1537 4532 gradum,
1586 4455 1845 4517 modum

345 4568 461 4611 seu
491 4548 803 4611 ordinem.
821 4549 1117 4613 Albertus
1140 4570 1398 4632 quoque
1426 4551 1528 4614 hic
1559 4552 1660 4628 ait,
1676 4554 1848 4634 quod

344 4646 587 4728 aliquis
640 4646 879 4709 dicitur
928 4647 1227 4730 perfectae
1274 4650 1557 4713 scientiae
1596 4651 1661 4712 in
1693 4650 1851 4714 divi-

348 4746 477 4823 niS‚
522 4764 655 4808 uno
702 4745 894 4808 modo
941 4745 1337 4828 perfectione
1386 4749 1669 4827 scientiS‚
1722 4749 1850 4813 alio

346 4846 541 4909 modo
572 4844 971 4927 perfectione
999 4845 1267 4908 scibilis,
1300 4846 1509 4910 Primo
1540 4849 1729 4911 modo
1758 4848 1851 4910 di-

1956 2681 2243 2745 scientiae
2293 2682 2360 2744 in
2411 2682 2669 2761 divini8‚
2722 2684 2846 2747 nisi
2897 2685 3058 2749 Deus
3105 2688 3216 2770 qui
3270 2690 3443 2753 solus

1956 2780 2484 2863 comprehensive
2503 2790 2562 2844 et
2583 2781 2772 2864 plene
2793 2783 3296 2869 simpliciterque
3315 2808 3446 2871 per-

1958 2878 2122 2942 fecte
2170 2880 2496 2959 cognoscit
2537 2899 2604 2943 se
2647 2880 2881 2963 ipsum.
2913 2884 3043 2947 lmo
3083 2903 3120 2948 a
3157 2886 3269 2949 tali
3305 2886 3445 2969 ejus

1956 2977 2322 3057 cognitione
2350 2977 2558 3040 omnis
2588 2988 2878 3043 creatura
2909 2982 3129 3046 deficit
3161 2984 3441 3049 infinite.

2040 3079 2215 3145 Quid
2235 3080 2495 3153 prodest
2521 3081 2678 3148 Deo,
2704 3081 2765 3139 si
2778 3081 3004 3156 justus
3044 3084 3252 3158 fueris
3273 3086 3303 3145 ?
3331 3096 3447 3147 aut

1954 3178 2119 3255 quid
2144 3178 2208 3235 ei
2237 3177 2501 3251 confer-r,
2528 3179 2589 3236 si
2619 3178 3042 3240 immaculata
3073 3181 3279 3257 fuerit
3309 3184 3447 3245 vica

1958 3284 2071 3335 tua
2094 3276 2123 3334 ?
2153 3274 2218 3335 id
2247 3281 2361 3349 est,
2398 3293 2474 3336 ex
2506 3274 2631 3336 tuis
2672 3275 2973 3340 virtuosis
3014 3278 3314 3361 operibus
3352 3280 3444 3344 nil

1956 3371 2372 3455 perfectionis
2403 3373 2530 3436 Deo
2558 3392 2918 3438 accrescere
2959 3384 3187 3458 potest,
3221 3377 3334 3459 qui
3379 3380 3444 3443 in

1955 3490 2021 3533 se
2072 3470 2212 3553 ipso
2262 3470 2522 3533 infinite
2571 3473 3180 3556 quomodolibetque
3230 3476 3443 3558 perfe-

1955 3578 2093 3632 ctus
2126 3577 2242 3631 est.
2277 3570 2421 3633 Ideo
2451 3570 2540 3631 ait
2570 3569 2898 3633 Psalmista
2925 3572 3099 3634 :Dixi
3131 3574 3437 3639 Domino:
3489 3604 3654 3656 pm„
3674 3605 3717 3648 ι.

1954 3669 2112 3731 Deus
2133 3688 2306 3731 meus
2327 3687 2394 3730 es
2416 3678 2500 3745 tu,
2517 3670 2810 3751 quoniam
2835 3669 3138 3736 bonorum
3162 3692 3440 3739 meorum

1953 3962 2182 4042 egeriS‚
2217 3962 2370 4043 quid
2402 3963 2669 4026 donabis
2699 3964 2802 4027 ei?
2831 3965 3084 4028 Homini
3115 3967 3228 4049 qui
3267 3967 3443 4031 simi-

1956 4062 2034 4123 lis
2067 4068 2163 4123 est
2193 4061 2307 4137 tui,
2341 4061 2598 4124 nocebit
2626 4062 2932 4145 iniquitas
2964 4072 3094 4145 tua,
3126 4074 3189 4129 et
3229 4065 3438 4131 filium

1956 4160 2237 4223 hominis
2267 4160 2598 4240 adjuvabit
2624 4161 2871 4243 justitia
2903 4171 3030 4226 tua.
3067 4164 3145 4227 Et
3170 4166 3292 4229 hoc
3320 4186 3444 4229 am·

1956 4261 2039 4323 bo
2087 4259 2155 4320 hi
2206 4258 2429 4321 dicunt
2472 4260 2778 4323 adversus
2824 4261 2962 4339 Job,
3007 4271 3306 4345 tanquam
3355 4266 3446 4328 di·
3487 4342 3504 4355 ·

1958 4366 2103 4422 cant
2138 4375 2151 4419 :
2189 4357 2371 4419 Tanti
2421 4366 2482 4421 te
2527 4358 2824 4439 aestimaS,
2869 4369 2935 4424 et
2982 4360 3072 4425 ita
3119 4370 3180 4425 te
3228 4361 3439 4443 erigiS‚

1957 4455 2140 4539 quasi
2171 4456 2336 4519 Deus
2367 4466 2429 4520 te
2457 4457 2791 4538 indigeret.

2039 4556 2386 4634 Numquid
2417 4557 2647 4616 timens
2677 4566 2732 4617 te
2761 4569 2989 4637 arquet
3013 4562 3044 4621 ?
3073 4558 3135 4621 id
3164 4567 3282 4638 est,
3317 4579 3446 4624 non

1959 4652 2184 4734 utique
2202 4652 2515 4734 judicabit
2543 4662 2618 4730 te,
2638 4654 2920 4721 timendo
2941 4667 3006 4722 tc
3029 4666 3141 4721 aut
3167 4658 3446 4739 aliquem

1957 4751 2239 4833 judicem
2272 4751 2468 4813 alium
2504 4772 2518 4816 ε
2555 4752 2698 4816 ideo
2727 4774 2856 4817 non
2885 4756 3148 4821 deberes
3183 4764 3310 4819 tam
3340 4778 3448 4820 au-

1959 4852 2176 4913 dacter
2215 4850 2392 4930 loqui
2434 4851 2514 4913 de
2556 4850 2703 4928 Dec,
2740 4854 2848 4915 sed
2878 4856 3016 4936 ejus
3048 4856 3451 4941 omnipoten-

348 4944 517 5007 citur
566 4944 761 5007 homo
805 4942 1107 5025 persectae
1158 4944 1441 5007 scientiae
1482 4946 1546 5007 in
1589 4946 1847 5023 diviniS,
1884 4952 1934 5013 D
1966 4949 2115 5011 tiam
2168 4948 2466 5025 revereri,
2520 4949 2961 5013 excellentiam
3008 4972 3266 5037 quoque
3311 4956 3451 5038 ejus

348 5042 613 5125 quando
644 5042 997 5105 secundum
1039 5043 1300 5106 modum
1333 5042 1683 5106 humanum
1715 5064 1855 5127 per·
1964 5048 2341 5110 immensam
2385 5047 2612 5109 vereri.
2647 5050 2734 5109 Et
2768 5052 2974 5111 veniet
3005 5060 3208 5115 cecum
3235 5060 3326 5117 ad
3335 5058 3456 5136 ju-

82 5157 319 5213 rando.
354 5141 523 5205 fecte
571 5139 759 5222 sapit,
814 5148 1003 5221 prout
1052 5140 1141 5202 ait
1191 5140 1475 5205 Salvator
1518 5160 1532 5204 ε
1575 5142 1711 5205 Non
1760 5151 1856 5205 est
1963 5146 2265 5205 dicium?
2295 5142 2358 5205 id
2387 5152 2505 5221 est,
2540 5162 2667 5207 non
2701 5146 2916 5209 veniet
2941 5156 3150 5212 tecum
3181 5154 3258 5214 ad
3286 5154 3455 5235 judi-

352 5237 718 5321 discipulus
750 5256 943 5320 super
963 5240 1370 5319 magistrum3
1402 5240 1726 5322 perfectus
1756 5260 1859 5303 au·
1967 5241 2139 5304 cium
2190 5242 2463 5323 alicujus
2504 5242 2740 5324 judicis
2785 5245 3128 5326 superioris
3162 5257 3226 5311 et
3257 5252 3449 5331 tertii,

357 5346 489 5399 tem
520 5336 733 5401 omnis
765 5337 908 5413 erit,
941 5336 995 5399 si
1025 5338 1109 5400 sit
1147 5338 1312 5400 sicut
1350 5339 1651 5420 magister
1693 5340 1853 5421 ejus.
1968 5340 2080 5424 qui
2128 5338 2371 5422 judicet
2420 5359 2502 5404 an
2552 5341 2716 5403 Deus
2767 5350 2828 5405 te
2865 5344 3036 5425 juste
3071 5346 3456 5429 judicaverit
