4309 6259
630 1873 734 1917 Tob.
749 1887 778 1924 ι,
795 1854 842 1915 6.-

629 2168 738 2212 Osee
756 2183 796 2219 v,
821 2170 860 2211 ί.

654 3053 676 3074 ·
701 3051 864 3107 confir-

598 3118 828 3159 maner-unt

610 5214 815 5265 Rodia,
826 5216 872 5258 2.-

881 490 1000 552 212
1291 505 1636 552 mannum
1678 505 1740 550 ιΝ
1783 505 1918 549 car.
1966 504 2054 549 xn
2096 503 2253 549 unm
2296 501 2547 548 SECUNDI
2588 501 3118 547 ΡΑΒΑιιΡοΜεΝοΝ.
3162 522 3243 531 -
3283 502 3427 547 ΛΒΤ.
3472 502 3559 547 111

881 678 960 740 de
1009 676 1306 739 extremis
1355 675 1779 758 populorum3
1827 682 1890 736 et
1937 672 2090 754 quia
2132 672 2367 735 Levitae
2400 670 2451 733 A
2479 672 2690 736 verbis
2720 672 2973 736 videtur
2998 672 3290 735 Salomon
3321 671 3529 752 justus
3560 666 3868 730 insinuari
3904 674 3971 729 et

881 775 1223 837 noluerunt
1266 774 1390 837 sibi
1436 774 1502 835 in
1548 792 1662 835 sua
1705 771 2064 835 idololatria
2114 790 2374 833 eonsen-

879 874 1002 935 tire
1038 882 1149 935 aut
1185 872 1680 946 communicare,
1714 871 1889 952 ipsos
1930 870 2009 931 de
2047 888 2163 931 suo
2200 868 2374 950 abje-

884 972 972 1035 cit
1004 971 1311 1034 dominio.

966 1074 1096 1132 Sed
1123 1081 1184 1131 et
1211 1074 1292 1131 de
1319 1072 1566 1130 cunctis
1600 1071 1892 1129 tribubus
1927 1071 2128 1129 Israel
2157 1067 2373 1129 decem

887 1168 1190 1250 praefatiS‚
1227 1170 1614 1248 quicumque
1650 1170 1962 1227 dederant
2009 1187 2116 1226 cor
2158 1186 2377 1235 suum,

888 1268 952 1329 id
991 1276 1109 1343 est,
1150 1274 1478 1348 promptos
1519 1284 1587 1327 se
1625 1264 2071 1339 exhibuerunt,
2109 1275 2181 1325 ut
2211 1286 2379 1344 quee-

887 1375 1102 1425 rerent
1130 1366 1484 1426 Dominum
1507 1367 1714 1424 Deum
1744 1366 1974 1432 Israel,
2007 1362 2070 1423 id
2102 1370 2218 1438 est,
2254 1362 2379 1425 Deo

890 1462 1140 1545 plaeere
1169 1462 1525 1524 niterentur
1555 1469 1616 1523 et
1647 1460 1706 1523 ei
1738 1459 1931 1536 uniri,
1961 1471 2275 1521 venerunt
2306 1463 2377 1520 in

887 1565 1244 1623 Jerusalem
1273 1562 1360 1621 ad
1389 1562 1862 1619 immolandum
1897 1559 2193 1619 victimas
2228 1579 2380 1619 suas

891 1679 1107 1719 coram
1127 1659 1402 1718 Domino
1423 1660 1553 1717 Deo
1568 1665 1838 1733 patrum
1854 1675 2142 1726 suorum,
2163 1675 2382 1718 seeun-

893 1757 1045 1818 dum
1097 1756 1254 1837 legis
1301 1762 1635 1837 praecepta,
1688 1756 1940 1815 statutis
1992 1754 2379 1836 temporibus

2480 770 2879 852 poenituisse.

2558 872 2767 930 Duxit
2785 879 3003 930 autem
3021 872 3305 930 Roboarn
3335 887 3601 927 uxorem
3626 866 3966 927 Asalmlath

2480 971 2695 1046 filiam
2723 970 3035 1029 Jerz‘mot-ll
3064 969 3197 1045 filii
3228 968 3447 1027 David
3463 990 3490 1035 ,·
3516 966 3787 1025 Abilmiz
3816 982 3973 1041 quo-

2483 1088 2605 1147 que
2632 1068 2846 1145 filiam
2877 1068 3071 1128 Eliab
3096 1067 3233 1143 filii
3266 1066 3429 1133 Isai,
3460 1084 3603 1143 quoe
3627 1063 3879 1139 peperit
3912 1062 3977 1119 ei

2482 1170 2677 1242 filiae,
2720 1168 2915 1225 Jelzus
2951 1174 3011 1225 et
3040 1165 3409 1226 Semo-riam
3452 1173 3515 1223 et
3559 1166 3773 1223 Zoom.
3820 1162 3977 1221 Post

2484 1267 2654 1325 hanc
2683 1285 2929 1343 quoque
2956 1266 3195 1340 accepit
3228 1262 3505 1323 Maec-ha
3534 1262 3749 1338 filia-m
3780 1260 3980 1319 Absa-

2487 1367 2620 1433 Zon,
2640 1384 2784 1442 quae
2808 1363 3057 1440 peperit
3083 1363 3146 1421 ei
3164 1362 3403 1421 Abiam
3432 1369 3491 1419 et
3511 1358 3714 1419 Ethai
3733 1367 3791 1417 et
3812 1358 3977 1417 Ziza

2485 1472 2544 1522 et
2588 1463 2932 1521 Salomith.
2966 1461 3234 1520 Amavit
3275 1468 3489 1519 autem
3522 1458 3803 1518 Roboam
3839 1458 3978 1516 Ma-

2486 1564 2645 1620 aelza
2686 1561 2901 1637 filiam
2940 1561 3221 1619 Absalon
3258 1578 3449 1635 super
3491 1576 3706 1616 omnes
3748 1574 3978 1615 uxores

2486 1679 2637 1718 suas
2664 1668 2723 1718 et
2752 1659 3176 1718 concubinas:
3195 1659 3369 1720 Nam
3410 1676 3641 1715 umores
3675 1658 3887 1713 decem
3914 1662 3979 1711 et

2489 1767 2619 1818 octo
2658 1760 2959 1827 dumerae,
2999 1756 3385 1815 concubinas
3423 1764 3640 1814 autem
3677 1754 3979 1827 sexagin-

895 1855 1047 1916 anni
1096 1872 1109 1916 :
1155 1854 1327 1935 quod
1369 1860 1431 1915 et
1469 1852 1699 1915 Tobias
1738 1871 1806 1914 se
1845 1852 2073 1914 fecisse
2118 1852 2376 1915 fatetur.
2419 1858 2464 1919 B
2494 1865 2599 1926 ta:
2624 1866 2685 1915 et
2706 1857 2936 1932 qenuit
2966 1855 3207 1929 viyinti
3235 1864 3367 1913 octo
3398 1854 3569 1931 filios
3595 1861 3656 1912 et
3684 1852 3980 1927 seoeayin-

892 1952 971 2014 Et
1019 1953 1187 2015 istud
1236 1952 1527 2015 fecerunt
1576 1970 1718 2013 oum
1782 1969 2008 2032 magno
2067 1952 2377 2033 periculo,

892 2051 1044 2134 quia
1073 2058 1293 2116 contra
1323 2050 1488 2130 regis
1521 2049 1618 2111 sui
1651 2049 1858 2131 iniqui
1890 2050 2193 2112 vitiosum
2230 2069 2385 2131 prae-

892 2157 1168 2232 ceptum.
1215 2149 1366 2225 Imo,
1405 2156 1476 2210 ut
1519 2156 1692 2230 patet
1735 2148 1801 2209 in
1843 2147 1998 2211 Osee
2041 2149 2378 2230 propheta,

893 2247 1256 2330 impiissimi
1282 2266 1459 2328 reges
1479 2247 1695 2309 decem
1720 2246 2000 2308 tribuum
2035 2254 2386 2327 posuerunt

890 2347 1197 2428 quosdam
1248 2345 1315 2407 in
1357 2345 1514 2408 locis
1557 2345 1878 2408 montanis
1921 2346 2000 2407 ad
2045 2344 2386 2407 observan-

890 2446 1040 2507 dum
1079 2464 1162 2507 an
1202 2443 1402 2526 aliqui
1441 2462 1519 2506 ex
1557 2461 1752 2523 regno
1798 2442 1910 2505 illo
1950 2442 2115 2505 irent
2155 2445 2233 2506 ad
2274 2444 2385 2506 im-

2494 1964 2555 2014 ια
2605 1957 2803 2031 filias,
2860 1952 2971 2014 Hic
3032 1952 3247 2033 itaque
3306 1949 3609 2013 recitatur
3670 1967 3977 2011 numerus

2492 2071 2757 2114 uxorum
2790 2060 2851 2113 et
2878 2049 3381 2113 concubinarum
3409 2067 3481 2110 ae
3512 2047 3751 2110 sobolis
3782 2047 3923 2127 ejus
3960 2065 3974 2107 :

2492 2159 2555 2214 et
2585 2150 2737 2231 quia
2775 2158 2909 2212 erat
2946 2158 3073 2210 tam
3114 2148 3410 2225 earnaliS‚
3444 2146 3599 2228 quid
3632 2145 3887 2221 mirum,
3925 2143 3981 2205 si

2493 2258 2557 2311 et
2587 2246 3013 2311 idololatriam
3045 2246 3307 2309 incidit?
3339 2244 3567 2307 Habuit
3586 2261 3735 2323 ergo
3768 2240 3983 2323 proles

2492 2346 2814 2427 octoginta
2842 2343 3319 2421 octO‚videlieet
3349 2342 3575 2423 viginti
3606 2349 3749 2403 oet-0
3782 2338 3976 2413 filios,

2493 2445 2943 2527 sexagintaque
2984 2442 3178 2505 filias,
3216 2443 3559 2503 Constituit
3596 2460 3743 2501 vero
3777 2441 3850 2499 in
3878 2458 3983 2497 ca-

891 2544 1260 2607 molandum
1305 2542 1371 2604 in
1417 2541 1655 2623 templo
1690 2541 2060 2604 Jerusalem.
2097 2546 2182 2603 Ει
2213 2546 2386 2603 robo-
2484 2549 2623 2623 pite
2639 2546 2877 2606 Abiam
2910 2541 3120 2603 filium
3152 2560 3337 2603 suum
3372 2548 3433 2603 et
3459 2541 3677 2617 filium
3698 2540 3979 2599 Maaelza

891 2651 1206 2702 raverunt
1245 2659 1518 2716 reynum
1554 2642 1731 2699 Juda
1763 2660 1785 2698 .·
1816 2639 1970 2720 quia
2009 2648 2136 2701 tam
2178 2640 2383 2702 trihus
2490 2648 2717 2705 ducem
2769 2662 2961 2719 super
3010 2661 3223 2700 omnes
3269 2641 3509 2717 fratres
3548 2658 3716 2708 suo-5,
3749 2636 3815 2698 id
3854 2643 3975 2711 est,

890 2738 1221 2820 Benjamin
1251 2756 1442 2819 quam
1474 2736 1679 2798 tribus
1703 2737 2001 2813 Levitica,
2023 2746 2085 2800 et
2112 2739 2378 2820 quidam
2490 2741 2719 2804 ceteris
2740 2739 2900 2801 filiis
2921 2739 3054 2800 suis
3083 2738 3275 2801 etiam
3307 2735 3665 2800 senioribus
3696 2733 3981 2817 praetulit

893 2857 969 2900 ex
1017 2836 1160 2898 aliis
1206 2834 1522 2911 tribubuS,
1558 2834 2032 2899 associaverunt
2077 2856 2144 2897 se
2185 2855 2381 2917 regno
2492 2841 2696 2903 illum.
2721 2842 2941 2918 Ipsum
2960 2841 3135 2898 enim
3160 2858 3368 2915 reyem
3397 2837 3607 2914 facere
3634 2836 3981 2912 eoqitabat,

895 2935 1100 2997 tribus
1142 2935 1302 2997 Juda
1350 2942 1412 2996 et
1461 2934 1591 3013 regi
1643 2933 1864 3016 ipsius.
1917 2938 2005 2995 Ει
2052 2938 2383 2996 roborave-

2490 2941 2648 3020 quz'a
2690 2936 2917 3000 ceteris
2955 2938 3332 3015 sapient-ior,
3369 2945 3429 2994 et
3467 2935 3791 3011 potentior
3835 2932 3981 3008 fuit

895 3044 1053 3095 runt
1083 3036 1107 3059 *
1135 3036 1417 3095 Roboam
1453 3036 1672 3111 filium
1704 3037 2072 3094 Salomonis
2100 3056 2221 3113 per
2260 3046 2382 3095 tres
2412 3037 2455 3099 C
2488 3058 2680 3115 super
2709 3056 2925 3096 omnes
2960 3036 3131 3111 filios
3160 3035 3327 3111 ejus,
3356 3043 3415 3093 et
3443 3034 3517 3092 in
3546 3032 3793 3092 cunctis
3820 3032 3979 3107 fini-

893 3153 1122 3203 αηηοε,
1152 3132 1306 3214 quia
1345 3132 1588 3193 tamdiu
1623 3132 2006 3195 adstiterunt
2049 3134 2106 3195 ei
2153 3153 2381 3195 seeun-

893 3230 1046 3292 dum
1086 3230 1311 3310 legem.
1345 3233 1865 3291 Ambulaverunc
1900 3233 2075 3290 enim
2115 3234 2190 3291 in
2228 3235 2376 3304 viis,

894 3328 959 3390 id
979 3337 1076 3391 est
1095 3328 1396 3410 operibus
1414 3327 1602 3390 bonis
1622 3348 1693 3390 ae
1719 3327 2138 3409 jussionibuS,
2157 3333 2379 3391 David

890 3436 951 3487 et
978 3428 1344 3489 Salomonis
1373 3428 1568 3488 annis
1601 3436 1856 3488 tantum
1889 3429 2113 3488 tribus:
2163 3428 2231 3489 In
2278 3428 2377 3491 his

2490 3140 2604 3195 bus
2631 3136 2808 3194 Juda
2838 3143 2895 3193 et
2926 3133 3307 3210 Benjamin,
3334 3140 3393 3190 et
3424 3132 3496 3190 in
3536 3130 3859 3189 universis
3884 3130 3977 3187 ci-

2492 3234 2799 3294 vitatibus
2842 3232 3137 3290 muratis,
3171 3229 3314 3291 ldeo
3362 3245 3509 3307 ergo
3552 3226 3873 3290 commisit
3914 3226 3977 3288 ei

2489 3328 2917 3413 gubernacula
2959 3327 3237 3404 urbium,
3286 3335 3348 3389 et
3392 3324 3755 3408 procuravit
3798 3324 3973 3407 quod

2490 3429 2611 3492 sibi
2641 3426 2944 3491 suecessit
2976 3426 3043 3488 in
3076 3444 3293 3506 regno.

1981 3857 2640 3944 ARTICULUS
2716 3856 2885 3941 XII

1071 4133 1430 4180 ELucmATlo
1473 4132 1747 4178 CAPITULI
1789 4131 2114 4178 nuonsscml
2161 4132 2174 4176 :
2222 4131 2506 4186 QUUMQUE
2550 4130 2913 4176 ROBORATUM
2955 4129 3203 4175 FUISSET
3248 4129 3489 4177 REGNUM
3533 4128 3800 4174 noman.

979 4410 1027 4471 N
1073 4409 1194 4472 isto
1236 4408 1516 4490 capitulo
1555 4415 2017 4489 consequenter
2058 4408 2380 4484 recitatur,
2412 4408 2462 4468 D
2491 4408 2777 4468 ascendit
2808 4410 3000 4469 Sesae
3042 4428 3159 4467 rex
3196 4408 3477 4484 AE'qypci
3514 4408 3587 4467 in
3624 4410 3980 4468 Jerusalem

991 4508 1266 4589 qualiter
1306 4525 1415 4568 rex
1453 4505 1730 4569 Roboam
1769 4526 1914 4569 oum
1958 4507 2089 4569 suis
2134 4507 2213 4568 ad
2259 4506 2384 4569 ido-

898 4605 1210 4668 lolatriam
1255 4606 1470 4686 lapsus
1513 4604 1618 4680 sit,
1664 4613 1726 4666 et
1771 4614 2028 4687 propter
2072 4606 2212 4681 hoe,
2260 4606 2383 4667 Deo

897 4704 1297 4785 disponente,
1331 4703 1499 4783 juste
1534 4702 1796 4784 punitus
1831 4701 1912 4763 sit
1950 4722 1987 4764 a
2028 4720 2175 4782 rege
2204 4703 2385 4785 AEgy-

897 4801 1014 4883 pti.
1062 4805 1396 4881 Quumque
1439 4804 1806 4861 roboratum
1844 4801 2074 4877 fuisset
2112 4822 2385 4878 regnum

896 4902 1178 4961 Roboam
1224 4908 1283 4959 et
1320 4901 1776 4975 confortatum,
1809 4901 2157 4977 dereliquit
2191 4903 2384 4976 leyem

898 5000 1190 5067 Domini,
1227 5007 1288 5057 et
1335 4999 1545 5057 omnis
1593 5000 1798 5058 Israel
1845 5018 1992 5057 eum
2041 5015 2137 5065 e0,
2182 4997 2245 5058 id
2292 5005 2387 5059 est

899 5096 1174 5178 populus
1205 5095 1344 5176 ejus
1375 5113 1490 5176 pro
1519 5094 1794 5161 maxima
1824 5103 2022 5177 parte.
2057 5094 2211 5155 Nam
2241 5114 2389 5176 qua-

900 5193 980 5255 lis
1019 5201 1116 5256 est
1153 5200 1360 5255 rector
1397 5192 1696 5270 civitam,
1732 5193 1888 5256 tales
1928 5201 1990 5255 et
2028 5192 2386 5255 habitantes

900 5293 966 5353 in
998 5311 1091 5355 ea.
1127 5296 1318 5353 Anno
1359 5302 1578 5352 autem
1609 5293 1835 5369 quinto
1867 5292 2053 5368 reym‘
2079 5294 2383 5363 Roboam,

2489 4508 2673 4585 (quia
2697 4514 3125 4582 peceaverunt
3155 4506 3462 4581 Domino)
3480 4526 3627 4565 cum
3660 4508 3839 4565 mille
3866 4508 3982 4565 du-

2494 4604 2693 4664 centis
2721 4604 3041 4674 curribus
3059 4613 3118 4663 et
3139 4604 3481 4679 sexaginta
3503 4604 3791 4663 millibus
3810 4606 3984 4683 equi-

2499 4710 2655 4761 tum.
2678 4703 2810 4763 Nec
2826 4711 2966 4761 erat
2989 4722 3297 4761 num-erus
3316 4703 3500 4777 vulqi
3524 4704 3695 4781 quod
3724 4712 3983 4762 venerat

2495 4820 2641 4859 cum
2670 4820 2738 4859 eo
2768 4820 2849 4858 em
2877 4802 3184 4877 AEyypm,
3213 4801 3441 4875 Libyes
3468 4801 3730 4872 scilieet,
3754 4811 3813 4861 et
3840 4804 3984 4862 Tro·

2488 4899 2797 4974 ylodytae,
2834 4907 2892 4957 et
2938 4899 3296 4973 AE'clziopeS.
3349 4898 3647 4976 Cepitque
3694 4900 3983 4960 civitates

2496 4997 2971 5056 munitissimas
3012 4999 3083 5056 in
3121 4999 3319 5067 Juda,
3362 5006 3421 5057 et
3456 4998 3632 5057 venit
3668 5018 3866 5078 usque
3908 5002 3978 5059 in

2496 5098 2872 5155 Jerusalem.
2926 5096 3212 5155 Semeias
3263 5104 3479 5154 autem
3520 5098 3833 5172 prophet-a
3888 5100 3983 5156 in-

2491 5212 2743 5269 9ressus
2782 5201 2871 5252 est
2910 5195 2999 5251 ad
3026 5194 3306 5253 Roboam
3344 5202 3403 5252 et
3425 5195 3758 5269 principes
3783 5197 3980 5263 Juda,

2501 5294 2618 5370 qui
2645 5293 3013 5367 conyreyaci
3048 5291 3314 5368 fuerant
3357 5291 3431 5350 in
3468 5294 3852 5363 Jerusalem,
3878 5294 3983 5370 su·
