4309 6259
624 2578 823 2635 Philipp.
836 2592 876 2629 n,

637 2772 706 2815 Is.
721 2786 816 2823 tut,
838 2774 875 2814 1.

895 494 1015 565 322

1817 507 2164 561 amam-no
2206 511 2268 557 m
2310 510 2447 556 cAP.
2495 510 2514 554 1
2554 508 2681 554 που.
2728 527 2809 538 —-
2849 506 2990 554 ΑΜ.
3026 508 3065 551 v

895 705 1163 769 crepans
1197 704 1210 748 ε
1252 690 1426 748 Unde
1475 688 1653 746 venis
1676 689 1704 747 2
1750 688 1866 747 Ait
1897 707 1918 745 .·
1953 685 2243 745 Circuivi
2274 691 2385 741 ter-
2414 679 2464 740 A
2496 678 2691 740 Filius
2721 686 2887 741 esset
2913 678 3103 740 homo
3134 676 3266 753 ille,
3299 694 3493 757 quem
3532 682 3720 737 tantae
3752 676 3990 737 sancti-

2497 776 2643 839 tatis
2673 776 3011 858 perpendit
3038 793 3051 837 ε
3090 775 3257 837 unde
3290 775 3588 837 tentando
3617 773 3893 849 dicebat,
3920 773 3987 835 Si
4044 791 4249 837 mum,

895 808 1067 855 ram,
1102 796 1162 845 et
1200 787 1654 862 perambulavi
1689 805 1854 844 eam.
1889 783 2145 845 Constat
2186 788 2384 842 totum

897 903 1060 966 pene
1087 884 1396 946 mundum
1428 882 1804 946 idololatriae
1837 880 2036 943 fuisse
2073 879 2382 953 deditum,

894 983 1150 1064 dempta
1194 982 1430 1059 Judaea,
1480 1000 1683 1062 usque
1729 981 1807 1042 ad
1850 978 2081 1043 Christi
2131 985 2196 1039 et
2226 978 2388 1058 Apo-

897 1081 1203 1143 stolorum
1272 1079 1787 1162 praedicationem
1843 1096 1856 1139 :
1909 1078 2038 1139 imo
2097 1075 2385 1138 Christus

893 1178 1242 1258 gentilibus
1275 1178 1496 1259 paucis
1527 1186 1590 1239 et
1621 1196 1762 1239 raro
1795 1176 2025 1255 legitur
2055 1173 2390 1256 praedicas-

897 1296 985 1339 se.
1030 1276 1350 1357 Apostolis
1399 1283 1610 1338 autem
1661 1282 1804 1356 post
1851 1273 2124 1356 Spiritus
2176 1270 2388 1333 Sancti

897 1374 1267 1436 missionem
1311 1375 1388 1436 ad
1426 1382 1648 1453 gentes
1697 1369 2134 1454 pergentibuS,
2171 1368 2392 1451 praedi-

898 1472 1319 1553 cantibusque
1377 1472 1640 1547 eisdem,
1694 1468 2195 1532 innumerabiles
2243 1486 2391 1529 con-

899 1570 1310 1633 vertebantur
1356 1569 1650 1650 gentiles.
1687 1569 1901 1649 ltaque
1947 1566 2135 1629 Satan
2186 1584 2390 1647 usque

899 1669 978 1732 ad
1017 1669 1250 1733 Christi
1295 1678 1358 1731 et
1387 1668 1834 1749 Apostolorum
1874 1665 2389 1747 praedicationem

901 1786 1064 1851 pene
1094 1766 1335 1848 ubique
1365 1767 1442 1829 ad
1473 1764 1730 1827 libitum
1759 1764 2074 1840 circuivit,
2107 1762 2393 1825 ambula-

901 1866 995 1929 vit
1022 1874 1085 1928 et
1115 1865 1535 1929 conculcavit.

979 1967 1292 2045 Dia-itque
1330 1966 1647 2026 Dominus
1685 1967 1772 2025 ad
1815 1984 1961 2024 eum
1993 1980 2015 2022 .·
2049 1962 2393 2041 Numquid

899 2064 1318 2124 considerasti
1339 2084 1595 2123 servum
1619 2083 1834 2123 meum
1851 2064 1981 2133 Job,
2005 2061 2069 2122 id
2099 2068 2195 2122 est
2224 2058 2393 2121 Chri-

901 2168 1069 2221 stum
1104 2176 1117 2221 :
1151 2159 1261 2239 qui
1295 2160 1644 2221 secundum
1677 2166 1969 2221 naturam
1998 2163 2391 2237 assumptam

901 2276 1123 2321 servus
1158 2256 1267 2320 Dei
1308 2258 1530 2333 PatriS,
1565 2258 1672 2319 sed
1713 2264 1776 2319 et
1813 2256 2006 2318 totius
2051 2253 2394 2336 superado-

903 2356 1117 2418 randae
1146 2355 1495 2431 TrinitatiS,
1531 2356 1660 2417 imo
1691 2364 1754 2417 et
1784 2354 1884 2416 sui
1919 2354 2143 2435 ipsiuS,
2172 2370 2395 2413 secun-

904 2455 1055 2516 dum
1086 2454 1256 2535 quod
1286 2455 1448 2517 Deus
1479 2463 1596 2531 est,
1629 2453 2002 2535 appellatur.
2027 2449 2394 2513 Exinanivit

905 2553 1077 2614 enim
1127 2552 1563 2634 semetipsum,
1617 2552 1888 2616 formam
1939 2550 2107 2614 servi
2161 2548 2395 2630 accipi-

905 2670 1040 2729 enS,
1078 2652 1259 2732 juxta
1294 2651 1688 2733 Apostolum.
1727 2651 1813 2712 De
1851 2668 1978 2730 quo
2017 2666 2131 2730 per
2166 2648 2389 2711 isaiam

905 2749 1188 2831 loquitur
1234 2751 1397 2812 Deus
1446 2749 1673 2812 Pater:
1718 2747 1876 2811 Ecce
1919 2767 2138 2810 servus
2186 2766 2388 2822 meuS,

903 2846 1249 2929 suscipiam
1281 2866 1460 2920 eum3
1493 2846 1732 2909 electus
1769 2864 1971 2921 meuS,
2005 2844 2393 2927 complacuit

901 2946 1024 3008 sibi
1083 2946 1150 3008 in
1200 2946 1311 3008 illo
1353 2945 1566 3007 anima
1613 2962 1774 3006 mea.
1811 2942 2137 3027 Quomodo
2180 2951 2389 3005 autem

2496 876 2695 937 Filius
2734 875 2841 937 Dei
2882 894 2972 937 θε.
3006 873 3227 936 Postea
3268 873 3451 935 aliter
3494 872 3727 947 sensit3
3762 872 3989 934 timere
4018 858 4055 897 ³·

2497 982 2709 1035 tamen
2742 982 2805 1035 et
2844 972 3054 1035 colere
3082 972 3302 1047 Deum,
3340 970 3523 1032 illum
3559 988 3685 1033 non
3717 971 3992 1051 denega-

2501 1071 2611 1133 vit.
2649 1074 2880 1135 Nonne
2921 1081 2990 1132 tu
3031 1073 3295 1131 vallasti
3330 1091 3500 1141 eum,
3542 1070 3631 1130 ita
3656 1070 3829 1149 quod
3873 1086 3991 1131 nec

2498 1171 2773 1233 Herodes
2796 1170 3003 1251 potuit
3034 1188 3177 1231 eum
3202 1167 3512 1231 infantem
3536 1168 3845 1245 occidere,
3872 1186 3993 1229 nec

2498 1277 2775 1331 tentator
2804 1286 3087 1349 unquam
3108 1268 3186 1329 ad
3218 1267 3468 1349 culpam
3492 1265 3850 1342 inflectere,
3876 1284 3993 1329 nee

2496 1367 2692 1429 Judaei
2721 1374 2867 1429 ante
2898 1375 3145 1447 tempus
3174 1363 3512 1448 praefixum
3544 1364 3890 1447 perimere3
3916 1384 3996 1424 ac

2498 1469 2763 1526 domum
2786 1467 2948 1543 ejus,
2975 1465 3038 1527 id
3070 1472 3167 1527 est
3196 1464 3601 1527 conscientiae
3630 1482 3759 1525 suae
3790 1462 3997 1525 consi·

2500 1564 2789 1639 storium,
2836 1582 3028 1645 quam
3082 1562 3347 1625 tentatio
3394 1570 3723 1644 penetrare
3774 1561 3998 1641 nequi-

2501 1663 2633 1737 vit3
2679 1666 3179 1742 universamque
3218 1664 3645 1723 substantiam
3690 1661 3877 1741 ejus?
3926 1660 3993 1722 id

2501 1768 2597 1822 est
2628 1768 2831 1823 totum
2861 1778 3092 1841 corpus
3125 1768 3189 1822 et
3226 1759 3529 1835 animam,
3565 1759 3665 1822 vel
3698 1758 3996 1840 spiritua-

2428 1866 2473 1927 B
2502 1860 2594 1922 les
2626 1859 2828 1941 ipsius
2857 1877 3034 1940 opeS,
3060 1858 3295 1939 gratias
3328 1867 3391 1921 et
3422 1857 3711 1933 virtutes,
3744 1875 3904 1937 quas
3934 1856 3995 1919 ei

2504 1958 2717 2019 nullus
2778 1957 2999 2019 tollere
3044 1956 3269 2020 valuit.
3322 1958 3629 2035 operibus
3672 1974 3993 2017 manuum

2500 2056 2665 2132 ejus,
2689 2054 2755 2116 id
2784 2063 2879 2117 est
2910 2054 3270 2118 actionibus
3302 2072 3556 2116 suarum
3588 2053 3898 2116 virtutum
3922 2070 3997 2113 ac

2501 2154 2735 2217 virium
2762 2154 3135 2229 activarum,
3162 2154 3577 2221 benedixisti,
3607 2152 3695 2214 ita
3724 2152 3897 2232 quod
3929 2151 3996 2212 in

2502 2251 2801 2315 omnibus
2833 2270 3135 2335 prospere
3166 2260 3228 2314 et
3256 2252 3397 2313 sine
3440 2249 3835 2313 difficultate
3864 2250 3997 2330 agit

2503 2350 2979 2433 promptissime
3008 2358 3238 2413 cuncta
3266 2368 3408 2431 quae
3429 2348 3645 2431 cupit;
3678 2360 3737 2409 et
3765 2368 3995 2425 posses·

2500 2451 2597 2509 sio
2625 2451 2791 2526 ejus,
2813 2449 2877 2510 id
2909 2457 3005 2511 est
3034 2447 3465 2531 spiritualium
3495 2447 3809 2510 bonorum
3842 2465 3995 2509 exu-

2502 2546 2812 2623 berantia,
2846 2550 3045 2608 erevit
3077 2549 3149 2607 in
3190 2558 3383 2618 terra,
3419 2546 3506 2609 ita
3548 2545 3719 2627 quod
3752 2564 3995 2628 praeve·

2502 2645 2654 2707 nisti
2704 2664 2849 2709 eum
2900 2646 2966 2707 in
3026 2644 3581 2708 benedictionibus
3628 2644 3993 2706 dulcedinis

2502 2743 2796 2826 copiosae.
2830 2744 3139 2807 Praeterea
3168 2742 3524 2805 substantia
3551 2741 3781 2805 Christi
3814 2740 3998 2804 intel·

2501 2842 2611 2921 ligi
2645 2851 2854 2924 potest
2884 2842 3233 2905 electorum
3266 2841 3580 2918 collectio,
3613 2860 3831 2923 quam,
3866 2841 3995 2905 Deo

2502 2942 2801 3019 vallante,
2836 2942 3024 3005 Satan
3068 2942 3200 3003 non'
3242 2950 3450 3023 potest
3479 2941 3774 3022 dejicere,
3803 2949 3997 3022 prout

902 3045 1063 3107 Deus
1107 3044 1454 3124 interroget
1489 3042 1697 3121 Satan,
1735 3062 1814 3105 an
1855 3042 2090 3105 electos
2131 3060 2282 3103 suos
2322 3042 2388 3104 in
2426 3046 2469 3108 C
2502 3040 2783 3122 loquitur
2804 3041 3093 3104 Christus
3121 3057 3135 3102 ε
3160 3039 3319 3103 Oves
3350 3058 3506 3103 meae
3525 3057 3745 3103 vocem
3780 3057 3991 3101 meam

901 3151 1068 3205 terra
1093 3143 1392 3222 degentes
1421 3141 1868 3217 consideravit,
1891 3140 2276 3222 praecedenti
2302 3159 2392 3201 ar-

898 3241 1094 3304 ticulo
1125 3242 1352 3324 patuit.
1379 3240 1718 3321 Gregorius
1748 3258 2006 3321 quoque
2037 3238 2142 3301 hic
2172 3238 2330 3301 dicit
2365 3256 2379 3299 ε

899 3339 1008 3402 Dei
1047 3340 1126 3401 ad
1169 3339 1356 3402 Satan
1396 3338 1630 3415 dicere,
1665 3337 1989 3419 Numquid
2029 3338 2391 3400 considera-

898 3438 980 3499 sti
1014 3456 1269 3501 servum
1297 3457 1532 3513 meum,
1569 3438 1740 3499 hunc
1769 3436 1906 3513 Job,
1933 3435 2178 3499 scilicet
2211 3434 2391 3497 Chri-

898 3544 1090 3613 stum,
1118 3544 1215 3599 est
1244 3536 1645 3616 unigenitum
1675 3534 1905 3596 Filium
1943 3542 2169 3597 contra
2200 3534 2387 3596 Satan

899 3632 964 3695 in
998 3632 1204 3698 forma
1233 3634 1399 3697 servi
1431 3633 1872 3696 admirabilem
1903 3633 2377 3695 demonstrare:

901 3751 976 3795 eo
1005 3732 1179 3795 enim
1207 3750 1336 3813 quo
1367 3732 1548 3794 illum
1589 3739 1781 3794 tantae
1811 3730 2066 3793 virtutis
2099 3730 2167 3792 in
2198 3748 2392 3793 carne

899 3832 1199 3907 ostendit,
1233 3829 1630 3913 superbienti
1659 3828 2045 3906 adversario,
2079 3828 2236 3910 quid
2281 3830 2391 3891 do-

899 3930 1036 3993 lens
1073 3930 1524 4006 consideraret,
1563 3928 1890 3991 indicavit.
1930 3932 2110 3998 Quod
2142 3949 2271 3989 non
2302 3930 2390 3988 sit

892 4031 956 4088 ei
981 4031 1221 4089 similis
1255 4031 1328 4089 in
1367 4038 1565 4098 terra,
1603 4026 2025 4089 similitudine
2061 4026 2390 4107 aequalita-

895 4126 998 4188 tis.
1021 4127 1308 4190 Christus
1337 4126 1509 4189 enim
1542 4126 1704 4188 Deus
1747 4134 1810 4188 et
1840 4126 2051 4201 homo,
2089 4124 2152 4186 in
2185 4144 2389 4211 quan-

2499 3140 2788 3217 audiunt,
2835 3148 2897 3203 et
2936 3158 3065 3203 non
3105 3138 3407 3221 peribunt
3452 3138 3519 3199 in
3563 3147 3897 3215 aeternum,
3928 3146 3994 3200 et

2500 3256 2627 3300 non
2660 3238 2865 3319 rapiet
2892 3256 3001 3300 eas
3023 3237 3365 3319 quisquam
3396 3237 3475 3299 de
3505 3255 3697 3300 manu
3726 3256 3891 3299 mea.
3918 3237 3993 3297 Et

2501 3354 2687 3399 nemo
2732 3344 2941 3418 potest
2984 3354 3209 3418 rapere
3238 3336 3317 3398 de
3350 3354 3543 3397 manu
3591 3336 3791 3397 Patris
3838 3336 3987 3398 mei.

2499 3437 2629 3496 Sed
2666 3438 2935 3495 eat-tende
2976 3438 3334 3511 paululum
3384 3454 3652 3495 manum
3698 3444 3906 3504 tuam,
3933 3444 3993 3494 et

2504 3544 2691 3610 tan-‚qe
2717 3544 2952 3593 cuneta
2988 3554 3131 3612 quoe
3152 3534 3456 3610 possidet,
3491 3532 3553 3593 id
3585 3540 3680 3594 est
3718 3533 3993 3614 populos

2498 3632 2894 3714 pertinentes
2926 3632 3004 3693 ad
3046 3631 3281 3712 ipsum,
3316 3630 3429 3712 qui
3462 3629 3841 3693 animalium
3883 3649 3995 3694 no-

2497 3730 2781 3792 minibus
2810 3730 3277 3812 exprimuntur,
3311 3738 3384 3791 ut
3414 3729 3653 3791 dictum
3688 3737 3827 3803 θεὶς
3858 3733 3993 3791 nisi

2500 3831 2572 3889 in
2600 3831 2771 3907 facie
2792 3829 3191 3889 benedixerit
3213 3829 3353 3888 tibi.
3380 3827 3539 3889 Dum
3557 3825 3773 3889 Jesum
3802 3826 3990 3889 Satan

2497 3925 2744 4009 putavit
2776 3944 2903 3989 non
2933 3944 3072 3987 esse
3102 3924 3335 3986 Filium
3367 3925 3500 4001 Dei,
3528 3942 3638 3987 seu
3668 3924 3991 3987 Christum

2498 4025 2563 4086 in
2589 4025 2725 4105 lege
2747 4025 3146 4105 promissum,
3172 4024 3306 4087 sola
3328 4024 3437 4086 Dei
3458 4022 3839 4087 custoditum
3858 4040 3995 4104 gra·

2496 4123 2583 4185 tia
2600 4123 2953 4197 aestimavit,
2970 4131 3033 4184 et
3056 4142 3240 4205 posse
3270 4141 3531 4206 peccare
3554 4122 3832 4204 putavit:
3852 4123 3993 4186 ideo

895 4232 1030 4286 tum
1073 4225 1259 4300 DeuS,
1295 4223 1554 4285 infinite
1595 4222 1842 4285 cunctis
1883 4232 1978 4285 est
2017 4223 2241 4297 altior3
2277 4222 2467 4286 sed-D
2495 4221 2679 4303 petiit
2708 4221 3033 4284 licentiam
3073 4222 3244 4284 hunc
3279 4220 3689 4283 tentandi.Ac
3722 4220 3778 4283 si
3806 4238 3993 4304 aper·

893 4330 966 4383 ut
996 4321 1207 4396 hom0‚
1233 4320 1457 4383 habuit
1485 4320 1777 4400 gratiam,
1803 4319 2070 4383 virtutes
2101 4329 2164 4383 et
2194 4322 2381 4397 dona,

891 4419 1244 4482 secundum
1275 4418 1746 4499 plenitudinem
1781 4425 2044 4493 tantam,
2071 4426 2385 4499 quantum

891 4534 1120 4599 capere
1168 4523 1376 4596 potest
1435 4525 1660 4578 natura
1711 4515 1940 4578 mentis
1991 4524 2240 4592 creatae,
2295 4516 2384 4578 ita

891 4614 1062 4696 quod
1095 4622 1224 4678 tota
1249 4614 1567 4696 capacitas
1598 4613 1722 4676 fuit
1756 4614 1819 4675 in
1852 4632 1927 4676 eo
1960 4613 2243 4696 impleta.
2263 4618 2388 4677 Ho-

893 4735 997 4775 mo
1021 4716 1324 4791 simplex,
1355 4722 1502 4791 etc„
1537 4714 1702 4776 sicut
1733 4713 2088 4794 expositum
2121 4722 2240 4775 est.

979 4814 1099 4873 Cui
1127 4814 1455 4891 respondit
1483 4816 1693 4873 Satan
1720 4814 2103 4889 :Numquid
2132 4814 2387 4889 frustra

897 4912 1076 4972 timet
1103 4914 1244 4981 lob,
1269 4911 1334 4971 id
1365 4916 1461 4972 est
1489 4910 1774 4974 Christus
1799 4918 1868 4971 ut
1896 4911 2109 4987 homo,
2136 4914 2386 4972 Deum?

894 5007 959 5071 id
990 5016 1105 5085 cst,
1125 5009 1306 5071 timet
1339 5017 1398 5071 te
1438 5028 1564 5071 non
1608 5016 1866 5090 propter
1900 5016 1960 5070 te
1990 5029 2066 5071 cx
2094 5028 2256 5091 puro
2291 5010 2381 5072 tui

893 5125 1127 5183 amore,
1163 5108 1271 5169 scd
1303 5115 1561 5188 propter
1602 5107 1767 5169 dona
1795 5126 1832 5167 a
1863 5115 1922 5168 te
1954 5106 2075 5169 sibi
2126 5108 2377 5177 donata.

891 5214 949 5269 et
996 5225 1076 5268 ne
1124 5205 1254 5267 illis
1305 5206 1609 5287 privetur.
1645 5206 1856 5280 Satan,
1905 5207 2015 5287 qui
2061 5205 2380 5268 Christum

891 5304 1172 5379 tentavit,
1209 5303 1530 5365 interdum
1573 5302 2014 5384 suspicabatur
2056 5304 2228 5385 quod
2270 5304 2378 5367 Dei

2498 4330 2559 4383 te
2589 4320 2959 4402 pronuntiet
2996 4338 3009 4381 :
3044 4320 3333 4381 Pulsatus
3362 4317 3853 4395 afflictionibuS,
3880 4320 3991 4383 ho-

2495 4437 2599 4481 mo
2630 4428 2693 4481 et
2726 4426 3021 4500 peccator
3050 4425 3449 4498 agnoscetur,
3476 4417 3589 4498 qui
3623 4417 3690 4478 in
3721 4417 3989 4481 miracu-

2496 4518 2575 4579 lis
2605 4518 2713 4580 Dei
2744 4517 2945 4579 Filius
2975 4516 3280 4580 creditur.

2594 4617 2785 4677 Dixit
2830 4636 2978 4692 erqo
3030 4616 3349 4677 Dominus
3396 4618 3484 4675 ad
3533 4618 3738 4676 Satan
3774 4633 3800 4676 .·
3832 4617 3991 4676 Eece

2495 4716 2803 4774 universa
2834 4734 2978 4792 quoe
3008 4715 3219 4781 habet,
3251 4714 3323 4771 in
3354 4732 3559 4773 manu
3589 4722 3703 4772 tua
3720 4722 3898 4783 sunt,
3922 4712 3985 4773 id

2494 4820 2611 4889 est,
2638 4810 3008 4875 tentationis
3042 4818 3163 4873 tuae
3192 4810 3494 4873 exercitio
3520 4810 3982 4873 conceduntur.

2493 4910 2797 4973 Universa
2850 4910 2969 4971 ista
3009 4928 3149 4990 quae
3189 4908 3411 4970 habuit
3447 4908 3755 4984 ChristuS,
3792 4908 3988 4988 agmi-

2494 5028 2576 5071 na
2600 5008 2859 5072 fuerunt
2888 5007 3111 5090 populi
3144 5007 3297 5069 olim
3324 5006 3531 5083 electi,
3557 5006 3859 5070 videlicet
3883 5007 3989 5069 Ju-

2491 5109 2795 5183 daeornm,
2824 5106 3177 5189 praesertim
3208 5105 3665 5167 adhaerentium
3693 5106 3983 5170 Christo:

2493 5227 2653 5289 quos
2704 5216 2913 5270 tamen
2965 5208 3152 5269 Satan
3204 5204 3491 5277 tentavit,
3544 5204 3986 5286 plurimosque

2490 5325 2706 5369 eorum
2740 5326 2777 5367 a
2806 5305 3055 5368 Christo
3084 5302 3336 5378 avertit,
3358 5310 3430 5364 ut
3448 5302 3868 5382 Evangelistae
3904 5311 3990 5365 tc-

4072 857 4109 895 6.

4057 3054 4201 3096 loen.
4218 3066 4262 3099 1..

4020 3118 4157 3159 2:³39.
