4309 6259
577 3206 690 3325 xvlalr,
711 3208 826 3314 ἄτθ’
869 3251 968 3317 ins
969 3272 1038 3315 ra
1064 3253 1295 3335 legitur
1315 3253 1611 3317 Ezechias
1631 3254 1784 3317 talia
1803 3256 1934 3338 regi
1953 3257 2355 3339 Assyriorum

853 506 934 569 54
1413 522 1760 567 manna-no
1801 522 1864 567 m
1907 521 2046 567 car.
2089 520 2204 566 x111
2242 519 2402 565 unm
2442 518 2666 573 ouann
2706 518 2933 564 neuun.
2978 536 3061 547 —
3098 518 3242 563 aar.
3286 516 3391 563 xvl

855 697 1124 755 cuniam
1153 713 1294 753 vero
1319 713 1441 772 pro
1481 696 1739 763 delicte,
1765 703 1827 753 et
1847 693 2198 770 pecuniam
2218 710 2343 767 pro
2370 689 2424 751 A
2452 688 2728 750 misisse.
2769 690 3078 769 Misitque
3108 689 3387 749 Hazaeli
3420 688 3559 764 reqi
3598 688 3836 764 Syrioe,
3874 696 3935 747 et

847 794 1150 870 peccatis,
1185 812 1314 851 non
1359 794 1722 871 inserebant
1763 793 1836 851 in
1884 794 2193 868 templum
2220 792 2346 850 Do-
2454 790 2706 847 recessit
2732 790 2813 847 ab
2836 790 3217 848 Jerusalem.

861 894 1053 963 mini,
1073 891 1136 952 id
1167 899 1283 967 est,
1309 890 1646 973 pecuniam
1675 890 1952 954 oblatam
1981 908 2100 972 pro
2130 888 2348 950 remis·

859 989 1040 1052 sione
1057 989 1388 1071 culparum
1410 988 1776 1052 omissionis
1795 998 1858 1050 et
1876 987 2349 1051 commissionis

859 1104 986 1149 non
1019 1095 1370 1169 posuerunt
1397 1105 1542 1149 cum
1572 1086 1837 1169 praelata
1857 1086 2126 1168 pecunia
2157 1086 2222 1148 in
2242 1104 2349 1166 ga-

855 1185 1254 1267 zophylacio,
1277 1188 1435 1266 quia
1463 1190 1864 1248 sacerdotum
1893 1195 2057 1256 erat,
2089 1184 2255 1249 sicut
2284 1194 2345 1248 et

857 1283 1200 1361 sacrificia,
1237 1284 1380 1347 ideo
1408 1284 1501 1346 eis
1531 1284 1821 1347 dabatur.

945 1386 1149 1452 Tunc,
1179 1382 1244 1445 id
1275 1392 1368 1445 est
1401 1392 1686 1465 tempore
1717 1383 1850 1459 illo,
1885 1392 1950 1445 et
1977 1402 2175 1465 quum
2203 1383 2347 1446 Joas

859 1500 898 1542 a
942 1480 1051 1544 via
1085 1480 1354 1561 justitiae
1401 1482 1787 1557 recessisset,
1838 1491 2089 1545 mortuo
2129 1481 2349 1545 Joiada

860 1580 1156 1662 praesule,
1208 1584 1498 1642 ascendit
1547 1585 1798 1643 Hazael
1845 1603 1963 1641 rex
2008 1585 2247 1659 Syriae,
2288 1590 2348 1641 ec

851 1681 1192 1757 puqnabat
1231 1689 1456 1741 contra
1510 1684 1670 1741 Geth
1711 1679 1933 1742 urbem
1981 1680 2344 1757 philistiim,

861 1780 1152 1858 cepitque
1187 1798 1353 1849 eam,
1393 1788 1454 1839 et
1493 1782 1739 1839 direxit
1775 1781 2014 1856 faciem
2050 1800 2239 1841 suam
2276 1790 2349 1840 ut

2536 887 2816 964 Reliqua
2857 896 3075 946 autem
3110 906 3479 946 sermonum
3505 888 3676 955 Joas,
3704 894 3765 945 el
3794 886 3940 945 uni-

2458 1005 2640 1044 versa
2690 1006 2834 1063 quoe
2880 986 3061 1061 feeit,
3096 1004 3308 1043 nonne
3344 986 3477 1045 lzoec
3506 985 3745 1062 scripta
3784 994 3939 1043 sunt

2458 1086 2531 1143 in
2574 1085 2737 1142 libro
2786 1084 3129 1144 Verborum
3166 1085 3423 1142 dierum
3460 1102 3681 1159 requm
3722 1083 3939 1142 Juda?

2456 1186 2904 1244 Surreoeerunc
2944 1192 3160 1242 autem
3198 1182 3373 1241 servi
3407 1182 3573 1259 ejuS,
3618 1191 3679 1241 el
3718 1182 3940 1257 eonju-

2458 1291 2769 1340 raverunt
2800 1282 2973 1340 inter
2999 1300 3064 1339 se
3092 1301 3117 1339 .·
3148 1297 3419 1360 quorum
3450 1298 3616 1341 unus
3649 1277 3771 1340 fuit
3796 1277 3938 1339 Am·
3964 1297 4201 1344 npmm.

2456 1378 2731 1442 monites
2760 1386 2824 1441 et
2854 1378 3019 1440 alius
3048 1377 3369 1455 MoabiteS‚
3404 1377 3570 1440 sicut
3610 1376 3675 1438 in
3708 1376 3937 1438 Parali-
3966 1364 4035 1403 ²⁶·

2459 1495 2781 1559 pomenon
2811 1475 3043 1555 legitur
3067 1500 3082 1551 3
3107 1487 3704 1555 percusseruntque,
3740 1475 3805 1538 id
3844 1483 3938 1539 est

2458 1578 2851 1653 occiderunt,
2883 1579 3036 1637 Joas
3082 1580 3153 1636 in
3200 1580 3388 1637 domo
3436 1596 3549 1638 sua
3588 1578 3777 1637 Mello
3806 1594 3832 1637 .·
3860 1576 3939 1638 de
4010 1604 4203 1655 uncas.

2458 1697 2588 1760 qua
2616 1678 2857 1741 dictum
2888 1683 2985 1739 est
3014 1694 3207 1757 supra
3232 1674 3397 1739 libro
3426 1676 3702 1739 seeundo
3731 1683 3794 1738 et
3825 1683 3943 1737 ter·
3968 1671 4016 1718 ⁹³
4046 1667 4099 1709 ¹¹¹
4120 1666 4205 1718 Καὶ·

2460 1777 2590 1849 ti03
2626 1780 2699 1837 in
2738 1780 3041 1836 descensu
3070 1779 3269 1837 Sella.
3314 1775 3380 1836 ln
3420 1774 3938 1856 Paralipomenon
3968 1743 4025 1841 ῗι
4050 1732 4121 1833 ἐξ.
4154 1730 4205 1774 n'

864 1879 1227 1937 ascenderet
1255 1879 1326 1937 in
1357 1879 1732 1938 Jerusalem.
1767 1878 1909 1939 Ideo
1936 1877 2080 1940 Joas
2111 1887 2351 1959 perter-
2387 1875 2434 1938 B
2461 1876 2717 1951 dicitur,
2750 1876 2921 1957 quod
2952 1873 3409 1937 interfecerunt
3436 1893 3581 1936 eum
3612 1873 3679 1935 in
3709 1872 3941 1935 lectulo
3970 1887 4003 1930 11
4016 1886 4209 1928 Pam.

867 1973 1049 2050 ritus,
1083 1973 1260 2035 misit
1301 1974 1361 2037 ei
1404 1994 1670 2037 munera
1712 1975 1989 2056 copiosa,
2034 1984 2105 2037 ut
2145 1985 2350 2039 textus

865 2082 1330 2155 consequenter
1358 2074 1536 2138 dicit.
1575 2076 1992 2144 Quamobrem
2023 2078 2177 2136 tulit
2202 2079 2353 2137 Joas

863 2192 982 2230 rex
1015 2174 1192 2232 Juda
1231 2174 1452 2233 omnia
1491 2175 1923 2249 sanctificata,
1959 2195 2104 2253 quw
2144 2194 2355 2234 conse-

860 2280 1156 2330 craverat
1191 2273 1521 2347 Josaphat,
1563 2280 1623 2330 et
1660 2274 1909 2340 Joram,
1941 2280 2002 2331 et
2049 2274 2354 2332 ochozias

851 2376 1072 2443 patres
1099 2368 1243 2444 ejus
1271 2388 1445 2443 reyes
1474 2369 1676 2437 Juda,
1705 2378 1764 2427 ec
1793 2388 1937 2447 quae
1966 2370 2100 2446 ipse
2121 2371 2356 2430 obtule-

859 2475 988 2535 rat,
1015 2473 1075 2524 ει
1095 2467 1473 2525 universum
1501 2484 1696 2541 arqen
1707 2476 1844 2527 tum
1865 2470 2037 2545 quod
2065 2469 2357 2528 inveniri

851 2566 1070 2641 poluit
1109 2566 1183 2623 in
1235 2566 1553 2624 thesauris
1595 2568 1818 2641 templi
1846 2568 2138 2637 Domini,
2170 2575 2231 2626 et
2279 2569 2351 2627 in

849 2663 1106 2738 palacio
1143 2665 1337 2738 reyis,
1367 2670 1438 2723 ut
1481 2662 1614 2725 haec
1663 2663 1880 2726 omnia
1916 2672 2355 2728 converteren-

863 2768 968 2822 tur
997 2759 1066 2821 in
1096 2779 1283 2822 usum
1315 2760 1524 2823 cultus
1550 2760 1660 2824 Dei
1700 2780 1774 2824 ac
1803 2762 2028 2843 templi
2055 2780 2069 2824 ε
2091 2773 2354 2845 propter

861 2858 1036 2939 quod
1067 2877 1194 2922 non
1224 2866 1406 2920 crant
1433 2859 1511 2923 de
1549 2868 1761 2923 cetero
1801 2860 2097 2923 humanis
2131 2862 2353 2925 usibus

865 2956 1268 3038 applicanda,
1305 2957 1429 3019 nisi
1463 2957 1678 3022 forsan
1711 2959 1778 3020 in
1817 2960 2213 3022 necessitatis
2256 2980 2356 3023 ar-

2462 1994 2599 2038 suo.
2632 1974 2811 2037 Unde.
2840 1972 3115 2048 videtur,
3146 1972 3319 2054 quod
3349 1972 3575 2035 domus
3608 1968 3787 2033 Mello
3817 1969 3943 2032 fuit
3972 1953 4041 1994 ²⁵·

2460 2075 2583 2137 sita
2627 2073 2693 2135 in
2742 2074 3053 2135 descensu
3102 2071 3289 2135 Sella.
3316 2072 3624 2133 Josaclzar
3670 2090 3945 2149 namque

2459 2176 2643 2251 filius
2662 2174 2967 2235 Semaatlz
2988 2180 3044 2231 ec
3060 2172 3349 2233 ,Ios-abad
3364 2171 3549 2248 filius
3576 2170 3800 2230 Somer
3816 2188 3947 2229 ser-

2462 2275 2532 2333 vi
2560 2274 2699 2349 ejus
2721 2281 3175 2349 percuss-&unt
3202 2290 3376 2339 eum,
3404 2278 3465 2328 et
3506 2278 3795 2328 mortuus
3826 2277 3938 2330 est.

2466 2374 2549 2433 Et
2575 2372 2965 2447 sepelierunt
2992 2388 3139 2429 eum
3177 2388 3323 2428 cum
3358 2369 3662 2444 patribus
3694 2368 3831 2427 suis
3870 2368 3943 2427 in

2461 2469 2724 2528 civitate
2771 2469 2991 2528 David
3020 2484 3043 2526 .·
3087 2483 3216 2528 non
3270 2473 3478 2527 tamen
3518 2464 3584 2526 in
3634 2462 3943 2545 sepulcris
4002 2481 4182 2525 niam.

2463 2565 2804 2645 regalibuS,
2840 2564 3005 2627 sicut
3036 2565 3100 2626 in
3132 2562 3653 2645 Paralipomenon
3693 2560 3939 2642 legitur,

2460 2665 2617 2746 quia
2646 2665 2881 2728 divinae
2902 2662 3230 2744 religionis
3256 2662 3498 2725 exstitit
3530 2660 3847 2737 inimieuS‚
3874 2670 3945 2723 ut

2460 2764 2769 2845 losephus
2812 2762 3118 2843 loquitur.
3158 2763 3603 2842 Reqnavilque
3644 2762 3943 2823 Amasias

2460 2865 2644 2941 filius
2672 2863 2813 2939 ejus
2836 2880 2957 2939 pro
2986 2880 3079 2922 ec.

2550 2960 2739 3023 Multa
2786 2961 2864 3022 ad
2922 2960 3383 3042 expositionem
3440 2959 3633 3041 hujus
3680 2958 3943 3040 capituli

869 3054 1086 3131 ticulo,
1111 3056 1214 3118 vel
1249 3056 1427 3137 prius
1461 3057 2067 3135 comminuerentur,
2096 3059 2261 3122 sicut
2290 3069 2353 3123 et
2388 3058 2432 3121 C
2464 3061 2849 3145 pertinentia
2879 3068 2942 3123 et
2982 3061 3061 3122 de
3090 3078 3283 3122 sensu
3313 3060 3453 3140 ejus
3500 3057 3721 3120 morali
3750 3056 3946 3121 conti-⁴

871 3173 1042 3217 nunc
1063 3153 1408 3236 aliquando
1435 3154 1516 3217 fit
1542 3157 1620 3218 de
1641 3156 1838 3219 sacris
1867 3158 2058 3221 vasis.
2082 3158 2261 3221 Unde
2292 3169 2355 3223 et

2464 3167 2699 3224 nentur
2728 3159 2793 3219 in
2825 3157 3221 3239 expositione
3252 3155 3513 3219 secundi
3546 3155 3691 3217 libri
3721 3155 3947 3217 Parali-
3988 3164 4226 3209 hid-xm-

2466 3275 2805 3342 pomenon.
2842 3256 3081 3319 Idcirco
3112 3256 3215 3319 hic
3244 3255 3645 3319 omittuntur.

1943 3688 2592 3778 ARTICULUS
2678 3692 2877 3776 XVI

1303 3964 1680 4010 DECLAMTIO
1731 3965 2005 4011 currum
2052 3964 2459 4012 Tunrlmncuss
2500 3967 2514 4011 :
2562 3966 2727 4012 ANNO
2777 3965 3055 4011 vlCsssuno
3105 3964 3321 4010 'ranno
3371 3964 3517 4010 Joas

1961 4064 2104 4110 FILII
2146 4064 2418 4110 OCHOZIAE
2460 4064 2635 4111 REGIS
2675 4064 2850 4111 JUDA.

1007 4340 1261 4406 GITUR
1290 4342 1395 4406 hic
1435 4344 1514 4406 de
1552 4344 1800 4406 duobus
1841 4342 2097 4424 regibus
2135 4345 2353 4407 decem
2388 4342 2437 4403 D
2468 4344 2761 4426 iniquum
2806 4345 2871 4407 in
2913 4344 3087 4407 vitiis
3126 4342 3690 4421 communicante-S,
3722 4356 3782 4405 et
3827 4354 3952 4406 cra-

1028 4441 1310 4504 tribuum
1341 4450 1534 4524 atque
1561 4443 1640 4505 de
1679 4451 1883 4505 morte
1911 4442 2127 4505 Elisei.
2162 4447 2353 4505 Anno

868 4542 1167 4601 vicesimo
1200 4544 1383 4602 lertio
1413 4541 1592 4621 regni
1621 4545 1770 4602 Joas
1787 4542 1924 4619 filii
1944 4544 2231 4603 Ockozioe
2259 4564 2356 4602 re-

860 4641 966 4716 qis
991 4642 1191 4712 Iuda,
1214 4642 1513 4718 reynavit
1538 4640 1817 4701 Joachaz
1846 4642 2030 4717 filius
2055 4642 2218 4701 Jeku
2248 4662 2353 4701 su-

855 4758 980 4815 per
1025 4740 1231 4799 Israel
1277 4738 1352 4797 in
1397 4738 1708 4799 Samaria
1755 4739 1968 4797 decem
2012 4747 2072 4798 et
2117 4748 2353 4815 septem

863 4838 1080 4897 anni-3.
1114 4838 1201 4898 Ec
1228 4838 1383 4913 fecit
1413 4840 1663 4896 malum
1693 4855 1910 4896 coram
1939 4838 2239 4908 DominO,
2260 4858 2352 4897 se-

859 4945 1169 5015 cutusque
1196 4945 1288 4995 est
1308 4944 1570 5012 *peccata
1597 4936 1926 4995 Jeroboam
1953 4936 2089 5012 filii
2107 4938 2349 5007 Nabal,

861 5037 980 5113 qui
999 5055 1266 5112 peccare
1299 5036 1455 5112 fecit
1482 5036 1710 5105 Israel,
1741 5044 1803 5094 et
1832 5054 1960 5095 non
1990 5037 2349 5097 declinavit

865 5135 944 5193 ab
969 5135 1082 5195 eiS.
1117 5136 1459 5213 Iracusque
1487 5142 1577 5192 esc
1612 5136 1804 5211 furor
1833 5133 2124 5203 Domini,
2161 5132 2221 5194 id
2252 5141 2347 5195 cst

859 5229 1031 5310 rigor
1072 5230 1305 5293 divinae
1337 5229 1621 5311 justitiae,
1654 5239 1878 5290 contra
1909 5232 2134 5301 Israel,
2170 5230 2344 5292 scili-

2462 4446 2639 4505 didit
2667 4464 2767 4503 eos
2806 4446 2878 4505 in
2912 4463 3111 4505 manu
3140 4445 3391 4503 Hazael
3424 4443 3592 4520 reqis
3622 4444 3860 4519 Syriae,
3890 4454 3951 4504 et

2466 4542 2534 4602 in
2600 4564 2803 4603 manu
2850 4545 3171 4604 Benadad
3225 4542 3360 4619 filii
3410 4542 3660 4603 Hazael
3704 4544 3951 4603 cunctis

2461 4642 2703 4701 diebus·

2550 4742 2939 4817 Deprecatus
2985 4748 3074 4799 est
3122 4748 3339 4799 autem
3385 4740 3663 4799 Joackaz
3711 4740 3949 4815 faciem

2459 4840 2751 4911 Domini,
2777 4837 2840 4899 id
2876 4845 2971 4899 est
3002 4835 3236 4900 divinae
3266 4835 3519 4917 pietatis
3565 4842 3941 4917 respectum,

2460 4954 2570 4997 seu
2595 4933 2954 5016 piissimum
2976 4936 3169 4997 Deum
3190 4932 3404 4997 omnia
3426 4932 3949 5013 intuentem,quia

2460 5034 2624 5096 vidit
2654 5033 2777 5095 sibi
2821 5052 2949 5095 non
2991 5034 3291 5114 prodesse
3324 5030 3565 5093 cultum
3606 5030 3949 5095 invocatio-

2466 5152 2741 5215 nemque
2772 5132 3140 5207 vitulorum,
3178 5130 3415 5193 idcirco
3445 5131 3522 5192 ad
3556 5130 3664 5192 Dei
3696 5130 3949 5193 invoca-

2458 5229 2695 5291 tionem
2738 5228 3053 5291 convertit
3088 5248 3176 5291 se.
3211 5230 3298 5290 Et
3338 5230 3602 5289 audivit
3641 5248 3787 5288 eum
3831 5231 3946 5290 Do-

857 5335 960 5390 cet
989 5336 1208 5391 contra
1251 5327 1460 5410 ipsum
1502 5345 1712 5409 regem
1749 5335 1812 5389 et
1841 5325 2150 5408 populum
2202 5328 2342 5409 ejus
2454 5330 2698 5398 minus,
2738 5327 2947 5390 dando
2992 5326 3118 5389 sibi
3163 5326 3513 5408 temporale
3556 5324 3936 5402 subsidium,
