4309 6259
889 504 969 568 50
1467 522 1810 569 manna-rio
1853 521 1915 566 m
1957 521 2094 566 car.
2139 520 2205 565 xi
2248 519 2403 564 uam
2446 516 2668 573 emim
2710 520 2936 566 asena.
2980 539 3062 550 —-
3102 522 3245 566 aar.
3288 520 3394 568 xiv

888 692 1313 768 centurioneS,
1339 700 1410 754 ut
1435 692 1748 774 Iosephus
1781 692 2029 769 scribit,
2065 701 2127 754 et
2157 690 2377 774 praeal-
2405 691 2455 752 A
2486 702 2571 759 to,
2601 691 2667 753 id
2699 700 2815 769 est,
2838 702 2965 755 tam
2996 693 3375 769 sacerdoteS,
3394 690 3650 767 Levitae,
3674 698 3964 754 cantores

891 789 1132 868 legatus
1160 789 1681 873 Paralipomenon
1711 790 1876 853 liber
1905 798 2249 861 consonat;
2280 790 2379 848 in-

891 893 1184 950 troduxit
1211 908 1320 951 eos
1348 894 1436 949 ad
1463 912 1526 949 se
1559 892 1630 951 in
1663 894 1968 967 templum
1991 891 2287 959 Domini,
2312 888 2376 949 id

887 996 984 1050 est
1015 987 1082 1049 in
1111 996 1356 1069 partem
1390 988 1612 1069 templi
1642 1008 1836 1069 quam
1866 996 2161 1070 poterant
2184 987 2380 1048 intro—

888 1086 1004 1162 ire,
1040 1094 1191 1167 puta
1221 1085 1287 1147 in
1317 1085 1573 1161 atrium,
1607 1086 1708 1149 vel
1742 1084 1956 1149 forsan
1987 1105 2066 1149 ex
2105 1085 2380 1149 necessi-

884 1193 1012 1247 tate
1055 1194 1120 1247 et
1163 1184 1641 1267 dispensatione
1681 1184 1746 1247 in
1787 1184 2062 1266 primam
2104 1192 2168 1246 et
2211 1192 2380 1246 exte-

888 1284 1120 1345 riorem
1155 1283 1375 1364 templi
1406 1293 1675 1365 partem,
1694 1301 1836 1364 quae
1867 1283 2103 1345 dicitur
2125 1282 2374 1356 Sancta3

879 1384 1253 1462 pepiqitque
1283 1402 1430 1443 eum
1468 1384 1560 1441 eis
1603 1383 1842 1459 foedus,
1875 1382 1936 1443 id
1968 1390 2084 1458 est,
2121 1391 2377 1464 pactum

891 1479 1040 1542 iniit
1075 1480 1154 1543 de
1193 1480 1382 1543 modo
1422 1480 1857 1543 constituendi
1888 1482 2098 1561 ipsum
2127 1481 2270 1543 Joas
2312 1480 2376 1541 in

893 1597 1128 1659 regem,
1159 1590 1218 1641 et
1247 1581 1572 1657 adjurans
1612 1600 1710 1640 eos
1749 1582 1818 1641 in
1865 1584 2050 1642 domo
2081 1584 2377 1651 Domini,

891 1685 963 1739 ut
1003 1677 1249 1740 scilicet
1293 1676 1576 1741 fideliter
1625 1678 1749 1741 sibi
1799 1679 2144 1756 adstarent,
2192 1688 2257 1743 et
2304 1698 2379 1741 ca

891 1794 1035 1857 quae
1069 1776 1231 1837 dixit
1271 1776 1386 1853 εἰς,
1421 1776 1488 1837 in
1521 1785 1762 1840 secreto
1801 1786 2110 1855 tenerent,
2143 1796 2380 1860 quous-

2484 809 2557 851 ac
2586 789 2915 870 janitoreS‚
2948 791 3061 873 qui
3102 789 3352 871 expleto
3392 789 3617 853 officio
3655 808 3785 851 suae
3816 786 3971 849 heb-

2487 889 2793 964 domadae‚
2826 898 3059 951 exeunt
3099 888 3363 952 sabbato
3410 888 3739 970 templum,
3774 904 3965 967 quam

2489 986 2582 1047 illi
2614 987 2725 1069 qui
2758 987 3172 1067 egrediuntur
3201 987 3424 1049 domos
3456 1006 3624 1061 suaS‚
3659 994 3729 1047 ut
3768 984 3976 1064 ingre-

2486 1085 2745 1147 diantur
2775 1086 3084 1168 templum
3114 1083 3399 1147 diluculo
3428 1084 3676 1147 sabbati
3708 1102 3835 1166 quo
3862 1081 3972 1144 alii

2488 1192 2742 1261 exeunt,
2792 1185 2869 1246 ad
2920 1184 3411 1247 ministrandum
3465 1183 3529 1245 in
3576 1182 3815 1263 templo
3860 1200 3973 1263 per

2488 1302 2668 1345 suam
2728 1282 3213 1359 hebdomadam,
3266 1284 3624 1344 custodient
3672 1282 3975 1341 excubias

2486 1386 2713 1444 domus
2744 1383 3034 1452 Domini,
3056 1383 3118 1443 id
3151 1390 3266 1457 est,
3304 1381 3369 1442 in
3406 1380 3642 1462 templo
3672 1386 3857 1442 erunt
3888 1376 3977 1441 vi-

2485 1482 2757 1563 gilantes
2800 1489 2865 1544 et
2908 1481 3165 1556 intenti,
3198 1482 3373 1541 eirca
3404 1500 3657 1558 reyem;
3684 1489 3743 1540 et
3773 1482 3975 1539 valla-

2489 1583 2660 1650 bitis,
2706 1580 2772 1642 id
2822 1588 2919 1641 est
2956 1578 3436 1641 circumdabitis
3480 1600 3627 1639 eum
3669 1596 3783 1659 pro
3830 1577 3972 1657 ejus

2489 1679 2867 1754 munimine,
2901 1681 3199 1739 habentes
3225 1700 3415 1738 arma
3446 1680 3517 1738 in
3546 1678 3845 1737 manibus
3876 1696 3975 1734 ve-

2486 1780 2659 1839 stris.
2680 1777 2919 1858 Nempe
2950 1775 3213 1839 sabbato
3248 1776 3361 1839 illo
3393 1774 3680 1856 pontifex
3712 1773 3975 1837 retinuit

889 1892 1017 1955 que
1060 1893 1160 1936 res
1215 1875 1548 1936 sortiretur
1591 1874 1898 1937 effectum
1942 1893 1956 1937 :
2001 1895 2194 1958 super
2246 1894 2377 1958 quo
2415 1877 2462 1940 B
2490 1896 2706 1939 secum
2736 1895 2847 1939 eos
2875 1876 2988 1957 qui
3020 1875 3427 1957 expleverant
3456 1892 3585 1937 suae
3606 1874 3975 1955 septimanae

891 1971 1100 2051 exegit
1145 1970 1224 2033 ab
1271 1971 1362 2034 eis
1409 1972 1861 2052 juramentum,
1913 1974 2165 2056 ipsique
2208 1976 2379 2055 jura-

893 2079 1152 2145 verunt3
1187 2073 1461 2132 ostendit
1488 2074 1579 2132 eis
1605 2074 1826 2150 fitium
1855 2076 2046 2150 regis,
2079 2073 2379 2137 videlicet

893 2168 1104 2250 ipsum
1133 2170 1274 2231 Joas
1305 2168 1516 2230 filium
1547 2169 1854 2235 Ochoziae.

973 2271 1058 2331 Ec
1077 2270 1385 2345 proecepit
1416 2270 1570 2339 illis,
1604 2272 1822 2331 dicens
1847 2289 1870 2331 .·
1900 2273 2030 2332 Iste
2057 2282 2146 2332 est
2175 2292 2379 2333 sermo

891 2388 1080 2446 quem
1116 2369 1330 2444 facere
1369 2368 1625 2427 debetis.
1668 2370 1882 2429 Tertia
1905 2388 2066 2445 pars
2097 2381 2379 2431 vestrum

891 2466 1170 2525 introeat
1195 2466 1477 2534 sabbato,
1498 2463 1566 2524 in
1597 2483 1726 2545 quo
1758 2482 1914 2546 puer
1946 2466 2065 2529 iste
2093 2467 2237 2530 Joas
2269 2487 2381 2529 un-

894 2570 1077 2643 getur
1105 2561 1174 2623 in
1205 2579 1438 2642 regem,
1457 2573 1516 2623 et
1537 2566 1812 2625 observet
1831 2567 2134 2626 excubias
2153 2570 2381 2627 domus

894 2662 1076 2738 nqis,
1113 2659 1176 2721 id
1213 2668 1330 2736 est,
1366 2660 1615 2739 vigilias
1648 2670 1878 2739 teneat,
1913 2671 1976 2726 et
2015 2664 2136 2726 iter
2174 2674 2384 2728 custo-

894 2758 1027 2820 diat
1066 2758 1237 2840 quod
1280 2758 1456 2821 ducit
1496 2759 1573 2821 ad
1616 2760 1947 2842 palatium,
1994 2781 2074 2826 ne
2115 2764 2265 2844 quis
2304 2764 2383 2826 de

894 2856 1258 2919 domesticis
1299 2856 1563 2920 Athaliae
1606 2877 1682 2921 ex
1723 2860 1960 2941 palatio
2009 2878 2377 2943 erumpens,

897 2954 1100 3037 possit
1130 2973 1342 3035 regem
1378 2955 1698 3020 invadere.
1732 2956 1922 3021 Porro
1965 2959 2028 3021 in
2062 2960 2383 3043 Paralipo-

899 3152 1166 3216 veniunt
1195 3153 1272 3215 ad
1303 3153 1660 3231 sabbatum,
1683 3157 2077 3220 sacerdotum
2111 3167 2176 3221 ct
2205 3159 2379 3221 Levi-

2489 1973 2558 2037 of
2564 1973 2589 2035 f
2593 1974 2783 2037 icium
2806 1992 2820 2035 :
2840 1974 2952 2054 qui
2982 1973 3140 2036 alias
3172 1972 3463 2037 solebant
3491 1972 3689 2048 abire,
3716 1972 3825 2035 sed
3856 1989 3973 2053 pro

2491 2072 2717 2156 majori
2762 2072 3046 2135 subsidio
3092 2080 3241 2135 tunc
3286 2080 3678 2133 manserunt.
3715 2074 3793 2132 Si
3830 2072 3977 2151 quis

2490 2183 2707 2234 autem
2738 2174 3060 2249 inyressus
3088 2172 3295 2248 fuerit
3324 2180 3573 2247 septum
3602 2171 3845 2247 templi,
3883 2173 3978 2229 in-

2493 2273 2875 2348 terficiatur,
2907 2269 2972 2331 id
3017 2277 3135 2345 est,
3177 2268 3231 2331 si
3275 2268 3421 2349 quis
3464 2268 3971 2332 adversariorum

2490 2369 2729 2432 intrare
2750 2366 3227 2450 praesumpserit
3246 2366 3553 2429 ambitum
3578 2366 3816 2449 templi,
3831 2384 3978 2429 mox

2488 2468 2792 2531 educatur
2834 2474 2898 2529 et
2938 2474 3115 2529 extra
3158 2465 3465 2548 templum
3510 2484 3584 2529 ac
3632 2465 3791 2528 atria
3834 2464 3977 2545 ejus

2495 2574 2777 2628 necetur.
2814 2567 3142 2644 Eritisque
3170 2584 3317 2625 eum
3346 2584 3491 2641 rege
3530 2566 3891 2625 introeunte
3918 2574 3976 2623 et

2490 2666 2787 2740 eyredien
2795 2673 2871 2724 te.

2590 2766 2677 2825 Et
2723 2763 3017 2840 fecerunt
3064 2765 3467 2823 centuriones
3498 2764 3707 2839 juoeta
3754 2764 3977 2823 omnia

2492 2884 2636 2942 quoe
2676 2872 3066 2939 praeceperat
3111 2863 3203 2921 eis
3248 2863 3485 2923 Joiada
3530 2864 3837 2923 sacerdos.
3888 2863 3973 2923 Et

2492 2971 2881 3021 assumentes
2908 2962 3156 3037 singuli
3194 2961 3366 3019 viros
3400 2979 3572 3029 sum,
3604 2958 3668 3021 id
3710 2969 3806 3021 est
3848 2960 3976 3021 sin-

607 3066 871 3119 iwanum,
899 3073 1134 3118 menon
1179 3054 1408 3134 legitur
1452 3072 1466 3116 ε
1502 3055 1711 3118 Tertia
1753 3076 1900 3138 pars
1943 3068 2226 3122 vestrum
2268 3061 2382 3143 qui
2420 3062 2464 3128 C
2490 3058 2625 3139 guli
2658 3058 3062 3122 centuriones
3092 3057 3414 3138 subjectos
3446 3057 3571 3120 sibi
3602 3058 3975 3135 militeS‚vel

2494 3158 2727 3237 singuli
2761 3158 3118 3221 sacerdotes
3152 3156 3478 3219 ministros
3502 3156 3823 3219 inferioris
3844 3172 3979 3236 gra-

897 3259 1104 3315 tarum
1132 3259 1195 3315 et
1221 3251 1729 3333 janitorum,erit
1751 3253 1818 3315 in
1841 3255 2061 3335 portis.
2082 3256 2381 3330 Quolibet
2492 3257 2611 3318 dus
2654 3256 2747 3318 eis
2788 3255 3131 3337 subjectOS,
3168 3258 3284 3335 qui
3322 3257 3857 3332 ingrediebantur
3886 3258 3974 3315 ad

896 3349 1132 3413 etenim
1181 3349 1444 3412 sabbato
1491 3350 1753 3415 intravit
1801 3372 1968 3415 unus
2017 3355 2097 3417 de
2145 3355 2379 3435 viginti
2490 3357 2850 3425 sabbatum,
2878 3354 2961 3416 ad
2989 3354 3485 3416 ministrandum
3528 3353 3595 3415 in
3636 3353 3872 3435 templo
3913 3353 3977 3415 in

893 3457 1164 3529 quatuor
1193 3447 1508 3531 supremis
1537 3450 1992 3529 sacerdotibuS‚
2013 3461 2227 3516 tamen
2260 3454 2381 3517 sub
2493 3473 2609 3517 sua
2628 3454 3044 3526 hebdomada,
3064 3474 3213 3514 eum
3231 3457 3335 3514 his
3356 3455 3473 3533 qui
3489 3456 3980 3531 egrediebantur

612 4064 628 4107 1
637 4064 748 4108 Par.
759 4076 872 4106 xnu-

607 4142 718 4173 xxvi.

893 3544 1204 3627 pontifice
1243 3545 1638 3621 constitutis3
1673 3556 1736 3610 et
1773 3568 1917 3611 cum
1963 3570 2094 3614 uno
2132 3550 2245 3615 illo
2287 3551 2384 3615 in-

897 3652 1222 3706 traverunt
1251 3644 1477 3725 viginti
1504 3654 1779 3726 quatuor
1817 3650 2175 3712 sacerdotes
2221 3652 2383 3713 exsi-

896 3749 1134 3806 stentes
1193 3744 1312 3806 sub
1369 3761 1466 3819 eo,
1520 3743 1850 3825 turbaeque
1906 3746 2271 3809 Levitarum
2320 3756 2383 3812 et

895 3850 1224 3904 cantorum
1267 3860 1339 3904 ac
1378 3841 1723 3923 janitorum
1766 3844 2082 3925 deputatae
2133 3847 2378 3922 eidem3

897 3948 960 4003 et
1008 3950 1158 4003 tunc
1213 3940 1487 4022 populus
1547 3939 1864 4004 confluxit
1909 3943 1986 4005 ad
2043 3945 2377 4027 templum,

899 4048 1087 4121 prout
1133 4039 1266 4101 haec
1309 4040 1516 4121 primo
1558 4039 2082 4121 Paralipomenon
2130 4044 2383 4125 plenius

898 4137 1366 4211 describuntur,
1403 4146 1465 4200 et
1505 4137 1592 4200 ibi
1632 4140 1916 4222 exposita
1956 4149 2126 4202 sunt.
2168 4146 2381 4203 Tertia

2488 3555 2770 3624 sabbato,
2802 3571 2917 3615 suo
2945 3553 3046 3632 (ut
3075 3552 3317 3614 dictum
3352 3554 3475 3631 est)
3508 3552 3768 3634 impleto
3798 3552 3979 3615 obse-

2491 3651 2667 3732 quio,
2694 3661 3005 3712 venerunt
3035 3653 3123 3711 ad
3148 3654 3452 3713 Joiadam
3480 3654 3885 3722 sacerdotem,
3912 3650 3974 3712 id

2492 3758 2590 3811 est
2630 3748 3030 3831 pontificem,
3067 3752 3188 3829 qui
3220 3752 3400 3810 dedit
3437 3752 3527 3809 eis
3565 3771 3755 3811 arma
3780 3758 3841 3809 et
3869 3752 3979 3809 lia-

2492 3858 2623 3907 stas
2650 3850 2818 3925 reyis
2851 3850 3092 3917 David,
3121 3869 3263 3928 quae
3299 3858 3487 3909 erant
3525 3851 3595 3907 in
3639 3851 3825 3909 domo
3852 3850 3976 3909 Do-

2494 3948 2689 4015 mini,
2708 3946 2771 4008 id
2802 3954 2900 4009 est
2930 3946 2994 4007 in
3028 3946 3515 4008 armamentario
3545 3964 3582 4009 a
3612 3946 3809 4009 David
3828 3963 3978 4008 con-

2492 4048 2717 4108 stituto
2746 4045 2813 4106 in
2842 4044 3099 4126 templo,
3118 4054 3189 4107 ut
3216 4044 3524 4126 Josephus
3556 4043 3733 4121 dicit,
3760 4043 3822 4107 id
3855 4052 3972 4119 est,

2492 4144 2663 4225 quod
2694 4143 2888 4209 David
2919 4163 3035 4226 per
3066 4143 3465 4207 Salomonem
3500 4142 3647 4206 fieri
3676 4144 3887 4225 jussit,
3909 4152 3979 4205 ut

897 4246 1112 4297 autem
1132 4256 1292 4312 pars
1331 4236 1526 4298 vestri
1563 4240 1648 4297 sit
1677 4241 1766 4296 ad
1785 4248 2047 4315 portam
2080 4242 2239 4309 Sur,
2268 4260 2383 4322 per
2416 4245 2467 4306 D
2491 4243 2750 4323 quidam
2797 4251 3157 4324 exponunt3
3202 4242 3303 4305 vel
3348 4243 3538 4305 etiam
3582 4242 3778 4305 David
3829 4241 3980 4305 fecit

893 4350 1086 4415 quam
1117 4333 1577 4395 ascendebatur
1613 4334 1692 4397 de
1731 4335 1990 4398 civitate
2021 4337 2101 4398 ad
2142 4339 2381 4417 regiam

893 4433 1175 4507 domum,
1209 4432 1288 4493 ad
1319 4431 1806 4494 custodiendum
1839 4452 1919 4496 ne
1950 4452 2026 4496 ex
2057 4435 2169 4497 illa
2202 4446 2381 4517 parte

888 4529 1123 4611 aliquis
1145 4528 1512 4594 violentiam
1545 4531 1676 4608 regi
1708 4540 1817 4593 aut
1848 4532 2034 4595 nobis
2062 4544 2257 4615 queat
2288 4537 2379 4597 in-

893 4624 1093 4704 ferre3
1141 4638 1201 4689 et
1245 4630 1435 4687 tertia
1471 4647 1631 4704 pars
1667 4630 1754 4688 sit
1795 4633 1884 4689 ad
1919 4643 2202 4707 portam,
2235 4656 2379 4714 qitoe

888 4735 978 4786 est
989 4736 1133 4802 post
1152 4726 1596 4787 habitaculum
1612 4728 2038 4790 scutariorum
2059 4749 2377 4813 :quorum

891 4821 1186 4885 officium
1217 4831 1352 4885 erat
1382 4822 1482 4885 vel
1516 4820 1723 4886 facere
1754 4834 1952 4903 scuta,
1971 4836 2079 4889 aut
2106 4839 2255 4893 ante
2286 4852 2378 4895 re-

889 4938 1035 5001 gem
1083 4940 1156 4983 ea
1203 4928 1501 5003 portare3
1551 4932 1610 4983 et
1658 4928 2024 4985 custodietis
2071 4932 2376 4991 excubias

887 5021 1114 5080 domus
1145 5022 1373 5090 Messa,
1409 5018 1472 5080 id
1511 5028 1606 5082 est
1644 5023 1976 5085 custodum
2014 5026 2179 5106 regis
2212 5045 2225 5088 ε
2262 5048 2376 5110 per

887 5136 1082 5199 quam
1111 5118 1370 5180 domum
1403 5136 1514 5181 seu
1547 5128 1794 5200 portam
1814 5123 2273 5187 ascendebatur
2296 5129 2375 5190 de

891 5215 1124 5295 palatio
1157 5213 1320 5297 regis
1353 5214 1420 5277 in
1453 5216 1783 5297 templum.
1805 5222 1966 5281 Duae
1987 5243 2131 5282 vero
2155 5236 2374 5300 parces

887 5334 922 5371 e
955 5315 1148 5383 vobis,
1175 5312 1474 5377 videlieet
1501 5336 1714 5376 omnes
1741 5323 2034 5393 eqredien
2045 5332 2129 5383 tes
2158 5327 2377 5385 sabba-

2494 4340 2729 4402 ibidem
2762 4341 3045 4423 aliquam
3076 4340 3335 4403 domum
3375 4360 3719 4404 armorum.
3754 4342 3841 4402 Et
3866 4352 3981 4402 ste*

2494 4448 2708 4501 terunt
2754 4441 3008 4516 sinyuti
3050 4439 3406 4501 sacerdotes
3454 4443 3750 4501 habentes
3791 4460 3977 4501 arma

2493 4540 2563 4598 in
2587 4559 2788 4599 manu
2804 4560 2949 4610 sua,
2968 4539 3095 4601 imo
3126 4546 3189 4599 et
3214 4538 3461 4617 gladios
3490 4538 3879 4618 evaginatos,
3900 4546 3971 4599 ut

2485 4636 2797 4717 Iosephus
2827 4636 3083 4713 addit,a
3106 4646 3294 4713 parte
3325 4639 3551 4713 templi
3576 4640 3845 4697 dextera
3878 4657 3975 4697 us-

2487 4754 2610 4814 que
2636 4738 2723 4795 ad
2746 4746 3003 4812 partem
3039 4737 3381 4795 sinistram
3422 4738 3652 4797 altaris
3696 4745 3755 4797 et
3794 4738 3974 4805 oedis,

2488 4832 2552 4895 id
2584 4842 2679 4895 est
2711 4833 2776 4895 in
2807 4832 3105 4896 exteriori
3124 4842 3304 4914 parte
3326 4833 3570 4916 templi,
3591 4833 3657 4895 in
3678 4852 3809 4915 qua
3838 4841 3971 4896 erat

2486 4932 2684 4995 altare
2723 4932 2969 4995 incensi
3008 4952 3121 5014 per
3160 4950 3407 5014 gyrum,
3444 4940 3827 5014 occupantes
3859 4950 3972 5014 per

2486 5029 2775 5092 ordinem
2807 5030 3085 5113 spatium
3115 5029 3276 5092 illud
3305 5050 3507 5112 usque
3538 5032 3615 5093 ad
3648 5030 3969 5093 sinistram

2486 5127 2703 5191 altaris
2734 5149 2807 5191 ac
2837 5129 2989 5191 aedis
3021 5148 3132 5191 seu
3165 5130 3408 5211 templi,
3442 5140 3501 5190 et
3530 5133 3703 5190 circa
3737 5150 3967 5206 reyem.

2566 5230 3019 5307 Produxitque
3045 5229 3265 5305 filium
3300 5230 3494 5305 reyis,
3522 5238 3583 5289 et
3618 5230 3835 5307 posuit
3873 5248 3973 5287 su-

2478 5346 2599 5403 per
2636 5344 2784 5386 eum
2818 5328 3127 5387 diadema
3172 5337 3233 5387 et
3284 5328 3740 5387 testimonium.
3788 5330 3969 5389 Fece-
