4309 6259
969 512 1319 562 ENARRATIO
1360 515 1422 560 ιΝ
1465 515 1600 561 ω.
1649 515 1710 560 v1
1752 515 1909 562 unm
1951 516 2176 571 omum
2216 518 2441 566 aecum.
2486 540 2565 549 —-
2606 520 2751 567 aar.
2798 520 2860 567 ιχ
3379 504 3458 569 38

359 702 502 745 eum
535 684 854 763 occidere,
876 696 938 747 et
965 688 1186 764 filium
1215 708 1432 747 meum
1459 692 1856 749 comedemus
1885 686 1936 749 A
1965 697 2378 769 aspernanter
2408 690 2656 754 locutus
2678 701 2774 755 est
2801 693 2881 756 de
2899 693 3107 756 Joram
3138 703 3201 757 et
3229 694 3450 759 Achab

355 803 518 845 cras.
548 787 858 847 Cooeimus
887 806 1034 863 erqo
1061 789 1282 863 fitium
1311 808 1548 858 meum,
1569 797 1628 847 et
1658 808 1856 849 come-

353 885 593 944 dimus.
633 886 924 963 Divique
961 888 1023 945 ei
1065 889 1272 946 altera
1309 888 1418 946 die
1447 907 1470 945 .·
1502 890 1601 946 Da
1630 889 1852 965 filium

354 991 564 1051 tau-m,
589 992 662 1043 ut
689 987 1100 1045 comedamus
1138 1004 1310 1045 eum.
1339 988 1493 1054 Quoe
1522 987 1852 1045 abscondit

344 1082 566 1155 fitium
625 1102 856 1152 suum,
905 1090 1126 1145 contra
1173 1082 1570 1159 condictum,
1629 1084 1848 1146 volens

346 1196 490 1240 eum
523 1180 721 1242 morti
753 1180 1148 1259 subtrahere,
1181 1191 1292 1244 aut
1331 1182 1465 1245 sola
1500 1181 1714 1245 forsan
1747 1201 1850 1245 co-

347 1278 626 1341 medere.

435 1380 623 1446 Quod
667 1399 874 1457 quum
915 1381 1201 1441 audisset
1243 1402 1387 1449 rem,
1421 1382 1615 1441 scidit
1659 1382 1846 1440 vesti-

343 1486 562 1537 menta
614 1498 765 1545 sua,
827 1496 902 1539 ex
955 1478 1318 1542 vehementi
1377 1478 1616 1553 dolore,
1671 1477 1843 1559 quod

341 1581 516 1636 tanta
545 1582 719 1637 essct
750 1576 816 1637 in
849 1576 1006 1638 urbe
1035 1584 1100 1639 et
1128 1576 1318 1659 plebe
1348 1595 1463 1638 sua
1483 1575 1761 1651 caristia,
1781 1582 1844 1638 et

339 1674 510 1753 quod
545 1681 676 1735 tam
708 1674 1135 1737 inhumanum
1181 1675 1388 1738 scelus
1426 1673 1694 1754 contigit
1723 1673 1838 1749 ibi,

337 1782 396 1831 et
435 1774 756 1834 transivit
799 1794 919 1853 per
967 1795 1255 1836 murum.
1288 1776 1589 1853 Viditqae
1631 1774 1844 1834 omnis

1967 805 2091 849 non
2123 807 2201 850 ex
2231 788 2528 866 elatione,
2562 790 2671 853 sed
2713 790 2848 854 zelo
2884 790 3149 872 justitiae
3189 802 3451 875 propter

1963 885 2217 949 illorum
2280 886 2567 951 facinora
2604 912 2619 962 3
2682 900 2755 950 ut
2804 894 3211 967 prcecidatur
3256 903 3450 970 caput

1961 1004 2173 1046 meum
2189 988 2219 1047 ἒ
2260 988 2471 1048 Videte
2490 1007 2638 1063 erqo
2658 1009 2858 1068 quum
2890 993 3135 1051 venerit
3156 993 3447 1059 nuntius.

1958 1083 2258 1147 videlicet
2279 1084 2611 1167 spiculator
2632 1087 2710 1149 ad
2725 1087 3165 1150 decollandum
3185 1108 3289 1152 me
3308 1088 3449 1151 mis-

1959 1199 2088 1259 ευε,
2123 1186 2408 1244 claudite
2441 1186 2703 1255 ostium,
2744 1195 2803 1246 et
2848 1207 2977 1247 non
3025 1188 3260 1248 sinatis
3302 1208 3449 1249 eum

1960 1282 2253 1342 introire.
2290 1282 2425 1345 Non
2456 1300 2531 1345 ex
2566 1283 2927 1347 inordinato
2958 1285 3181 1347 mortis
3222 1284 3448 1349 timore

1960 1379 2120 1442 dixit
2168 1381 2289 1444 hoc
2336 1381 2605 1459 EliseuS,
2640 1384 2750 1445 sed
2798 1384 3105 1465 quoniam
3153 1384 3287 1449 vita
3334 1404 3451 1448 sua

1959 1479 2166 1542 adhuc
2198 1488 2327 1542 tam
2361 1481 2717 1545 necessaria
2748 1480 2874 1544 fuit
2903 1482 3447 1561 communitati,et

1959 1586 2217 1660 propter
2262 1578 2324 1640 id
2368 1581 2538 1661 quod
2584 1579 2881 1642 subditur
2922 1598 2936 1643 ε
2981 1602 3115 1642 ecce
3150 1585 3325 1643 enim
3356 1604 3451 1643 so-

1958 1678 2138 1736 nitus
2168 1681 2411 1754 pedam
2440 1681 2693 1739 domini
2720 1681 2859 1755 ejus
2886 1690 3027 1757 post
3060 1701 3209 1742 eum
3238 1692 3351 1749 cst,
3384 1680 3448 1743 id

1957 1782 2073 1851 cst,
2112 1794 2219 1838 rex
2250 1794 2395 1839 mox
2426 1777 2716 1858 sequitur
2746 1796 2917 1840 eum.
2942 1778 3245 1841 Poenituit
3275 1777 3446 1841 enim

329 1875 620 1947 pop-ulus
667 1871 760 1934 ibi
807 1890 1086 1955 praesens
1124 1875 1445 1941 cilicium,
1493 1893 1616 1953 quo
1659 1875 1844 1933 vesti-
1883 1870 1928 1932 B
1952 1873 2161 1936 Joram
2183 1875 2262 1938 de
2295 1874 2402 1937 illa
2426 1876 2897 1953 commissione,
2924 1876 3066 1940 ideo
3086 1877 3291 1939 voluit
3324 1878 3450 1959 spi-

337 1980 440 2030 tus
463 1981 608 2031 erat
639 1992 758 2031 rex
790 1974 874 2031 ad
905 1992 1165 2033 carnem
1199 1990 1380 2034 suam
1417 1973 1836 2042 intrinseca&

337 2068 400 2130 id
430 2076 530 2131 est
572 2088 770 2151 super
815 2071 1059 2132 nudum
1091 2087 1345 2152 corpuS‚
1389 2071 1558 2151 quod
1599 2069 1840 2132 afflixit

335 2167 686 2249 asperitate
716 2167 939 2245 cilicii,
975 2177 1045 2230 ut
1090 2168 1596 2231 misericordiam
1644 2168 1843 2251 impe-

339 2274 536 2329 traret
591 2286 628 2328 a
683 2266 972 2330 Domino.
1022 2266 1230 2330 Coluit
1277 2266 1448 2329 enim
1504 2267 1842 2331 Dominum

341 2384 642 2428 unacum
673 2366 885 2429 aureis
917 2364 1137 2429 vitulis
1171 2383 1185 2427 :
1222 2366 1444 2447 sicque
1475 2365 1843 2428 imitabatur

61 2476 308 2567 {naam
341 2463 562 2527 Achab
593 2472 846 2546 patrem
871 2484 1081 2541 suum,
1116 2464 1229 2545 qui
1261 2464 1477 2527 audita
1505 2464 1845 2527 commina-

341 2562 518 2626 tione
549 2562 731 2640 Eliae,
765 2562 956 2625 scidit
985 2571 1228 2628 vestem
1261 2582 1462 2639 suam,
1497 2572 1562 2626 et
1590 2563 1844 2645 operuit

336 2662 556 2725 cilicio
585 2680 848 2724 carnem
887 2681 1090 2739 suam,
1122 2661 1568 2744 Jejunavitque
1607 2670 1670 2725 et
1701 2663 1843 2724 dor-

336 2760 524 2823 mivit
557 2761 628 2823 in
661 2779 868 2837 saccO,
889 2768 958 2823 ut
986 2760 1192 2842 patuit
1211 2780 1406 2843 supra
1434 2760 1597 2823 libro
1628 2760 1838 2823 tertie.

337 2864 426 2923 Et
455 2864 556 2921 ait
585 2881 750 2921 rex:
781 2862 938 2922 Hoec
963 2862 1172 2936 faciat
1203 2860 1369 2920 milli
1400 2862 1597 2929 Deus,
1617 2870 1678 2920 et
1710 2860 1844 2921 hoec

333 2963 572 3031 addat,
601 2962 664 3019 si
690 2960 934 3019 steterit
963 2968 1159 3035 caput
1187 2960 1395 3019 Elisei
1421 2960 1557 3036 filii
1587 2959 1840 3035 Sapkat

1950 1972 2299 2036 culatorem
2358 1974 2437 2037 de
2495 1975 2903 2037 exsecutione
2956 1976 3330 2057 prohibere3
3384 1985 3449 2039 et

1951 2072 2243 2152 quamvis
2274 2079 2513 2135 temere
2562 2072 2623 2135 id
2671 2074 2930 2154 juravit,
2968 2082 3178 2136 tamen
3216 2093 3291 2135 ex
3322 2074 3447 2136 dis-

1951 2169 2235 2232 cretione
2265 2170 2469 2233 voluit
2501 2190 2814 2246 revocare,
2852 2179 2915 2234 et
2947 2170 3027 2233 ab
3059 2170 3269 2234 Eliseo
3300 2190 3447 2235 con-

1953 2268 2169 2330 silium
2206 2269 2639 2351 auxiliumque
2679 2271 3041 2352 deposcere.
3066 2272 3303 2332 Adhuc
3328 2272 3443 2330 illo

1955 2372 2245 2446 loquente
2272 2371 2387 2439 eis,
2420 2372 2731 2447 apparuit
2772 2372 3047 2429 nuntius
3085 2371 3202 2449 qui
3232 2372 3445 2429 venie-

1951 2470 2057 2528 bat
2087 2470 2176 2527 ad
2194 2478 2439 2538 eam,et
2479 2471 2574 2528 ait
2607 2449 2713 2529 rei
2743 2467 2842 2530 vel
2878 2467 3141 2529 nuntius
3164 2487 3239 2531 ex
3260 2476 3440 2550 parte

1954 2565 2119 2645 regis
2155 2583 2169 2627 ε
2212 2570 2366 2628 Ecce
2398 2576 2647 2628 tantum
2682 2570 2930 2627 malum
2959 2588 3001 2627 a
3021 2569 3298 2627 Domino
3326 2577 3439 2641 est,

1953 2662 2016 2724 id
2049 2671 2167 2739 est,
2200 2672 2375 2725 tanta
2418 2663 2785 2738 adversitaS,
2820 2662 2922 2725 vel
2962 2662 3155 2725 etiam
3194 2672 3441 2725 tantum

1951 2761 2218 2837 crimen,
2253 2762 2498 2825 scilicet
2522 2760 2887 2825 interfectio
2919 2770 3108 2844 atque
3138 2762 3441 2825 comestio

1951 2860 2195 2942 proprii
2224 2860 2371 2939 filii,
2388 2880 2425 2923 a
2445 2862 2570 2923 Deo
2592 2860 2823 2923 accidit
2845 2860 3243 2941 permissive.
3267 2863 3441 2931 Quid

1949 2960 2235 3037 amplius
2276 2961 2641 3036 exspectabo
2682 2979 2723 3019 a
2753 2960 3028 3019 Domino
3051 2961 3081 3019 ?
3118 2958 3302 3039 quasi
3346 2960 3441 3021 di-

331 3078 531 3137 super
553 3060 804 3137 ipsum,
837 3056 900 3119 id
933 3064 1029 3120 θεῖ
1059 3075 1251 3139 super
1281 3057 1594 3137 reliquam
1625 3075 1840 3139 corpo-
1869 3062 1914 3127 C
1950 3064 2050 3119 cat
2085 3074 2098 3119 τ
2135 3057 2270 3119 Non
2300 3066 2507 3139 potest
2538 3056 2697 3119 mihi
2743 3056 2926 3138 pejus
2959 3058 3318 3134 succedere,
3353 3057 3441 3119 ita

333 3160 426 3221 ris
456 3156 560 3219 sui
583 3165 857 3238 partem,
883 3158 1093 3228 hodie,
1113 3156 1178 3218 id
1207 3165 1301 3219 θεῖ
1325 3175 1440 3237 per
1458 3164 1654 3218 totam
1675 3156 1840 3219 banc

328 3257 508 3320 diem
543 3274 559 3319 :
596 3256 720 3318 hoc
753 3264 873 3332 est,
907 3255 1034 3316 nisi
1066 3254 1256 3317 hodie
1288 3254 1500 3317 fecero
1541 3274 1688 3317 eum
1729 3256 1836 3318 de-

328 3354 630 3437 capitari,
657 3354 823 3416 Deus
855 3372 956 3415 me
987 3352 1233 3436 puniat,
1252 3360 1316 3415 et
1343 3371 1549 3434 poenae
1580 3370 1836 3435 poenam

329 3454 625 3536 adjiciat.
661 3452 790 3515 Hoc
819 3452 1080 3534 juravit,
1115 3451 1215 3515 vel
1248 3451 1403 3534 quia
1431 3452 1682 3533 putavit
1711 3452 1839 3513 Eli-

329 3572 518 3616 seum
550 3552 930 3633 impetrasse
947 3551 1110 3615 hane
1133 3551 1354 3633 populi
1386 3550 1830 3629 afflictionem,

329 3652 682 3715 Dominum
713 3650 1030 3713 exorando
1061 3650 1128 3711 in
1160 3649 1469 3712 ultionem
1492 3649 1833 3712 criminum

61 3766 298 3818 mama.
329 3750 588 3834 populi,
623 3749 793 3813 sicut
829 3748 998 3811 Elias
1048 3748 1413 3830 impetravit
1464 3749 1828 3830 pluviarum

327 3848 886 3920 subtractionem3
921 3847 1023 3910 vel
1063 3847 1217 3929 quia
1263 3846 1397 3909 suis
1437 3847 1832 3910 orationibus

325 3967 462 4012 non
524 3946 898 4029 impetravit
955 3946 1315 4010 relevamen
1376 3964 1415 4006 a
1465 3946 1659 4008 tantis
1719 3945 1835 4007 mi-

323 4046 540 4111 seriis,

405 4148 670 4207 Eliseus
699 4152 920 4205 autem
955 4146 1206 4203 sedebat
1246 4146 1318 4202 in
1357 4146 1544 4204 domo
1581 4164 1724 4215 sua,
1762 4144 1830 4205 in

1949 3164 2016 3218 ut
2046 3156 2405 3238 desperatio
2446 3164 2658 3237 posset
2701 3174 2803 3218 me
2841 3156 2919 3218 ad
2964 3173 3153 3219 omne
3194 3156 3439 3219 crimen

1949 3255 2367 3337 praecipitare.

2025 3354 2210 3415 Juxta
2238 3353 2577 3434 mysticum
2608 3370 2887 3429 sensum,
2914 3352 3178 3430 securiS‚
3207 3372 3333 3434 qua
3365 3354 3439 3415 li-
3509 3377 3671 3421 sm„

1945 3468 2071 3531 gna
2098 3452 2177 3513 ad
2208 3450 2661 3514 aedificandum
2693 3451 3145 3532 praeciduntur,
3182 3460 3279 3515 est
3310 3472 3440 3515 ser·
3466 3444 3687 3497 mysticus-

1947 3567 2050 3612 mo
2080 3550 2361 3627 divinus,
2395 3567 2523 3631 quo
2554 3550 2845 3613 homines
2876 3557 3351 3627 convertuntur,
3377 3558 3441 3614 θῖ

1947 3648 2169 3711 relicta
2210 3648 2508 3725 vanitate,
2550 3647 2799 3712 Christo
2836 3668 2909 3711 ac
2958 3648 3098 3729 ejus
3140 3649 3439 3714 Ecclesiae

1947 3747 2455 3829 incorporantur.
2518 3746 2694 3809 Unde
2752 3746 3156 3809 beatissimus
3203 3747 3437 3811 Christi

1944 3863 2298 3926 praecursor
2333 3862 2346 3906 :
2379 3844 2514 3907 Jam
2550 3844 2817 3926 (inquit)
2861 3845 3101 3908 securis
3144 3846 3221 3907 ad
3270 3846 3436 3908 radi·
3486 3869 3727 3923 uanam,

1943 3964 2080 4007 cem
2112 3943 2358 4007 arboris
2386 3942 2596 4025 posita
2636 3950 2752 4005 est.
2786 3942 2987 4023 Hujus
3028 3943 3268 4005 securis
3310 3942 3435 4007 fer-
3466 3934 3529 3974 ¹⁰·

1944 4049 2198 4117 rum,est
2217 4040 2626 4104 comminatio
2647 4039 2850 4103 divini
2869 4040 3096 4120 judicii
3118 4060 3191 4103 ac
3210 4041 3431 4103 aeterni

1942 4139 2265 4221 supplicii.
2302 4138 2696 4201 Manubrium
2748 4156 2920 4214 vero,
2954 4146 3050 4200 est
3080 4138 3435 4202 consolatio

315 4264 454 4328 qua
481 4242 790 4307 Samariae
819 4241 1208 4317 morabatur,
1242 4250 1301 4301 et
1329 4260 1504 4301 senes
1531 4244 1828 4304 sedebant
1861 4246 1910 4307 D
1938 4249 2341 4316 aeternorum,
2376 4257 2649 4322 spesque
2694 4237 3127 4320 praemiorum,
3164 4256 3307 4319 quae
3346 4246 3437 4301 te-

315 4365 547 4405 coram
574 4362 646 4402 eo
669 4363 692 4401 .·
713 4359 876 4422 quos
895 4340 1205 4421 Iosephus
1227 4346 1410 4401 vocat
1430 4339 1784 4422 discipulos
1808 4364 1823 4415 ς

311 4444 548 4524 sicque
577 4439 898 4522 sapientia
930 4447 994 4502 et
1033 4438 1396 4501 maturitate
1433 4457 1682 4501 morum
1731 4438 1830 4501 fu-

311 4550 504 4605 erant
533 4557 749 4614 εθιιθε,
782 4544 966 4600 aetate
992 4555 1249 4618 quoque
1280 4536 1540 4617 quidam
1577 4555 1822 4599 eorum.

313 4639 664 4703 Praemisit
703 4638 926 4715 itaque
956 4638 1200 4705 viram,
1232 4635 1297 4697 id
1341 4642 1457 4710 θεῖ,
1495 4653 1602 4697 rex
1645 4635 1828 4698 misit

314 4746 470 4800 ante
499 4756 573 4799 se
593 4734 1088 4817 spiculatorem3
1121 4743 1180 4794 et
1198 4743 1548 4814 antequam
1579 4736 1826 4795 veniret

315 4838 606 4898 nuntius
637 4836 754 4895 ille
781 4852 986 4914 usque
1015 4833 1095 4894 ad
1113 4832 1375 4895 domum
1409 4831 1622 4908 Elisei,
1647 4834 1828 4893 dia-it

317 4935 577 4998 Eliseus
599 4936 690 4995 ad
715 4953 894 4993 senes
923 4951 945 4991 .·
975 4930 1108 5013 jam
1127 4930 1300 4993 enim
1325 4929 1669 4995 revelatum
1701 4930 1826 4994 sibi

321 5034 452 5097 fuit
476 5053 517 5096 a
551 5031 824 5095 Domino
859 5048 874 5091 ε
909 5031 1257 5109 Numquid
1283 5030 1482 5101 scitis,
1517 5032 1687 5109 qaod
1717 5033 1830 5091 mi-

317 5136 484 5194 serit
521 5134 711 5209 filias
753 5132 1096 5191 homicida?
1142 5130 1292 5199 huc,
1331 5127 1576 5191 scilicet
1614 5128 1822 5191 Joram

91 5246 188 5291 naa
207 5264 286 5300 m.
321 5252 436 5295 rex
467 5229 656 5293 filius
687 5228 894 5311 ipsius
925 5228 1159 5304 Achab,
1180 5226 1294 5308 qui
1324 5226 1390 5288 in
1422 5233 1688 5289 mortem
1721 5226 1832 5289 Na-

59 5310 156 5356 3-16.

317 5330 480 5395 both
508 5327 844 5393 consensit
871 5326 1093 5408 inique
1129 5342 1144 5387 z
1179 5326 1400 5407 sicque
1430 5324 1676 5388 Eliseus
1697 5334 1828 5388 tam

1939 4348 2046 4402 net
2075 4348 2443 4421 operantem
2478 4338 2545 4400 in
2578 4356 2771 4420 opere
2800 4337 2968 4401 bono
2994 4355 3009 4399 ε
3034 4337 3189 4420 quia
3214 4338 3315 4418 (ut
3346 4337 3435 4400 ait

1937 4437 2305 4519 Apostolus)
2343 4437 2531 4500 debet
2575 4436 2642 4498 in
2687 4455 2820 4518 spe,
2858 4436 2967 4518 qui
3011 4444 3167 4513 arat,
3218 4454 3427 4500 arare.
3462 4450 3511 4560 ¹(1,
3527 4454 3711 4503 canu,

1937 4536 2064 4599 Hoc
2108 4535 2349 4598 ferrum
2388 4537 2558 4599 cadit
2606 4535 2672 4597 in
2711 4552 2941 4616 aquam
2981 4543 3045 4598 et
3093 4535 3425 4617 mergitur,

1935 4636 2089 4697 dum
2128 4634 2502 4716 praedicator
2528 4636 2607 4698 de
2650 4633 3261 4697 comminationibus
3310 4642 3434 4697 tor-

1937 4742 2297 4797 mentorum
2348 4741 2409 4797 et
2458 4733 2666 4813 rigore
2714 4732 2951 4797 divinae
2999 4733 3265 4815 justitiae
3314 4734 3435 4796 im-

1937 4833 2259 4895 moderate
2308 4830 2792 4909 sermocinatur,
2844 4850 2971 4895 non
3022 4830 3433 4895 admiscendo

1935 4931 2360 4994 consolatoria
2389 4930 2583 4994 verba
2616 4948 2630 4993 ε
2665 4928 2927 5012 proptor
2963 4930 3134 5010 quod
3168 4930 3433 4993 audien-

1937 5038 2030 5092 tes
2061 5030 2263 5111 magis
2293 5030 2370 5091 ad
2402 5030 2743 5110 quamdam
2771 5027 3283 5110 desperationem
3320 5046 3433 5091 seu

1937 5128 2397 5191 desolationem
2445 5136 2507 5191 et
2556 5125 3179 5209 pusillanimitatem,
3234 5145 3427 5207 quam

1936 5228 2015 5290 ad
2047 5227 2445 5308 spiritualem
2478 5225 2833 5310 profectum
2866 5233 3226 5288 moventur.
3252 5224 3431 5299 Quod

1937 5324 2221 5388 sentiens
2259 5325 2654 5406 praedicator,
2689 5323 2921 5385 clamat
2960 5322 3037 5385 ad
3082 5320 3425 5402 Christum,
