4309 6259
149 1400 235 1442 Aet.
250 1413 298 1441 xv

1179 519 1528 567 munuum
1569 520 1631 564 IN
1673 520 1810 565 cAP.
1859 518 1961 565 xlv
2000 518 2127 565 1013.
2171 536 2253 547 ·-·
2293 518 2439 565 ART.
2484 519 2680 565 xxxl‘u

3347 496 3467 559 505

372 694 586 774 primo
606 713 740 756 suae
760 693 1116 757 nativitatis
1135 711 1354 756 mense
1377 692 1706 755 decedant.
1725 693 1874 753 Con·
1901 690 1954 753 A
1982 699 2301 770 gravetur,
2334 691 2435 756 vel
2468 710 2583 774 per
2610 689 3073 773 impatientiam
3105 694 3267 750 ruat.
3290 686 3468 749 Unde

371 793 652 853 stilai-'sti
715 795 1016 854 terminos
1066 795 1232 870 ejus,
1279 792 1345 854 id
1403 800 1518 869 est,
1573 791 1870 854 ultimum

373 892 544 953 diem
596 910 730 954 suae
778 891 948 968 vitae,
998 899 1061 955 et
1109 890 1399 953 ultimam
1449 891 1692 965 horam,
1744 888 1872 951 imo

374 989 677 1052 ultimum
728 990 1071 1067 minutum,
1114 989 1544 1070 ultimumque
1590 1006 1874 1051 momen-

375 1097 538 1157 tum,
573 1108 703 1170 quo
743 1088 1190 1171 unusquisque
1223 1088 1382 1152 vivit
1411 1089 1478 1149 in
1508 1088 1768 1164 mundo,
1804 1095 1871 1149 tu

371 1190 442 1264 (ο
471 1189 668 1269 Deus)
699 1188 764 1249 in
809 1196 917 1250 tua
952 1188 1270 1270 >sapientia
1309 1186 1682 1269 praevidisti,
1717 1206 1873 1269 prae-

373 1287 718 1363 ordinasti,
765 1294 829 1349 et
877 1286 1213 1369 praefixisti
1269 1304 1282 1348 :
1339 1286 1872 1366 quemadmodum

299 1413 342 1448 ιι,
375 1388 444 1449 in
469 1386 641 1448 Actis
674 1386 960 1467 loquitur
986 1385 1421 1462 PauluS,Deus
1455 1383 1608 1447 fecit
1637 1404 1712 1447 ex
1745 1402 1872 1447 uno

373 1484 641 1547 homine
670 1503 862 1547 omne
892 1485 1245 1546 humanum
1278 1501 1479 1563 genus
1515 1482 1874 1545 inhabitare

371 1601 570 1664 super
619 1582 983 1645 universam
1034 1581 1264 1644 faciem
1315 1590 1518 1659 terrae,
1552 1580 1872 1644 definiens

370 1688 615 1743 statuta
665 1690 952 1763 tempora
994 1689 1058 1743 et
1106 1680 1410 1744 terminos
1458 1680 1871 1743 habitationis

367 1798 620 1843 eorum.

1986 810 2111 855 non
2146 799 2283 854 orat
2321 800 2392 854 ut
2428 791 2707 854 totaliter
2738 789 2830 852 sic
2858 789 3129 865 recedat,
3164 788 3273 849 scd
3316 805 3470 868 pau-

1984 890 2188 952 lulum
2226 908 2239 953 :
2273 891 2577 971 quoniam
2606 890 2928 953 moderata
2955 886 3303 951 adversitas
3334 885 3469 949 sive

1983 988 2260 1052 afflictio
2308 990 2602 1071 perutilis
2652 997 2769 1065 est,
2820 996 2883 1051 et
2926 1007 2963 1049 a
3011 986 3230 1049 multis
3284 983 3468 1047 malis

1985 1107 2401 1170 praeservans,
2434 1089 2693 1171 Propter
2721 1088 2889 1168 quod
2920 1085 3221 1150 Jeremias
3258 1083 3414 1147 dicit
3449 1099 3463 1143 τ

1984 1187 2245 1269 Corripe
2294 1207 2417 1264 me,
2450 1187 2753 1263 Domine3
2793 1192 3231 1249 verumtamen
3272 1183 3339 1245 in
3372 1184 3471 1263 ju—

1986 1285 2177 1363 dici0,
2220 1295 2283 1348 et
2332 1306 2459 1349 non
2512 1286 2576 1348 in
2631 1285 2843 1348 furore
2892 1293 3020 1360 tuo,
3054 1302 3135 1345 ne
3180 1281 3344 1345 forte
3390 1282 3468 1344 ad

1985 1386 2261 1447 nibilum
2295 1386 2539 1466 redigas
2572 1385 2782 1447 me.In
2802 1382 3181 1466 Apocalypsi
3212 1400 3469 1463 quoque

1983 1484 2289 1547 Dominus
2337 1492 2725 1567 protestatur
2758 1501 2771 1545 :
2807 1483 2935 1563 Ego
2980 1500 3135 1562 quos
3177 1499 3343 1557 amo,
3377 1498 3471 1542 ar-

1982 1602 2107 1664 guo
2137 1592 2202 1647 et
2229 1584 2490 1664 castigo.
2509 1583 2667 1646 Hinc
2695 1601 2886 1664 supra
2917 1581 3187 1644 habetur
3210 1598 3223 1642 :
3248 1580 3471 1643 Beatus

1985 1684 2096 1764 qui
2145 1682 2487 1766 corripitur
2532 1702 2568 1743 a
2618 1682 2907 1745 Domino.
2941 1680 3252 1757 Secunde,
3285 1698 3475 1761 expo-

1985 1783 2160 1844 nitur
2187 1784 2364 1864 juxta
2397 1782 2726 1844 Thomam.
2749 1784 2989 1843 Recede
3011 1783 3367 1858 paululum
3393 1781 3473 1839 ab

399 1942 414 1953 ,
441 1881 568 1947 Qui
581 1880 919 1957 praeteriri
937 1898 1068 1939 non
1079 1888 1403 1955 poterunt,
1420 1878 1484 1940 id
1505 1876 1866 1954 estvariari‚
1909 1880 1956 1941 B
1983 1902 2074 1953 e0,
2106 1882 2171 1943 id
2220 1890 2335 1959 est,
2384 1882 2532 1945 vitae
2578 1879 3125 1944 conversationem
3178 1878 3473 1941 abstrahe

365 1977 706 2053 minorari,
749 1996 863 2040 seu
887 1976 1282 2058 prolongari,
1320 1977 1672 2039 secundum
1703 1976 1871 2057 quod
1983 1980 2064 2057 ei,
2101 1988 2164 2043 et
2208 1980 2371 2043 mori
2420 1999 2566 2043 eum
2611 1978 2929 2061 permitte,
2966 1979 3373 2057 acquiescat,
3407 1977 3471 2038 id

368 2077 612 2139 cadunt
661 2075 784 2138 sub
827 2075 1145 2138 immobili
1189 2084 1252 2137 et
1293 2074 1623 2137 infallibili
1664 2074 1876 2157 provi·
1984 2087 2098 2155 est,
2133 2097 2247 2160 per
2293 2086 2561 2141 mortem
2609 2076 2987 2153 obdormiat,
3021 2084 3083 2139 et
3112 2094 3147 2136 a
3178 2075 3324 2138 vitae
3354 2076 3473 2137 hu-

367 2175 589 2237 dentia
612 2174 741 2251 Dei,
757 2175 937 2256 cujus
959 2182 1250 2257 respectu
1273 2193 1384 2237 seu
1407 2173 1874 2256 comparatione
1979 2178 2084 2260 jus
2114 2177 2441 2240 doloribus
2474 2177 2637 2240 liber
2674 2176 2777 2238 sit.
2814 2175 2989 2239 Sicut
3026 2175 3197 2237 enim
3238 2175 3329 2238 sol
3374 2182 3471 2237 est

367 2272 591 2335 omnia
624 2280 1220 2354 quantumcumque
1247 2271 1604 2347 mutabilia,
1631 2291 1874 2335 succes-

369 2371 533 2449 siva,
555 2371 826 2448 incerta,
849 2369 1313 2436 invariabiliter
1342 2378 1404 2433 et
1444 2368 1873 2432 infallibiliter

370 2478 876 2550 cognoscuntur,
901 2469 1030 2532 imo
1060 2478 1123 2533 et
1153 2477 1322 2533 certe
1352 2469 1756 2551 proveniunt.
1781 2468 1876 2531 Di-

369 2569 522 2631 vina
555 2586 790 2650 nempe
821 2568 1223 2650 providentia
1260 2568 1706 2650 complectitur
1733 2568 1875 2630 uni-

367 2687 579 2745 versa,
632 2675 860 2749 estque
909 2675 1120 2730 certus
1175 2667 1330 2731 ordo
1377 2686 1710 2730 causarum
1759 2686 1874 2749 per

367 2766 920 2849 comparationem
951 2766 1029 2828 ad
1062 2784 1224 2828 eam.
1261 2766 1472 2829 Nihilo
1515 2765 1729 2827 minus
1775 2784 1874 2828 res

363 2865 624 2947 aliquae,
652 2885 769 2947 per
788 2864 1330 2947 comparationem
1351 2866 1428 2927 ad
1450 2864 1754 2947 proprias,
1775 2884 1876 2927 na-

368 2964 612 3027 turales
643 2972 708 3027 et
737 2963 1137 3027 immediatas
1170 2983 1414 3041 causati,
1435 2964 1874 3043 contingentes

1983 2296 2171 2339 causa
2210 2275 2359 2354 diei,
2394 2276 2486 2339 sic
2522 2276 2685 2338 Deus
2725 2265 2821 2337 es't
2848 2281 3069 2337 auctor
3097 2273 3267 2336 vitae.
3301 2273 3467 2349 Ideo,

1984 2375 2150 2437 sicut
2197 2374 2330 2438 sole
2378 2375 2713 2437 recedente
2755 2373 2891 2435 dies
2929 2371 3180 2449 finitur,
3214 2370 3306 2434 sic
3344 2371 3472 2434 Deo

1983 2471 2483 2538 conversationis
2514 2471 2921 2535 influentiam
2949 2470 3373 2547 abstrahente,
3386 2469 3475 2533 vi-

1983 2582 2044 2635 ta
2074 2571 2354 2635 hominis
2382 2571 2780 2634 terminatur.
2800 2571 3031 2652 Sicque
3058 2570 3174 2633 Job
3202 2577 3471 2633 mortem

1982 2680 2279 2754 precatur
2323 2670 2569 2735 homini
2606 2690 2642 2732 a
2683 2671 2809 2733 Deo
2859 2668 3085 2732 inferri
3132 2689 3207 2733 eo
3256 2670 3466 2746 mod0,

1984 2788 2112 2851 quo
2151 2788 2342 2851 supra
2382 2768 2752 2851 frequenter
2790 2768 2996 2831 oravit
3034 2787 3101 2831 se
3126 2786 3163 2829 a
3193 2767 3323 2831 vita
3352 2768 3471 2830 bac

1986 2867 2146 2944 tolli,
2166 2867 2466 2931 videlicet
2493 2867 2809 2931 desiderio
2838 2866 3101 2948 maj0ris
3133 2865 3387 2947 quietiS,
3410 2874 3473 2929 et

1985 2986 2066 3029 ne
2107 2967 2175 3028 in
2214 2966 2344 3029 vita
2385 2965 2505 3027 ista
2544 2966 2743 3029 Deum
2784 2966 3061 3047 amplius
3110 2965 3466 3042 inhonoret,

367 3063 851 3143 variabilesque
891 3061 1252 3125 consistunt
1281 3070 1345 3123 et
1374 3080 1633 3143 prorsus
1673 3061 1876 3125 incer·
1909 3069 1953 3132 C
1982 3073 2092 3127 aut
2136 3064 2379 3147 peccati
2425 3064 2709 3147 pericula
2756 3064 3034 3139 incidat3
3075 3070 3267 3145 atque
3295 3062 3379 3126 ob
3409 3062 3469 3125 id

368 3170 472 3225 tae.
511 3161 742 3224 Divina
772 3180 1052 3241 namque
1091 3160 1494 3242 providentia
1538 3178 1664 3222 non
1708 3161 1876 3223 tollit

367 3282 404 3323 a
455 3260 676 3337 rebuS,
731 3259 902 3341 quod
950 3259 1043 3322 eis
1090 3258 1467 3321 naturaliter
1513 3258 1816 3341 competit
1853 3286 1868 3338 3

369 3361 480 3422 sed
517 3359 876 3421 secundum
906 3376 1036 3419 suae
1067 3356 1302 3419 divinae
1331 3356 1693 3419 eminentiae
1724 3357 1875 3420 infi-

368 3458 524 3520 nitae
575 3457 842 3519 modum
889 3474 965 3518 ac
1015 3454 1476 3538 perfectionem
1523 3456 1868 3535 cognoscit,

368 3556 686 3639 praevidet
713 3574 788 3617 ac
817 3552 1105 3636 disponit
1133 3573 1235 3617 res
1266 3554 1454 3617 modo
1483 3552 1867 3631 sublimiori,

366 3673 564 3736 quam
619 3653 750 3716 illae
798 3653 864 3714 in
915 3672 984 3715 se
1040 3652 1197 3734 ipsis
1255 3652 1405 3714 sint.
1457 3652 1634 3715 Unde
1681 3653 1871 3715 etiam

362 3752 757 3833 (secundum
787 3751 1105 3831 Boetium)
1119 3750 1398 3831 cognitio
1422 3749 1448 3811 s
1451 3750 1498 3811 it
1521 3750 1872 3813 secundum

365 3852 639 3915 modum
695 3849 1164 3929 cognoscentis,
1217 3867 1344 3911 non
1404 3847 1664 3928 cogniti.
1714 3848 1872 3911 Hinc

366 3950 566 4014 etiam
609 3947 916 4031 periodus
959 3966 1071 4010 seu
1113 3947 1360 4009 duratio
1391 3946 1538 4010 vi'tae
1566 3947 1867 4023 hominiS,

368 4049 424 4111 si
464 4056 880 4129 comparetur
909 4047 989 4108 ad
1019 4065 1242 4109 causas
1281 4046 1602 4109 naturales
1629 4065 1704 4108 ac
1734 4064 1874 4127 pro-

368 4146 572 4230 priam,
606 4144 912 4208 videlicet
958 4144 1038 4206 ad
1088 4143 1616 4225 complexionem,
1667 4152 1874 4225 potest

1983 3172 2054 3225 ut
2081 3182 2116 3225 a
2147 3162 2567 3245 praesentibus
2595 3162 3115 3225 tribulationibus
3140 3162 3467 3244 eripiatur,

1984 3262 2335 3325 secundum
2364 3261 2627 3323 modum
2648 3279 2775 3342 quo
2808 3261 2869 3322 id
2903 3260 3074 3323 licite
3092 3260 3467 3323 affectatur:

1984 3361 2094 3443 qui
2128 3361 2353 3423 modus
2385 3378 2551 3442 saepe
2581 3359 2710 3441 jam
2745 3368 2948 3423 tactus
2978 3367 3095 3421 est.

2061 3463 2276 3521 Donec
2320 3468 2540 3535 optata
2588 3460 2828 3530 veniat,
2872 3459 3039 3518 sicui
3086 3460 3474 3518 mercenarii

1980 3562 2117 3619 dies
2143 3559 2306 3636 ejus,
2343 3556 2405 3619 id
2446 3565 2561 3633 est,
2596 3558 2797 3620 donec
2833 3556 3131 3621 adveniat
3167 3556 3303 3618 dies
3343 3574 3473 3618 suae

1981 3655 2423 3719 retributionis
2451 3675 2488 3717 a
2520 3663 2581 3718 te
2616 3673 2629 3716 :
2665 3674 2856 3736 quam
2886 3655 3054 3717 diem
3076 3654 3342 3736 optavit,
3364 3674 3473 3717 cu-

1983 3754 2167 3837 piens
2225 3754 2555 3835 praemium
2616 3753 2941 3816 felicitatis
2999 3762 3272 3815 aeternae.
3325 3750 3472 3825 Quae

1981 3852 2116 3916 dies
2149 3860 2247 3915 est
2275 3852 2438 3913 sicut
2460 3852 2595 3914 dies
2623 3850 3018 3926 mercenarii,
3041 3850 3148 3931 qui
3179 3868 3293 3932 pro
3319 3868 3475 3911 mer-

1982 3951 2134 4014 cede
2163 3950 2428 4027 laborat,
2462 3950 2767 4032 cupitque
2798 3948 2965 4011 diem
3000 3949 3063 4010 in
3098 3967 3223 4029 qua
3261 3966 3329 4009 se
3368 3965 3474 4010 no-

1981 4050 2074 4113 vit
2101 4057 2512 4131 accepturum
2543 4049 2915 4111 mercedem.
2934 4047 3035 4111 Sic
3058 4048 3247 4110 homo
3261 4047 3471 4127 justus

1980 4148 2299 4211 desiderat
2336 4148 2503 4210 diem
2546 4146 3034 4228 glorificationis
3074 4162 3203 4208 suae
3240 4164 3275 4207 a
3319 4145 3467 4207 Deo.

369 4244 642 4326 quidem
683 4242 880 4306 variis
919 4242 1124 4305 modis
1162 4241 1545 4318 abbreviari,
1579 4242 1873 4321 quamvis
1905 4246 1954 4308 D
1980 4248 2193 4323 Porro,
2225 4254 2374 4309 ante
2417 4246 2649 4309 Christi
2694 4246 3061 4321 adventum,
3095 4244 3249 4327 justi
3296 4251 3473 4326 opta-

367 4362 504 4405 non
556 4341 996 4425 prolongetur,
1032 4340 1323 4402 absolute
1360 4340 1701 4421 loquendo.
1747 4340 1875 4401 Ali-

367 4460 504 4523 quo
535 4448 752 4503 tamen
791 4439 979 4503 modo
1012 4439 1446 4521 prolongatur,
1483 4438 1872 4501 occurrendo

365 4558 586 4604 causae
613 4558 746 4601 suae
775 4536 1300 4605 abbreviationis.
1335 4536 1454 4600 Sed
1486 4544 1551 4599 et
1579 4555 1874 4619 superna-

363 4638 670 4702 turaliter
708 4645 952 4700 certum
984 4644 1080 4698 est
1109 4654 1249 4699 eam
1280 4654 1466 4717 posse
1503 4636 1582 4697 ad
1620 4635 1729 4698 Dei
1768 4636 1876 4699 be-

366 4736 768 4820 neplacitum
797 4734 1188 4816 prolongari.
1331 4739 1334 4741 ’

435 4838 684 4899 Recede
701 4854 850 4911 erqo
869 4838 1246 4911 paululum,
1259 4841 1371 4895 etc.
1390 4833 1516 4895 Hoc
1534 4831 1876 4915 dupliciter

365 4934 776 5017 explanatur.
821 4932 1055 5009 Primo,
1102 4932 1451 4994 secundum
1502 4930 1871 5011 Gregorium

365 5043 433 5099 et
459 5032 824 5096 Albertum.
857 5034 1124 5101 Recede,
1156 5031 1220 5093 id
1259 5039 1375 5107 est,
1409 5030 1711 5111 potentiae
1754 5040 1875 5093 tuae

370 5131 882 5212 flagellationem
922 5148 1169 5206 amove,
1196 5132 1547 5208 paululum
1576 5131 1655 5189 ab
1683 5149 1778 5199 e0,
1809 5129 1872 5191 id

367 5240 470 5294 est
499 5226 589 5291 ab
617 5228 879 5291 homine
917 5226 1244 5305 tribulam,
1281 5236 1353 5287 ut
1396 5228 1680 5305 quiescat
1707 5246 1744 5288 a
1771 5227 1876 5289 do-

370 5326 626 5395 loribus
683 5344 816 5391 suae
860 5324 1285 5403 adversitatiS,
1339 5341 1418 5386 ne
1467 5343 1658 5409 supra
1705 5323 1872 5389 vires

1981 4345 2136 4407 bant
2164 4345 2513 4425 aliquando
2544 4345 2825 4425 quietem
2858 4344 2922 4405 in
2954 4343 3153 4407 limbo
3192 4351 3467 4425 patrum,

3522 1201 3615 1245 Jer.
3631 1213 3674 1252 x,
3686 1202 3755 1243 2⁴.

3526 1499 3665 1554 Δροσ.
3692 1512 3749 1548 ιιι,

3504 1564 3611 1668 13ὖὸ
3629 1637 3670 1676 v,
3690 1626 3754 1667 ¹7.

1981 4444 2148 4506 sicut
2176 4451 2239 4507 et
2268 4443 2521 4506 Simeon
2552 4443 2679 4504 ait:
2713 4442 2890 4505 Nunc
2920 4441 3187 4503 dimittis
3218 4460 3473 4505 servum
3502 4459 3612 4501 Luc.
3632 4469 3675 4505 n,
3697 4456 3764 4497 2⁹.

1983 4549 2186 4617 tuum,
2206 4541 2491 4619 Domine,
2513 4541 2863 4603 secundum
2894 4540 3161 4602 verbum
3196 4540 3371 4601 tuum
3406 4539 3472 4602 in

1982 4658 2159 4722 pace.
2194 4639 2645 4702 Verumtamen
2690 4638 2865 4700 illam
2914 4637 3190 4718 quietem
3245 4636 3475 4719 imper-

1982 4737 2215 4801 fectam
2265 4737 2621 4799 retulerunt
2670 4736 2953 4799 finaliter
2993 4736 3071 4799 ad
3123 4735 3471 4818 perfectam

1984 4836 2206 4919 patriae
2236 4835 2513 4898 coelestis
2549 4836 2853 4916 quietem,
2888 4834 3073 4916 cujus
3102 4834 3476 4897 consolatio-

1983 4934 2082 4997 nis
2115 4942 2429 5016 respectu,
2464 4934 2647 5015 quies
2680 4934 2745 4994 in
2781 4932 2977 4994 limbo
3004 4940 3257 5013 patrum
3287 4931 3470 5011 quasi

1981 5031 2291 5095 desolatio
2324 5030 2468 5093 fuit.
2502 5032 2763 5113 Propter
2790 5030 2960 5112 quod
2991 5049 3026 5091 a
3058 5028 3353 5092 Zacharia
3383 5029 3473 5090 di-

1983 5130 2148 5192 citur
2188 5129 2437 5192 Christo
2471 5147 2485 5190 τ
2519 5128 2608 5189 Tu
2649 5146 2903 5209 quoque
2942 5126 3007 5187 in
3046 5125 3355 5205 sanguine
3384 5133 3473 5189 te-

1983 5225 2279 5287 stamenti
2308 5224 2398 5285 tui
2420 5224 2686 5286 emisisti
2710 5222 2951 5287 vinctos
2974 5230 3108 5283 tuos
3128 5221 3208 5284 de
3228 5222 3387 5298 lacu,
3404 5222 3468 5283 in

1985 5342 2111 5410 quo
2141 5341 2270 5389 non
2302 5330 2396 5389 est
2424 5341 2612 5407 aqua.
2654 5320 2772 5384 Ubi
2818 5340 2932 5403 per
2974 5320 3205 5399 lacum,
3242 5319 3472 5385 intelli-

3536 5144 3681 5189 Zach.
3706 5160 3763 5197 lx,

3506 5213 3568 5253 11.
