4309 6259
113 2174 243 2218 Eccle.
259 2189 312 2225 w,

100 3361 170 3403 lob
183 3376 222 3410 n,
239 3366 300 3404 ll.

1135 502 1484 551 manuario
1525 501 1588 545 IN
1630 500 1766 546 CAP-
1812 500 1916 546 xv!
1957 500 2083 546 1013.
2129 520 2210 531 -
2250 502 2393 547 ΛΒΤ.
2437 500 2652 549 xxxva

3318 483 3437 546 525

1329 908 1980 996 ARTICULUS
2055 910 2470 995 XXXVII

589 1186 908 1233 Exposrrlo
952 1185 1302 1230 LITTERALIS
1345 1184 1622 1230 currum
1660 1182 2044 1229 SEXTIDEcffll
2087 1184 2101 1229 :
2149 1184 2538 1231 RESPONDENS
2580 1187 2783 1232 AuTl-:n
2824 1186 2951 1246 JOB,
2998 1187 3185 1233 mxl'r.

463 1464 800 1529 ANCTUS
843 1464 960 1527 Job
1020 1472 1324 1545 ’tanquam
1387 1460 1842 1544 insuperabilis
1869 1459 1921 1522 A
1952 1479 2079 1542 que
2107 1461 2373 1540 habenS,
2410 1482 2537 1527 non
2580 1472 2675 1527 est
2715 1466 3055 1528 molestum
3085 1467 3267 1548 plura
3298 1485 3443 1548 pro-

487 1563 692 1646 pugil,
729 1582 856 1627 non
894 1570 1099 1625 cessat
1129 1561 1463 1625 veritatem
1500 1558 1843 1640 justitiam-

339 1684 468 1746 que
509 1662 859 1725 defendere
902 1680 1106 1743 usque
1148 1660 1227 1722 ad
1265 1669 1534 1723 mortem
1572 1677 1585 1719 ε
1631 1658 1740 1721 sed
1780 1665 1844 1720 ct

340 1763 692 1825 durissime
743 1761 1117 1844 reprobatus
1166 1768 1229 1822 et
1278 1759 1663 1841 increpatuS,
1715 1776 1842 1820 non

344 1869 645 1940 terretur,
681 1880 798 1923 nec
829 1861 1033 1941 justas
1063 1868 1257 1940 atque
1287 1858 1628 1921 acerrimas
1669 1856 1845 1920 inve-

343 1961 592 2024 ctiones
637 1967 860 2023 contra
898 1957 1184 2021 veritatis
1225 1956 1621 2020 adversarios
1661 1955 1845 2018 indu-

344 2078 491 2123 cere
519 2068 748 2127 mente,
767 2066 1043 2121 veretur.
1078 2057 1360 2138 Insuper,
1406 2056 1700 2136 quamvis
1741 2055 1847 2118 Sa-

349 2159 608 2221 lomone
671 2163 966 2231 testante,
1020 2156 1147 2217 duo
1193 2154 1580 2236 praevaleant
1627 2162 1844 2217 contra

347 2277 575 2334 unum,
613 2256 751 2339 ipse
783 2264 996 2318 tamen
1026 2253 1329 2336 praevalet
1357 2260 1578 2316 contra
1609 2260 1757 2329 treS‚
1784 2261 1847 2315 et

347 2375 522 2419 nunc
555 2356 838 2418 secundo
869 2352 1106 2416 refellit
1138 2351 1472 2414 instantias
1501 2351 1789 2433 Eliphaz.

424 2456 844 2533 Respondeas
889 2462 1106 2513 autem
1149 2452 1288 2521 Job,
1331 2451 1508 2511 dixit
1539 2471 1562 2509 .·
1594 2452 1849 2511 Audivi

345 2556 726 2633 frequenter
773 2552 960 2623 talia,
993 2548 1238 2612 scilicet
1277 2547 1468 2611 verba
1510 2547 1843 2628 injuriosa,

1955 1557 1982 1619 f
1983 1578 2142 1637 erre,
2164 1562 2517 1642 praesertim
2548 1563 2696 1643 quia
2721 1582 2797 1625 ex
2820 1564 2942 1628 hoc
2959 1566 3129 1646 quod
3160 1564 3441 1647 loqueris

1953 1666 2173 1720 contra
2203 1679 2325 1738 me,
2359 1660 2536 1723 nulla
2576 1661 2697 1723 tibi
2740 1660 3014 1725 infertur
3042 1683 3080 1725 a
3108 1682 3211 1726 me
3250 1664 3445 1727 mole-

1954 1756 2074 1818 stia
2102 1766 2211 1819 aut
2240 1758 2543 1835 vindicta,
2582 1761 2731 1841 quia
2770 1762 3085 1843 patienter
3130 1762 3438 1841 sustine0,

1956 1873 2070 1918 nec
2092 1874 2206 1938 pro
2226 1857 2508 1920 convitio
2528 1859 2879 1922 convitium
2912 1861 3122 1923 reddo.
3140 1864 3442 1940 Poteram

1951 1964 2010 2015 ec
2035 1974 2144 2032 eqo
2171 1957 2423 2016 similia
2462 1959 2659 2017 vestri
2700 1962 2896 2038 loqui,
2930 1958 2994 2020 id
3035 1968 3152 2036 est,
3185 1960 3339 2022 talia
3381 1967 3443 2022 et

1954 2073 2028 2116 ea
2055 2054 2232 2131 vitia,
2265 2074 2409 2136 quae
2439 2056 2597 2118 mihi
2634 2056 2793 2120 false
2826 2058 3176 2141 imponitis,
3198 2059 3442 2123 scilicet

1956 2152 2137 2230 iram,
2191 2154 2675 2235 impatientiam,
2730 2156 3095 2219 divinorum
3151 2158 3445 2238 ignoran-

1957 2250 2132 2327 tiam,
2166 2260 2313 2329 etc.,
2358 2271 2609 2333 possem
2658 2253 2840 2317 vobis
2890 2274 3039 2318 vere
3090 2254 3439 2338 imponere,

1956 2357 2020 2410 et
2049 2348 2260 2411 verbis
2292 2368 2405 2413 vos
2432 2369 2739 2432 pungere,
2777 2352 2941 2415 sicut
2982 2373 3085 2416 me
3133 2354 3439 2436 pungitiS,

1959 2447 2084 2509 nisi
2111 2448 2454 2530 disciplina
2484 2449 2790 2528 frenarer,
2826 2452 3445 2534 adversitatibusque

1957 2554 2277 2625 gravarer,
2297 2555 2359 2610 et
2390 2548 2442 2609 si
2477 2566 2621 2629 spes
2653 2548 2977 2630 profectus
2998 2560 3163 2614 esset
3192 2570 3269 2613 ex
3298 2551 3442 2615 hoc.

347 2650 812 2733 reprehensiva
860 2657 920 2711 et
972 2647 1328 2730 pungitiva,
1364 2646 1582 2727 qualia
1629 2656 1846 2711 contra
1887 2650 1933 2711 B
2040 2650 2252 2725 Atque
2298 2649 2557 2707 utinam
2605 2658 2756 2707 esset
2802 2651 3029 2711 anima
3076 2660 3285 2711 vestra
3328 2670 3447 2727 pro

345 2770 450 2813 me
499 2747 829 2832 profertiS.
883 2747 949 2809 ln
998 2745 1544 2829 disputationibus
1591 2765 1849 2827 quoque

348 2847 712 2923 rhetoriciS,
748 2846 956 2927 qualis
999 2845 1241 2909 exstitit
1284 2845 1426 2921 ista,
1460 2844 1669 2908 solent·
1705 2862 1851 2907 cone

348 2947 629 3010 tentiosa
675 2943 873 3007 verba
919 2943 1366 3007 intermisceri.
1423 2946 1850 3005 Consolatores

349 3048 606 3107 onerosi
644 3065 860 3106 omnes
901 3065 1009 3105 vos
1045 3045 1215 3116 estis,
1250 3042 1550 3105 videlicet
1579 3060 1692 3105 vos
1723 3050 1849 3105 tres

348 3144 546 3210 amici
587 3143 739 3220 mei,
783 3151 846 3205 et
890 3142 1004 3224 qui
1047 3141 1227 3205 vobis
1269 3141 1678 3205 consentiunt
1715 3142 1850 3204 sive

349 3242 778 3326 applaudunt.
824 3240 1001 3303 Multi
1061 3258 1337 3319 namque
1391 3242 1500 3317 (ut
1558 3239 1849 3301 habitum

351 3344 478 3423 est)
497 3340 922 3422 disputationi
943 3340 1095 3401 huic
1118 3338 1563 3415 interfuerunt,
1579 3357 1848 3419 quorum

353 3460 522 3503 unus
575 3440 719 3501 Eliu
768 3437 912 3501 fuit.
957 3438 1268 3501 Dicuntur
1301 3446 1511 3499 autem
1565 3437 1851 3500 consola-

353 3548 524 3603 tores
558 3538 838 3615 onerosi,
872 3536 1028 3618 quia
1055 3536 1134 3597 ad
1170 3535 1626 3599 consolandum
1667 3554 1852 3599 vene-

353 3644 545 3711 runt3
592 3636 705 3698 sed
756 3634 932 3716 loqui
983 3633 1214 3709 exorsi,
1256 3634 1333 3694 ad
1381 3632 1849 3714 increpationes

349 3734 758 3800 acutissimas
793 3732 960 3798 versi
991 3739 1160 3809 sunt,
1195 3739 1259 3795 et
1296 3750 1457 3795 onus
1499 3731 1852 3793 tribulatio-

1959 2747 2187 2805 am‘ma
2218 2765 2383 2815 mea,
2415 2744 2477 2806 id
2508 2754 2623 2822 est,
2650 2746 2893 2808 utinam
2922 2746 3071 2809 talia
3101 2755 3442 2829 pateretur,

1959 2842 2175 2925 qualia
2222 2861 2363 2905 mea
2408 2844 2647 2924 patitur
2694 2844 2929 2907 anima.
2973 2846 3147 2919 Quod
3198 2864 3325 2909 non
3372 2866 3450 2909 ex

1961 2941 2054 3003 ira
2085 2941 2186 3005 vel
2226 2940 2394 3017 odio,
2430 2942 2541 3004 sed
2580 2960 2658 3004 ex
2695 2943 2957 3006 caritate
2994 2953 3059 3007 et
3094 2944 3228 3007 zelo
3264 2945 3451 3026 justi-

1961 3041 2064 3104 tiae
2111 3040 2223 3117 ait,
2279 3048 2349 3102 ut
2395 3059 2511 3121 per
2557 3042 2972 3123 temporalem
3020 3042 3447 3108 afflictionem

1960 3138 2414 3201 inducerentur
2440 3140 2520 3200 ad
2550 3138 2834 3203 veritatis
2856 3141 3310 3222 cognitionem,
3335 3144 3447 3225 qui

1959 3238 2027 3299 in
2057 3238 2477 3320 prosperitate
2515 3238 2818 3302 nolebant
2857 3239 3190 3303 informari
3220 3252 3284 3305 et
3312 3262 3450 3306 cor-

1960 3336 2103 3416 rigi,
2149 3344 2485 3417 quatenuS,
2533 3336 2712 3417 juxta
2760 3336 3004 3416 isaiam,
3057 3341 3306 3403 vexatio
3354 3341 3446 3403 eis

1961 3435 2270 3497 tribueret
2330 3434 2749 3498 intellectum.
2804 3438 3179 3499 Consolarer
3224 3450 3283 3501 et
3342 3461 3448 3501 vos

1958 3553 2068 3611 eqo
2095 3535 2493 3593 sermonibus
2522 3554 2544 3592 .·
2575 3552 2704 3596 non
2743 3552 2818 3597 eo
2851 3535 3038 3598 modo
3070 3545 3139 3599 ut
3169 3555 3284 3600 vos
3314 3558 3439 3617 me,

1961 3633 2072 3695 sed
2111 3632 2304 3696 verba
2345 3632 2533 3710 bona,
2566 3632 2759 3695 verba
2802 3634 3446 3701 consolatoriavobis

1959 3749 2107 3792 vere
2155 3748 2598 3811 proponerem.
2632 3730 2759 3793 Hoc
2794 3731 2966 3793 enim
3006 3733 3085 3794 ad
3115 3752 3263 3797 vere
3293 3736 3449 3797 cari-

351 3835 454 3897 nis
506 3833 681 3896 beati
728 3832 846 3895 Job
888 3851 1016 3895 non
1068 3850 1292 3913 parum
1336 3838 1671 3907 auxerunt,
1705 3849 1850 3893 eum
1887 3830 1930 3894 C
1961 3828 2231 3893 tativum
2280 3829 2761 3912 sapientemque
2805 3831 3103 3912 pertinet,
3138 3834 3323 3914 cujus
3351 3844 3449 3897 est

351 3950 569 3995 coram
601 3930 825 3993 multis
855 3928 1197 3992 durissime
1228 3928 1852 4009 inc1·epand0‚quum

351 4038 570 4092 ⁴tamen
619 4026 871 4091 afflicto
920 4046 1048 4090 non
1092 4027 1175 4088 sit
1215 4026 1505 4089 addenda
1551 4024 1848 4088 afflictio.

352 4128 531 4202 Quod
563 4128 618 4189 si
651 4144 912 4190 necesse
935 4125 1130 4188 fuerit
1151 4123 1474 4187 afflictum
1506 4125 1847 4207 corripere,

353 4226 591 4289 blande
630 4234 696 4288 et
733 4225 1013 4287 molliter
1065 4223 1180 4286 fiat
1228 4224 1369 4300 hoc,
1404 4223 1528 4285 nisi
1571 4223 1735 4286 forte
1779 4243 1854 4286 ex

353 4323 622 4409 speciali
653 4342 846 4387 causa
875 4323 1036 4385 ratio
1065 4322 1261 4385 dictet
1288 4322 1442 4404 quid
1485 4322 1710 4401 rigoris
1747 4323 1856 4385 ad-

353 4426 662 4487 dendum.

438 4524 792 4601 Numquid
821 4522 1143 4594 habebunt
1181 4525 1381 4598 finem
1420 4521 1610 4581 verba
1647 4530 1856 4581 vento-

353 4624 480 4683 sa?
512 4620 577 4683 id
619 4628 740 4697 est,
773 4618 1049 4700 garrulis
1098 4615 1578 4699 superfluisque
1622 4636 1858 4680 sermo-

359 4720 552 4783 nibus
585 4726 679 4795 tu,
715 4716 1084 4798 Eliphaz‚et
1112 4715 1205 4777 tui
1233 4714 1423 4777 amici
1457 4723 1582 4776 tam
1615 4715 1858 4797 prolixe

361 4816 663 4879 insistitis
693 4824 914 4879 contra
945 4834 1070 4891 me,
1098 4813 1281 4895 quasi
1316 4832 1644 4895 nunquam
1677 4814 1860 4877 velle-

362 4916 444 4977 tis
476 4914 824 4977 terminare
857 4931 1181 4977 sermones
1213 4912 1604 4994 hujusmodi.
1623 4913 1858 4976 Eadem

1961 3928 2326 3993 ordinatum
2368 3937 2432 3991 et
2476 3947 2837 3991 amorosum
2886 3930 3175 4011 proferre
3220 3950 3450 3997 sermo-

1961 4046 2106 4090 nem
2155 4044 2169 4089 :
2218 4026 2330 4108 qui
2377 4046 2585 4090 sermo
2634 4027 3028 4091 medicamen
3075 4038 3171 4091 est
3218 4030 3449 4095 animae

1961 4125 2278 4202 desolatae,
2312 4125 2846 4205 quemadmodum
2878 4126 2941 4187 in
2969 4126 3327 4191 Proverbiis
3360 4130 3448 4193 le-

1959 4224 2153 4303 gitur,
2204 4222 2407 4288 Favus
2454 4223 2663 4287 mellis
2713 4224 2905 4286 verba
2952 4227 3323 4307 composita.
3372 4228 3449 4289 Et

1964 4323 2193 4385 iterum
2236 4321 2531 4384 Salomon
2570 4330 2955 4404 protestatur
2988 4341 3002 4385 :
3038 4324 3279 4407 Lingua
3315 4326 3451 4409 pla-

1962 4420 2186 4484 cabilis
2216 4421 2459 4503 lignum
2500 4420 2667 4484 vitae.
2712 4420 2777 4482 ln
2816 4421 3258 4487 Ecclesiastico
3292 4444 3449 4506 quo-

3511 3363 3573 3408 Ιε.
3596 3378 3736 3414 xxvia,

3479 3431 3544 3471 10.

3504 4250 3637 4295 Pron.
3652 4265 3737 4304 mn.

3478 4316 3545 4358 24.

3476 4376 3596 4421 laid.
3614 4392 3684 4430 xv,
3699 4382 3742 4424 4.

1963 4538 2086 4601 que
2115 4518 2383 4581 habetur
2416 4535 2430 4579 :
2462 4518 2682 4580 Nonne
2709 4519 2999 4583 ardorem
3040 4519 3448 4605 refrigerabit
3477 4552 3742 4605 mmmm,

1965 4620 2112 4680 ros?
2142 4618 2235 4679 sic
2263 4624 2325 4680 et
2354 4617 2619 4679 verbum
2649 4617 2879 4679 melius
2898 4638 3093 4700 quam
3122 4621 3363 4684 datum.

2044 4720 2131 4778 Et
2170 4736 2483 4779 moverem
2518 4726 2711 4793 caput
2749 4738 2960 4779 meum
2996 4740 3187 4797 super
3226 4742 3333 4781 vos
3374 4740 3451 4785 ex

1966 4815 2429 4899 compassione.
2464 4815 2749 4897 Denique
2786 4816 2986 4879 motio
3024 4818 3253 4899 capitis
3293 4820 3454 4883 desi-

1966 4923 2118 4998 gnat
2155 4914 2387 4976 mentis
2429 4912 2842 4977 inflexionem
2875 4916 2953 4976 ad
2982 4915 3263 4998 aliquam
3301 4938 3453 4983 con-

361 5034 622 5098 quoque
669 5034 838 5097 saepe
888 5013 1197 5097 repetitiS‚
1231 5022 1543 5095 quantum
1591 5014 1667 5075 ad
1719 5033 1860 5077 sen·
1888 5020 1938 5081 D
1965 5014 2348 5097 ceptionem,
2382 5021 2572 5094 atque
2605 5013 2924 5077 interdum
2956 5015 3339 5079 derisionem
3372 5019 3451 5080 si·

361 5134 528 5177 sum.
565 5117 702 5176 Aut
731 5117 994 5193 aliquid
1033 5116 1152 5173 tibi
1189 5118 1519 5174 molestum
1549 5122 1659 5185 est,
1688 5116 1748 5173 si
1778 5118 1859 5191 20:
1965 5112 2257 5195 gnificat.
2278 5110 2379 5173 Sic
2412 5111 2478 5172 in
2506 5111 2752 5173 Psalmo
2776 5112 2865 5174 ait
2886 5113 3449 5181 Salvatorzllmnes
3506 5140 3587 5188 1²2.
3601 5158 3687 5198 m,
3700 5149 3743 5194 a.

363 5216 645 5294 quan-is?
675 5212 739 5274 id
787 5219 905 5289 est,
952 5212 1092 5288 tibi,
1125 5230 1162 5274 o
1203 5211 1484 5292 Eliphaz,
1522 5230 1721 5291 quum
1771 5212 1857 5274 sis

365 5330 561 5373 sanus
605 5318 667 5373 et
709 5310 1131 5393 prosperitate
1179 5310 1474 5387 vallatuS‚
1509 5310 1861 5390 adjutores-

1968 5211 2257 5275 videntes
2304 5226 2425 5285 me,
2471 5207 2829 5271 deriserunt
2870 5229 3012 5286 me3
3054 5210 3249 5273 locuti
3298 5224 3453 5278 sunt

1967 5308 2177 5384 labiis,
2196 5315 2259 5370 et
2286 5315 2621 5370 moverunt
2652 5315 2865 5391 caput.
2900 5309 2967 5372 ln
2998 5309 3264 5374 Threnis
3293 5331 3456 5395 quo-

3481 4618 3545 4659 ¹6.
