4309 6259
89 1290 228 1333 Mami.
253 1306 294 1339 x.

71 1355 105 1377 ,.

85 4848 152 4890 Job
163 4864 211 4903 rr,
221 4853 281 4896 20.

1201 522 1549 569 ENARRATIO
1591 524 1653 570 IN
1696 525 1832 571 cat».
1866 527 1949 572 vn
1989 526 2115 573 lon.
2161 546 2243 557 -·—
2281 529 2423 576 ΛΒΤ.
2470 530 2577 577 XIX

3311 514 3424 581 401

329 687 654 752 consolari
703 693 1022 773 dignatur.
1076 696 1181 754 Vel
1216 713 1238 751 .·
1279 696 1574 756 Liberate
1614 717 1714 757 me
1754 701 1833 757 de
1860 699 1911 760 A
1940 698 2064 762 Aut
2100 718 2249 764 vere
2294 698 2798 781 me’informate,
2829 712 2939 767 aut
2974 705 3055 767 ab
3095 704 3425 788 insipienti

327 806 540 847 manu
569 792 795 861 hostis,
810 803 870 853 et
897 795 976 851 de
1007 790 1206 853 man'u
1234 794 1634 854 robustorum
1663 798 1832 857 erui-

329 896 388 945 te
418 890 568 947 me?
603 888 888 952 virtuosi
923 890 1005 952 ab
1041 889 1476 954 invisibilibus
1505 911 1580 953 ac
1611 892 1830 956 visibi-

328 983 502 1045 libus
531 985 828 1049 hostibus
860 990 1339 1070 impugnantur.
1367 988 1649 1052 Scientes
1679 1011 1828 1054 vero

325 1083 667 1163 reprobam
713 1086 907 1147 vitam
953 1105 1318 1170 pravorum,
1365 1106 1492 1149 non
1536 1099 1830 1169 quaerunt

325 1196 550 1242 eorum
599 1182 917 1265 suffragio
955 1184 1035 1246 ab
1076 1184 1422 1246 invisibilis
1462 1186 1661 1249 hostis
1703 1196 1829 1250 ten-

325 1277 570 1340 tatione
625 1281 882 1344 salvari.
933 1282 1009 1343 Et
1055 1283 1359 1364 quoniam
1414 1301 1522 1346 eos
1575 1303 1704 1348 non
1755 1287 1828 1348 ti-

323 1386 503 1438 ment
542 1380 656 1459 qui
697 1398 928 1462 corpus
967 1381 1288 1460 occidunt,
1323 1383 1475 1443 dum
1524 1381 1685 1445 sides
1724 1385 1823 1447 vel

321 1476 574 1554 justitia
631 1478 848 1559 exigit,
901 1480 1105 1562 parati
1163 1489 1314 1543 sunt
1365 1500 1402 1542 a
1457 1481 1824 1545 visibilibus

323 1572 608 1638 inimicis
666 1578 895 1654 occidi,
950 1597 1068 1641 nec
1120 1587 1415 1659 quaerunt
1470 1580 1548 1641 de
1603 1599 1823 1643 eorum

323 1674 665 1754 tyrannide
709 1677 871 1739 erui.
913 1681 1140 1739 Doccte
1185 1698 1310 1748 me,
1347 1690 1406 1739 cc
1442 1698 1551 1757 eqo
1591 1684 1818 1743 tacebo,

315 1772 640 1837 Multoties
673 1776 982 1853 carnaleS,
1018 1777 1183 1860 pigri
1221 1796 1296 1839 ac
1333 1778 1678 1859 passionati
1708 1799 1823 1862 pu-

1939 797 2361 863 instructione
2386 810 2648 864 cessate.

2021 901 2233 965 Quare
2259 903 2638 962 detraxistis
2664 904 3059 963 sernwnibus
3092 905 3425 964 veritatis?

1937 992 2117 1057 Tales
2146 998 2443 1077 equidem
2484 999 2673 1061 verba
2712 1000 3138 1064 virtuosorum
3178 1001 3425 1064 irratio-

1938 1092 2175 1155 nabilia
2216 1114 2508 1177 vanaque
2549 1097 2959 1176 arbitrantur,
3004 1119 3202 1180 quum
3252 1099 3422 1162 dicat

1933 1191 2273 1271 Apostolus
2318 1211 2331 1255 :
2383 1194 2690 1257 Animalis
2736 1196 2925 1259 homo
2974 1216 3100 1260 non
3150 1198 3421 1280 percipit
3452 1215 3713 1271 ieonum.

1899 1288 1905 1293 ⁴
1934 1308 2076 1369 quae
2105 1298 2256 1351 sunt
2283 1291 2553 1373 Spiritus
2584 1294 2715 1356 Dei.
2735 1295 2876 1357 Ideo
2906 1295 3182 1358 detrahit
3207 1296 3420 1359 verbis

1933 1386 2306 1465 verissimiS,
2338 1410 2627 1453 asserens
2668 1410 2741 1453 ea
2779 1401 2889 1454 aut
2933 1412 3059 1455 non
3101 1412 3269 1471 vera,
3312 1402 3421 1457 aut

1932 1502 2059 1547 non
2091 1494 2260 1548 recta
2290 1487 2643 1551 intentione
2672 1490 2937 1571 prolata.
2963 1491 3037 1552 Et
3067 1492 3217 1552 dum
3250 1492 3423 1554 videt

1932 1600 2000 1645 se
2035 1583 2280 1646 ratione
2312 1586 2552 1666 justum
2598 1606 2897 1669 superare
2935 1608 3062 1651 non
3102 1608 3307 1671 posse,
3338 1591 3420 1652 ad

1933 1681 2397 1762 increpationes
2446 1693 2509 1747 et
2552 1686 3069 1767 exprobrationes
3119 1688 3421 1751 converti-

1935 1789 2055 1858 tur,
2123 1782 2521 1865 inaniterque
2578 1785 2769 1848 verba
2822 1786 3226 1868 multiplicat.
3279 1788 3419 1850 ldeo

319 1879 456 1933 tant
503 1882 570 1935 et
616 1874 859 1954 jactant
906 1894 974 1938 se
1020 1876 1250 1937 melius
1295 1876 1456 1939 scire
1495 1885 1558 1938 et
1603 1878 1820 1940 sanius
1859 1881 1904 1942 B
1933 1880 2222 1961 sequitur
2268 1900 2281 1943 :
2326 1886 2435 1943 Ad
2481 1886 2949 1961 increpandum
2997 1894 3249 1947 tantum
3300 1890 3420 1946 elo-

314 1990 565 2051 sapere,
621 1992 813 2053 quam
863 1974 1130 2036 virtuosi
1177 1994 1252 2037 ac
1301 1974 1532 2038 fervidi
1587 1994 1599 2036 :
1653 1977 1820 2039 unde

313 2078 718 2149 praesumunt
756 2090 864 2134 eos
901 2090 1166 2151 arguere
1196 2092 1270 2135 ac
1298 2074 1546 2135 docere.
1579 2074 1818 2147 Quibus

310 2166 526 2247 justus
559 2188 838 2251 vereque
877 2170 1134 2251 sapiens
1176 2170 1418 2234 ironice
1458 2172 1590 2235 zelo
1629 2174 1822 2254 aequi-

312 2266 460 2328 tatis
503 2269 850 2350 respondet
883 2286 897 2330 :
932 2268 1162 2331 Docete
1203 2288 1326 2332 me.
1369 2268 1555 2343 Quasi
1598 2270 1767 2333 dicat
1800 2292 1813 2335 ε

1930 1981 2086 2057 quia
2113 1982 2542 2051 concinnati&
2574 1993 2631 2043 et
2661 1985 2732 2042 in
2772 1994 3031 2043 ventum
3064 1986 3253 2044 verba
3272 2004 3419 2061 pro-

1927 2079 2137 2153 fertis.
2166 2078 2476 2154 Ceterum,
2503 2081 2821 2161 quomodo
2850 2080 3179 2161 sequentia
3212 2091 3415 2145 textus

1930 2174 2122 2237 verba
2152 2176 2232 2237 ad
2263 2177 2683 2240 moralitatem
2703 2179 2954 2241 valeant
2984 2179 3313 2261 applicari,
3338 2200 3414 2243 ex

1930 2274 2314 2355 praecedenti
2332 2276 2601 2339 articulo
2624 2275 2927 2339 facillime
2950 2278 3409 2342 consideratur.

1413 2628 2055 2789 ARTfCULUS
2130 2705 2334 2789 XIX

427 2972 794 3019 ELUGIDATIO
834 2973 1184 3019 LlT‘l'ssnAus
1229 2974 1506 3020 CAPITULI
1549 2974 1784 3020 sapum
1829 2975 1844 3019 :
1889 2974 2119 3021 MILlTlA
2166 2978 2273 3022 EST
2314 2978 2453 3023 VITA
2498 2979 2747 3025 HOMINIS
2792 2980 2979 3026 SUPER
3021 2978 3289 3027 TERRAM'.

307 3252 552 3417 DOC
565 3253 668 3315 ET
696 3252 921 3315 beatus
947 3253 1062 3316 Job
1093 3252 1160 3315 in
1190 3253 1382 3334 hujus
1413 3253 1677 3335 capituli
1708 3272 1811 3315 ex·
1851 3251 1896 3316 C
1925 3274 2005 3336 pa
2031 3282 2045 3332 ;
2077 3258 2249 3338 quod
2279 3258 2431 3321 item
2474 3261 2551 3322 ad
2580 3260 2773 3322 aliam
2804 3269 2867 3324 et
2897 3262 3100 3344 ipsam
3130 3282 3277 3327 vere
3320 3263 3413 3327 fe—

465 3353 676 3429 ordi0‚
721 3352 917 3415 vitam
958 3360 1335 3434 praesentem
1389 3351 1668 3415 ordinari
1729 3352 1808 3413 ad

305 3453 501 3515 aliam
535 3452 742 3531 magis
764 3451 1114 3534 perfectam
1142 3476 1156 3527 3
1191 3470 1460 3533 eamque
1487 3450 1812 3515 anxietati-

307 3552 426 3614 bus
458 3570 606 3615 esse
627 3550 907 3633 plenam,
930 3558 1122 3631 atque
1143 3550 1226 3613 ob
1257 3549 1316 3613 id
1351 3550 1812 3614 rationabiliter

302 3650 525 3732 appeti
567 3668 758 3731 posse
803 3647 1150 3711 terminum
1199 3650 1361 3731 ejus.
1395 3649 1608 3730 Aliqui
1660 3666 1809 3711 vero

301 3748 554 3831 opinati
595 3756 768 3825 sunt,
809 3747 1018 3830 ipsum
1057 3747 1174 3811 Job
1219 3748 1606 3830 principium
1661 3766 1811 3830 prae-

303 3848 506 3910 sentis
547 3845 818 3928 capituli
873 3846 1174 3909 inducere
1213 3847 1292 3908 ad
1337 3846 1808 3928 reprobandum

303 3964 594 4009 errorem
641 3943 926 4026 Eliphaz,
975 3944 1317 4007 asserentis
1363 3945 1650 4007 ultimam
1701 3944 1812 4007 ho-

303 4045 502 4106 minis
567 4042 942 4107 felicitatem
996 4062 1136 4106 esse
1195 4044 1260 4104 in
1311 4044 1442 4106 vita
1484 4043 1624 4119 hac,
1675 4042 1810 4105 ani-

305 4162 476 4205 mam
529 4159 792 4224 quoque
839 4140 1212 4203 rationalem
1260 4160 1398 4204 esse
1447 4141 1804 4203 mortalem.

306 4242 546 4305 Verum
577 4242 681 4321 (ut
709 4240 880 4302 clare
897 4240 1026 4320 jam
1057 4247 1206 4301 ante
1234 4240 1570 4321 probatum
1602 4247 1718 4315 est,
1747 4246 1811 4300 et

304 4342 570 4404 demum
602 4337 982 4422 probabitur
1022 4338 1329 4419 amplius)
1368 4338 1477 4400 illa
1509 4357 1636 4401 non
1685 4337 1810 4400 fuit

1925 3355 2111 3418 licem
2143 3357 2339 3419 vitam
2373 3358 2720 3439 adspirent.

2002 3455 2104 3516 Ait
2133 3473 2283 3536 ergo
2320 3473 2333 3517 :
2367 3459 2618 3518 Militia
2648 3468 2737 3519 est
2759 3460 2896 3519 vita
2918 3460 3199 3521 hominis
3217 3482 3411 3539 super

1925 3562 2184 3614 terram.
2208 3553 2328 3616 Ubi
2347 3554 2765 3637 Hieronymus
2796 3557 3143 3635 transtulit,
3162 3559 3404 3638 Militia,

1922 3649 2331 3732 Septuaginta
2380 3653 2862 3730 transtulerunt,
2905 3655 3213 3718 Tentati0.
3262 3656 3403 3735 Sed,

1921 3756 1990 3809 ut
2018 3750 2204 3812 docet
2226 3750 2285 3812 S.
2309 3750 2666 3831 GregoriuS,
2691 3770 2914 3814 sensus
2939 3753 3102 3815 redit
3123 3754 3187 3816 in
3212 3755 3402 3817 idem.

1921 3844 2210 3909 Tentatio
2244 3866 2520 3928 namque
2561 3856 2657 3910 est
2688 3866 2902 3930 pugna
2930 3857 3150 3912 eontra
3193 3851 3405 3915 hostes

1921 3944 2313 4026 spiritusque
2341 3945 2652 4026 malignos
2680 3963 2695 4025 ;
2726 3946 2957 4008 militia
2986 3966 3136 4011 vero
3169 3950 3408 4012 exerci-

1920 4042 2078 4104 tium
2109 4053 2327 4106 contra
2358 4044 2751 4107 adversarios
2782 4046 3161 4128 appellatur.
3188 4048 3406 4129 ltaque

1918 4140 2048 4204 vita
2079 4141 2411 4219 bonorum,
2434 4142 2661 4204 militia
2695 4144 3088 4226 tentatioque
3110 4155 3399 4210 vocatur:

1920 4240 2222 4319 quoniam
2245 4249 2467 4303 contra
2493 4241 2807 4305 desideria
2827 4243 3036 4305 carnis
3057 4244 3405 4326 passiones-

1921 4357 2046 4418 que
2075 4338 2327 4416 animae,
2370 4347 2592 4402 contra
2632 4340 2853 4402 mundi
2885 4341 3217 4419 vanitateS,
3256 4362 3404 4406 con-

305 4440 532 4521 opinio
563 4437 830 4520 Eliphaz
873 4454 886 4499 :
932 4437 1060 4499 imo
1102 4437 1166 4497 in
1198 4436 1408 4501 verbis
1458 4438 1668 4518 quarti
1711 4456 1812 4499 ca·
1839 4437 1888 4499 D
1921 4444 2013 4495 tra
2042 4437 2403 4499 daemonum
2454 4437 2911 4517 suggestioneS,
2944 4457 3199 4511 omnem
3248 4460 3407 4521 quo-

307 4539 523 4621 pituli,
547 4556 693 4620 quae
723 4536 847 4598 sibi
877 4535 1172 4618 perhibet
1202 4537 1474 4617 desuper
1505 4536 1803 4612 revelata,

307 4639 646 4703 evidenter
702 4633 913 4697 innuit
958 4634 1189 4699 animae
1239 4633 1803 4711 immortalitatem,

307 4746 502 4818 atque
554 4734 837 4804 futuram
897 4732 1239 4814 impiorum
1292 4740 1660 4814 perpetuam
1709 4752 1810 4794 ca-

310 4835 689 4910 lamitatem,
727 4832 894 4894 inter
931 4838 1140 4894 cetera
1180 4831 1448 4912 loquens
1487 4848 1500 4892 :
1543 4830 1620 4891 Et
1656 4830 1811 4912 quia

309 4934 530 4995 nullus
593 4931 918 5010 intelligit,
981 4930 1043 4991 in
1107 4938 1414 4992 aeternum
1480 4929 1804 5012 peribunt.

308 5032 530 5113 Itaque
555 5030 752 5094 verba
785 5028 979 5109 hujus
1011 5027 1276 5109 capituli
1303 5026 1418 5089 Job
1449 5027 1698 5090 inducit
1725 5027 1805 5089 ad

309 5148 441 5193 suae
468 5128 970 5192 declarationem
998 5126 1351 5200 sententiae,
1376 5145 1500 5207 qua
1530 5126 1808 5189 intendit

309 5228 677 5303 defendere,
714 5226 887 5307 quod
935 5224 1124 5306 justis
1173 5224 1240 5286 in
1270 5225 1400 5289 vita
1449 5225 1568 5288 hac
1607 5226 1808 5289 multa

309 5327 688 5407 contingant
705 5324 974 5387 adversa
997 5322 1136 5386 sine
1165 5342 1384 5387 eorum
1412 5324 1646 5406 praevia
1676 5325 1810 5387 cul-

563 5460 630 5510 T.
663 5460 715 5508 4.

1920 4554 2043 4615 que
2100 4535 2491 4617 impietatem
2547 4536 2984 4599 indesinenter
3030 4558 3103 4601 ac
3154 4538 3408 4602 fortiter

1920 4632 2311 4713 praeliantur.
2346 4633 2520 4696 Unde
2562 4633 2645 4697 ob
2688 4636 3059 4714 gravitatem
3089 4656 3165 4699 ac
3193 4637 3411 4700 multi-

1921 4730 2207 4794 tudinem
2254 4732 2675 4794 tentationum
2716 4733 2995 4796 hominis
3024 4735 3089 4797 in
3132 4736 3252 4799 hae
3280 4736 3411 4815 via,

1921 4830 2052 4895 vita
2079 4831 2219 4911 ejus
2250 4849 2377 4894 non
2399 4831 2814 4895 tentationem
2843 4833 3099 4911 babere,
3136 4837 3245 4899 sed
3278 4844 3412 4899 ten-

1923 4930 2074 4991 tatio
2128 4929 2384 5007 dicitur,
2419 4931 2711 5011 quamvis
2756 4949 3215 5015 nonnunquam
3270 4936 3408 4999 sine

1919 5028 2152 5091 actuali
2184 5029 2533 5091 tentatione
2560 5029 2872 5107 vivamuS,
2908 5040 2971 5093 et
2999 5042 3210 5096 mente
3239 5042 3410 5096 tran-

1921 5126 2120 5207 quilla
2153 5126 2278 5189 Deo
2308 5126 2447 5188 sine
2476 5126 2645 5189 lucta
2679 5146 2997 5191 vacemus.
3031 5128 3149 5192 Sed
3190 5130 3257 5193 in
3288 5132 3407 5195 hoc

1920 5244 2113 5307 parva
2158 5232 2253 5287 est
2293 5242 2491 5300 mora,
2529 5224 2652 5285 nisi
2695 5224 2961 5289 fortasse
2994 5227 3148 5289 viris
3187 5228 3399 5310 perfe-

1919 5323 2040 5386 ctis
2066 5342 2143 5386 ex
2184 5323 2385 5403 gratia
2415 5322 2743 5402 singulari,
2777 5324 2889 5405 qui
2919 5326 3193 5389 revelata
3225 5326 3389 5391 facie

3094 5458 3157 5509 26
