4309 6259
623 3837 676 3883 w
691 3840 796 3893 Rev.
809 3852 866 3890 vi,

605 3903 673 3945 80.

895 482 974 547 36

1499 497 1848 542 ENARRATIO
1889 497 1952 541 IN
1995 496 2130 541 CAP.
2179 497 2265 541 vll
2306 497 2463 543 unm
2498 498 2722 553 QUART!
2764 498 2988 545 REGUH.
3033 517 3114 528 —
3154 497 3297 544 ΛΒΤ.
3342 496 3385 543 X

893 670 1006 753 qui
1036 670 1144 732 dat
1175 668 1571 751 praedicatori
1601 666 2059 730 abundantiam
2091 666 2273 729 verbi
2304 667 2382 728 ad
2413 667 2463 727 A
2494 686 2595 729 me
2624 676 2937 730 conantur
2970 667 3143 749 ipsos
3185 666 3299 749 qui
3328 673 3609 748 praesunt
3636 682 3709 727 ac
3752 662 3975 746 praedi-

891 768 1358 851 praedicandum
1387 769 1464 831 de
1496 766 1754 829 infinita
1785 765 2224 828 misericordia
2243 766 2384 828 Cre-

892 866 1107 944 atoriS,
1132 867 1211 929 de
1241 866 1634 948 poenitentiae
1654 866 1890 941 fructu,
1915 865 1994 926 de
2012 862 2261 942 gaudiis
2283 864 2386 925 Be-

893 972 1163 1042 atorum,
1192 966 1270 1028 de
1303 964 1612 1045 exemplis
1650 982 1869 1027 eorum
1909 963 2020 1046 qui
2059 973 2204 1046 post
2241 982 2386 1046 pec-

893 1072 1033 1126 cata
1055 1062 1431 1145 gravissima
1450 1060 1806 1125 efficaciter
1829 1062 2212 1143 poenitendo,
2233 1060 2384 1123 facti

893 1168 1043 1221 sunt
1072 1159 1286 1239 magni
1317 1159 1528 1222 Sancti
1563 1176 1577 1221 ε
1613 1160 1833 1241 sicque
1863 1158 2104 1221 ferrum
2147 1160 2225 1222 ad
2256 1177 2387 1221 ma-

893 1256 1194 1320 nubrium
1241 1256 1425 1320 redit.
1463 1258 1746 1337 Insuper,
1783 1276 1896 1338 per
1941 1274 2149 1337 regem
2192 1255 2386 1338 Syriae

892 1362 956 1417 et
1003 1355 1143 1435 ejus
1183 1353 1471 1430 insidiaS,
1523 1354 1940 1434 designantur
1986 1353 2279 1416 diabolus
2324 1361 2387 1415 et

893 1454 1034 1535 ejus
1071 1453 1373 1529 ministri,
1407 1453 1521 1534 qui
1564 1452 1998 1515 callidissimis
2039 1452 2245 1515 modis
2284 1470 2388 1515 co-

892 1562 1128 1615 nantur
1159 1570 1342 1615 veros
1363 1551 1675 1614 israelitas
1707 1552 2096 1614 subvertere.
2123 1550 2243 1613 Sed
2263 1550 2386 1612 Eli-

893 1671 1051 1725 seuS,
1069 1650 1131 1713 id
1152 1658 1245 1713 est
1268 1650 1578 1732 sapientes
1599 1648 1843 1732 praelati
1864 1656 1927 1712 et
1946 1649 2383 1731 praedicatores

894 1750 1129 1826 idonei,
1179 1749 1443 1813 astutias
1494 1750 1852 1811 daemonum
1905 1766 2031 1811 non
2084 1748 2383 1828 ignoran-

2492 774 2659 841 cant,
2684 766 2959 829 vinculis
2990 764 3423 846 constringere
3450 763 3772 839 vitiorum,
3806 782 3879 825 ac
3912 761 3974 823 iu

2494 883 2671 925 suam
2704 864 2989 945 redigere
3022 864 3495 945 captivitatem3
3532 862 3641 925 sed
3672 880 3980 924 excaecan-

2494 971 2597 1024 tur
2627 982 2664 1023 a
2701 962 2989 1039 Domino,
3040 963 3190 1024 dum
3230 981 3357 1024 non
3397 960 3852 1044 permittuntur
3892 979 3981 1021 se-

2495 1059 2765 1123 cretiora
2793 1079 3065 1142 quaeque
3096 1078 3289 1142 opera
3316 1059 3485 1122 bona
3504 1058 3851 1121 electorum
3879 1076 3982 1121 co-

2493 1176 2820 1238 gnoscere.
2846 1159 3297 1221 Verumtamen
3347 1158 3665 1220 interdum
3700 1165 3824 1219 tam
3870 1156 3981 1219 diu

2494 1276 2567 1319 ac
2598 1256 2805 1319 valide
2827 1257 3122 1320 obsident
3140 1266 3205 1319 et
3226 1256 3603 1338 impugnant
3622 1254 3983 1331 Ecclesiam,

2493 1356 2664 1437 quod
2716 1354 2991 1417 maxima
3040 1355 3471 1437 spiritualium
3518 1355 3830 1418 bonorum
3879 1374 3985 1435 pe-

2495 1454 2701 1529 nuria,
2767 1452 3055 1516 defectus
3112 1453 3659 1535 praedicationum,
3722 1452 3981 1515 ariditas

2493 1552 2700 1615 cordis
2735 1550 2799 1614 in
2830 1571 2905 1614 ea
2932 1559 3047 1613 est.
3075 1552 3251 1615 Tunc
3282 1570 3432 1633 ergo
3454 1550 3698 1633 praelati
3728 1560 3789 1614 et
3809 1550 3983 1633 prin-

2492 1651 2666 1732 cipes
2696 1649 2931 1713 debent
2961 1650 3185 1714 intime
3215 1650 3573 1725 condolere,
3609 1658 3673 1713 et
3702 1669 3816 1712 sua
3845 1667 3982 1712 cor-

2492 1767 2648 1830 pora
2704 1748 3053 1829 castigare;
3097 1768 3134 1810 a
3191 1749 3425 1811 sanctis
3473 1767 3730 1830 quoque
3777 1747 3980 1812 homi-

895 1856 1010 1925 teS,
1063 1866 1190 1911 non
1247 1856 1498 1910 cessant
1545 1847 1655 1910 Dei
1705 1846 2014 1928 populum
2063 1846 2311 1909 avisare
2365 1850 2461 1910 :B
2494 1847 2683 1909 nibus
2732 1846 3076 1929 implorare
3126 1847 3506 1924 subsidium,
3540 1846 3893 1929 praesertim
3943 1866 3981 1909 a

893 1955 1151 2029 propter
1177 1946 1350 2029 quod
1380 1945 1644 2028 spiritus
1674 1945 1770 2008 illi
1802 1944 2183 2027 nequissimi
2216 1964 2385 2007 sum-

2494 1945 2785 2009 Domino.

2039 2375 2687 2462 ARTICULUS
2770 2378 2844 2460 X

1146 2650 1456 2698 Exposrrlo
1499 2650 1772 2697 camum
1816 2652 2052 2698 SEPTnn
2095 2652 2109 2695 :
2158 2651 2324 2697 Dlxl'r
2364 2651 2568 2697 Auri-:u
2610 2650 2851 2696 nusi-:us
2894 2650 2909 2695 :
2953 2650 3177 2695 AUmTE
3218 2650 3457 2696 VERBUM
3500 2650 3732 2696 nolum.

899 2928 1205 3129 QUAM
1231 2928 1506 3011 gratiose
1532 2936 1596 2992 et
1623 2928 2018 3007 miraculose,
2037 2928 2379 3011 insperate,

2490 2948 2761 2989 manum
2792 2950 2909 2989 rex
2939 2930 3367 2999 incumbebat,
3386 2931 3640 2991 homiui
3668 2932 3813 3001 Dei,
3832 2932 3974 2993 ait:

1057 3027 1646 3108 incredibiliterque
1689 3028 1980 3091 celeriter
2025 3030 2191 3091 Deus
2236 3027 2385 3089 sub·
2410 3034 2454 3097 C
2490 3028 2571 3087 Si
2618 3028 2937 3089 Dominus
2981 3029 3205 3104 fecerit
3251 3028 3449 3087 etiam
3490 3037 3867 3101 cataractas,
3908 3028 3973 3092 id

893 3128 1071 3194 venit
1100 3127 1336 3210 populo
1380 3126 1566 3189 Israel
1609 3127 1675 3188 in
1707 3127 2114 3190 tribulatione
2158 3126 2383 3209 praefa-

891 3236 978 3305 ta,
1002 3227 1107 3290 hic
1138 3226 1438 3290 recitatur
1474 3242 1488 3287 ε
1524 3233 1587 3289 et
1617 3226 1738 3289 hoc
1771 3226 2101 3308 potissime
2131 3246 2208 3289 ex
2237 3244 2383 3308 pro-

893 3326 1034 3408 pria
1076 3325 1330 3407 pietate,
1380 3323 1677 3406 precibus
1723 3343 1977 3407 quoque
2017 3344 2090 3388 ac
2133 3324 2380 3387 meritis

893 3424 1110 3501 Elisei‚
1163 3422 1750 3505 discipulorumque
1807 3422 1947 3504 ejus
1997 3431 2061 3487 et
2107 3423 2381 3487 aliorum

893 3524 1208 3587 bonorum
1237 3522 1306 3583 in
1343 3520 1554 3597 Israel,
1589 3520 1702 3601 qui
1734 3539 1850 3583 nec
1879 3520 2024 3583 Baal
2069 3539 2188 3584 nec
2219 3521 2383 3585 vitu-

896 3620 992 3683 los
1021 3619 1475 3692 adoraverunt;
1499 3623 1561 3680 et
1590 3617 1779 3679 etiam
1805 3624 2064 3699 propter
2091 3619 2383 3699 quaedam

897 3715 1362 3801 poenitentialia
1380 3733 1572 3797 opera
1595 3714 1774 3795 regiS,
1784 3714 1894 3796 qui
1911 3716 2010 3793 (ut
2029 3717 2382 3796 praeceden-

897 3818 945 3880 ti
990 3816 1256 3878 habetur
1297 3813 1606 3895 capitulo)
1647 3812 1924 3894 portavit
1965 3812 2273 3892 cilicium,
2320 3824 2382 3878 et

899 3915 1165 3980 forsitan
1209 3914 1335 3977 alia
1378 3912 1532 3976 fecit
1574 3912 1832 3989 similia,
1875 3932 2016 3994 quae
2062 3932 2191 3976 non
2234 3924 2382 3978 sunt

896 4015 1132 4097 scripta
1158 4031 1172 4075 :
1203 4031 1344 4094 quae
1373 4010 1668 4093 quamvis
1703 4029 1828 4073 non
1861 4010 2101 4073 fuerint
2131 4014 2382 4077 merito-

893 4116 988 4178 ria
1027 4112 1244 4194 gratiae
1283 4110 1350 4171 in
1391 4108 1709 4191 praesenti,
1747 4117 1808 4171 et
1848 4109 2066 4189 gloriae
2107 4109 2172 4171 in
2212 4110 2381 4174 futu-

2490 3132 2586 3187 est
2626 3122 2939 3187 fenestras
2982 3144 3095 3188 seu
3130 3132 3375 3188 meatus
3412 3143 3527 3207 per
3564 3144 3723 3208 quos
3767 3127 3975 3191 imber

2488 3223 2838 3299 descendit,
2875 3226 2945 3284 in
2976 3227 3127 3285 coelo
3160 3241 3344 3287 aereo
3374 3223 3441 3285 in
3478 3242 3605 3305 quo
3638 3225 3841 3289 nubes
3872 3245 3978 3291 vo-

2490 3322 2695 3397 litant,
2730 3322 2987 3403 aperiri,
3013 3322 3133 3385 hoc
3162 3329 3279 3399 est,
3312 3322 3367 3384 si
3388 3323 3550 3386 Deus
3582 3322 3805 3387 fecerit
3832 3344 3977 3389 mox

2488 3420 2997 3502 copiosissimam
3028 3420 3313 3503 pluviam
3357 3422 3762 3501 descendere,
3792 3446 3980 3487 num-

2489 3521 2652 3599 quid
2671 3522 2912 3597 poterit
2941 3540 3067 3581 esse
3094 3523 3267 3599 quod
3296 3524 3573 3600 loqueris
3594 3524 3625 3582 ἒ
3663 3523 3846 3604 quasi
3888 3524 3979 3585 di-

2489 3625 2610 3694 cat,
2653 3617 3023 3680 Nullatenus
3055 3616 3202 3681 fieri
3231 3618 3487 3699 poterit.
3522 3618 3643 3682 Sed
3686 3621 3841 3703 quia
3876 3641 3979 3685 ca-

2490 3716 2670 3777 ristia
2728 3715 2851 3778 ista
2896 3734 3023 3779 non
3073 3715 3198 3779 fuit
3246 3716 3311 3778 in
3357 3717 3515 3780 urbe
3565 3717 3845 3783 Samaria
3898 3740 3975 3785 ex

2488 3813 2739 3877 defectu
2773 3814 3027 3896 pluviae,
3063 3814 3174 3876 sed
3206 3814 3560 3878 obsidionis
3602 3816 3977 3883 diuturnita-

2488 3919 2570 3989 te,
2607 3912 2865 3994 quidam
2900 3921 3225 3994 exponunt
3256 3912 3349 3977 sic
3382 3931 3396 3975 :
3437 3913 3501 3976 Si
3540 3914 3703 3979 Deus
3742 3917 3976 3999 pluerit

2489 4009 2762 4073 farinam
2792 4019 2855 4073 et
2884 4011 3191 4073 hordeum
3216 4011 3417 4074 instar
3446 4015 3869 4094 aquae,adhuc
3894 4026 3975 4081 ta-

2486 4129 2633 4173 men
2664 4128 2792 4173 non
2824 4118 3039 4191 posset
3066 4108 3188 4173 hoc
3221 4108 3365 4172 fieri
3390 4127 3404 4171 :
3432 4112 3600 4192 quod
3642 4122 3852 4178 tamen
3882 4117 3976 4182 vi-

891 4232 983 4289 ro,
1017 4212 1170 4295 quia
1201 4209 1536 4272 idololatra
1557 4206 1699 4283 fuit,
1728 4215 1936 4269 tamen
1961 4210 2379 4289 temporalem
2409 4212 2458 4273 D
2487 4210 2671 4273 detur
2700 4208 3040 4272 manifeste
3072 4208 3303 4271 falsum
3338 4208 3535 4273 fuisse
3560 4235 3573 4287 3
3610 4214 3718 4275 sed
3751 4215 3877 4277 dux
3900 4236 3975 4281 ex

889 4311 1298 4373 merebantur
1334 4305 1935 4369 remunerationem.

966 4410 1159 4471 Discit
1187 4416 1404 4467 autem
1434 4405 1690 4465 Etiseus
1735 4422 1809 4465 ex
1858 4403 2245 4468 revelatione
2288 4405 2383 4468 di-

888 4507 1038 4571 vina
1073 4524 1086 4568 ε
1121 4506 1367 4567 Audite
1412 4504 1674 4563 verbum
1715 4502 2000 4563 Domini.
2037 4506 2191 4564 Hoec
2220 4506 2381 4565 dicit

886 4606 1206 4666 Dominus
1236 4623 1257 4662 .·
1288 4604 1372 4663 In
1407 4610 1680 4677 tempore
1707 4601 1824 4659 hoc
1851 4620 2015 4671 cras,
2041 4600 2103 4661 id
2137 4610 2234 4663 est
2251 4621 2381 4665 cra-

887 4702 1056 4765 stina
1083 4702 1208 4777 die,
1233 4701 1273 4780 †
1302 4702 1460 4759 liora
1488 4718 1632 4777 quae
1663 4718 1838 4757 nunc
1867 4708 1978 4769 est,
2007 4697 2248 4763 scilicet
2282 4719 2381 4766 ea-

883 4802 1028 4863 dem
1059 4798 1293 4881 specie,
1329 4799 1581 4858 modius
1608 4797 1867 4865 similos,
1905 4795 1969 4859 id
2017 4804 2114 4860 est
2153 4797 2377 4861 farinae

883 4898 1260 4981 purissimae,
1295 4914 1425 4956 uno
1453 4903 1683 4955 statere
1708 4896 1855 4965 erit,
1878 4893 1939 4955 id
1971 4903 2088 4971 est,
2124 4914 2240 4976 pro
2264 4895 2373 4957 tali

882 4996 1132 5060 modica
1162 5001 1416 5057 moneta
1444 5010 1556 5053 seu
1579 4991 1860 5072 pondere
1886 5010 2079 5073 parvo
2099 5002 2369 5071 emetur,

881 5106 938 5157 et
963 5099 1092 5155 duo
1123 5094 1327 5155 modii
1356 5092 1581 5151 hordei
1624 5100 1853 5150 statere
1883 5111 2038 5161 unc,
2070 5093 2142 5151 in
2178 5102 2373 5168 porta

881 5194 1226 5257 Samariae.
1251 5191 1655 5267 Respondeas
1687 5208 1857 5247 unus
1883 5192 1964 5248 de
1991 5191 2285 5263 ducibuS,
2306 5190 2369 5252 id

881 5302 978 5357 est
1008 5286 1468 5376 principalibus
1499 5285 1700 5349 servis
1741 5286 1930 5366 regiS,
1962 5307 2154 5364 super
2182 5291 2370 5365 cujus

2488 4328 2662 4371 mera
2683 4308 3129 4372 incredulitate
3150 4308 3527 4390 loquebatur
3546 4310 3636 4373 ita
3653 4331 3975 4393 perverse.

2491 4409 2617 4476 Qui
2646 4410 2742 4467 ait
2773 4428 2795 4466 .·
2846 4408 3098 4467 Videbis
3128 4410 3329 4467 oculis
3364 4410 3493 4469 tuis
3513 4412 3972 4492 corporalibuS,

2486 4505 2657 4587 quod
2698 4503 2962 4586 praedixi
3009 4504 3088 4567 de
3135 4506 3459 4587 emptione
3499 4515 3563 4570 et
3612 4510 3977 4576 venditione

2486 4602 2708 4666 hordei
2742 4621 2815 4664 ac
2847 4601 3090 4679 farinae,
3119 4613 3178 4664 et
3208 4605 3364 4663 inde
3392 4626 3522 4666 non
3552 4612 3853 4671 comedes.

2567 4705 2856 4771 Quatuor
2884 4720 3030 4777 erqo
3058 4711 3246 4762 erant
3278 4704 3412 4762 viri
3441 4707 3676 4780 leprosi
3703 4726 3727 4765 .·
3757 4708 3975 4788 qui,ut

2482 4798 2683 4880 aliqui
2714 4798 3081 4881 opinantur,
3108 4798 3369 4861 fuerunt
3396 4800 3566 4863 Giezi
3595 4811 3659 4865 et
3688 4812 3815 4867 tres
3846 4806 3969 4869 filii

2483 4898 2642 4978 ejuS,
2668 4897 2779 4977 qui
2812 4906 3271 4960 consenserunt
3293 4898 3353 4961 ei
3382 4899 3449 4961 in
3482 4899 3751 4965 crimine
3778 4927 3792 4978 ;
3812 4906 3971 4983 juoe-

2484 5006 2548 5057 ta
2578 4998 2923 5056 introitum
2942 5006 3173 5073 portoe,
3206 4996 3270 5058 id
3308 5006 3426 5075 est,
3461 5008 3635 5061 extra
3666 5010 3729 5064 et
3770 5021 3968 5085 prope

2480 5101 2727 5175 portam
2757 5102 3097 5170 moranteS,
3131 5094 3285 5176 quia
3328 5096 3563 5178 leprosi
3610 5109 3787 5163 extra
3823 5121 3965 5184 por·
3991 5126 4081 5169 Leo
4086 5142 4183 5177 ......
4186 5128 4241 5167 ω.

2479 5199 2607 5254 tam
2637 5192 3029 5274 jubebantur
3058 5211 3315 5257 manere
3340 5218 3355 5268 3
3388 5198 3505 5275 qui
3532 5200 3849 5263 dixerunt
3876 5206 3964 5263 ad

2478 5293 2551 5352 in
2562 5292 2755 5353 vicem
2777 5312 2800 5352 .·
2824 5294 2995 5360 Quid
3025 5294 3132 5353 hic
3157 5314 3284 5354 esse
3305 5300 3601 5357 volumus
3620 5302 3821 5361 donec
3842 5324 3963 5364 mo-
