4309 6259
894 508 1012 572 262

1213 522 1559 569 RNARRATIO
1603 524 1662 568 IN
1707 522 1843 568 GAP.
1891 520 2064 566 XXXII
2106 519 2267 564 unm
2309 518 2559 564 SECUNDI
2600 515 3131 562 PARALIPOMENON.
3176 534 3257 544 —
3297 514 3439 560 ΛΒΤ.
3484 511 3656 558 xxxu

891 698 1066 757 Iuda
1096 700 1160 757 εἰ
1189 699 1570 765 Jerusalem,
1611 696 1828 754 dicens
1860 714 1883 752 .·
1915 697 2139 754 Coram
2180 692 2382 751 altari
2411 687 2461 750 A
2490 710 2640 750 rum
2670 691 2999 749 robustum
3029 697 3089 747 ec
3120 690 3585 755 bellatorem,et
3610 684 3973 763 principem

896 814 1024 855 uno
1066 796 1444 864 adorabitis,
1473 804 1532 853 ec
1575 796 1646 853 in
1685 795 1820 869 ipso
1859 794 2237 852 comburetis
2285 791 2383 850 in-

893 915 1148 954 censum
1172 896 1202 953 ‚2
1229 898 1338 954 An
1370 894 1684 970 iynoracis
1705 912 1848 970 quae
1876 910 1984 967 eqo
2014 890 2305 966 fecerim,
2325 897 2383 947 et

883 1012 973 1069 Ρη
983 1002 1101 1053 tres
1123 993 1248 1053 mei
1267 1002 1454 1052 cunct
1461 992 1512 1050 is
1535 1000 1850 1051 terra-rum
1865 988 2167 1065 populis?
2183 988 2384 1049 Num-

894 1093 1056 1169 quid
1077 1092 1570 1167 praevaluerunt
1587 1090 1692 1146 dii
1715 1089 2037 1163 qentium,
2068 1085 2383 1144 omnium-

893 1210 1015 1269 que
1048 1200 1395 1257 terrarum,
1428 1189 1698 1246 liberare
1737 1187 2056 1261 reqionem
2088 1204 2275 1243 suam
2304 1186 2382 1241 de

893 1308 1096 1348 manu
1125 1291 1312 1348 mea?
1334 1288 1490 1355 Quis
1519 1295 1608 1345 est
1636 1289 1718 1345 de
1743 1284 2068 1344 universis
2086 1283 2218 1342 diis
2232 1300 2380 1357 yen-

898 1387 1087 1455 tium,
1141 1405 1300 1462 quas
1347 1392 1761 1443 vastaverunt
1799 1392 2018 1459 patres
2065 1383 2217 1449 mei,
2265 1382 2382 1460 qui

887 1484 1174 1562 potuerit
1210 1502 1430 1542 eruere
1471 1486 1787 1558 populum
1823 1500 2015 1541 suum
2053 1482 2131 1539 de
2181 1499 2381 1538 manu

895 1603 1061 1651 mea,
1102 1590 1175 1641 ut
1215 1582 1418 1657 possit
1463 1582 1660 1640 etiam
1700 1581 1868 1639 Deus
1915 1587 2117 1637 vester
2162 1598 2383 1636 eruere

895 1702 1002 1740 vos
1029 1683 1108 1739 de
1146 1679 1266 1739 hac
1304 1699 1506 1739 manu
1529 1680 1558 1737 ?
1588 1680 1734 1741 Non
1775 1698 1882 1737 vos
1916 1697 2062 1753 erqo
2099 1678 2383 1752 decipiat

893 1780 1228 1849 Ezechias,
1269 1798 1386 1837 nec
1425 1798 1596 1837 vana
1641 1778 2050 1854 persuasione
2088 1778 2381 1844 deludat,

2489 791 2805 847 emerciius
2850 789 3018 863 reyis
3058 788 3498 863 Assyriorum.
3544 788 3637 845 Re
3646 802 3975 860 versusque

2490 898 2578 947 esi
2624 908 2769 947 cum
2808 888 3174 963 iynominia
3212 887 3285 943 in
3336 895 3572 945 terram
3616 903 3825 943 suam.
3857 879 3975 942 Ve-

2492 996 2848 1047 rumtamen
2881 994 2948 1046 ut
2978 984 3217 1047 dictum
3258 993 3353 1046 est
3388 991 3613 1065 quarto
3643 982 3881 1061 Regum
3910 988 3974 1041 et

2493 1104 2684 1165 super
2712 1084 2931 1145 lsaiam
2972 1093 3319 1159 ostensum,
3351 1084 3570 1145 decem
3604 1087 3973 1143 manserunt
4004 1099 4231 1156 lvfleym.

2494 1183 2887 1264 superstiteS,
2912 1203 3058 1246 eum
3088 1182 3322 1264 quibus
3368 1200 3474 1243 rex
3514 1180 3696 1260 fugit.
3734 1183 3975 1248 Quum·
4002 1166 4233 1275 ἷζῖἶῗψ·

2491 1302 2613 1359 que
2657 1284 2981 1358 inyressus
3027 1291 3179 1341 esset
3224 1284 3489 1341 domum
3525 1281 3633 1339 dei
3673 1280 3803 1348 sui,
3841 1279 3976 1354 filii

2492 1382 2610 1459 qui
2638 1383 2870 1457 eyressi
2897 1382 3167 1458 fuerant
3196 1384 3275 1440 de
3304 1390 3483 1439 utero
3524 1380 3684 1457 ejus,
3716 1378 3979 1455 interfe-

2490 1488 2715 1539 cerunt
2741 1500 2885 1539 eum
2920 1481 3167 1556 yladiO.
3203 1480 3627 1557 Salvavitque
3662 1479 3979 1537 Dominus

2490 1579 2696 1639 Ezeclz
2706 1580 2863 1648 iam,
2886 1588 2946 1637 ec
2966 1580 3350 1638 habitatores
3367 1580 3733 1645 Jerusalem,
3754 1579 3832 1635 de
3854 1596 3981 1634 ma-

2491 1697 2583 1737 nu
2634 1680 3071 1738 Sennacherib
3112 1679 3283 1753 regis
3312 1678 3759 1753 Assyriorum,
3796 1684 3855 1733 et
3900 1677 3980 1733 de

2493 1796 2694 1835 manu
2744 1778 3063 1846 omnium,
3110 1786 3168 1836 et
3209 1777 3516 1853 prce-stitit
3551 1775 3657 1833 ei*
3700 1774 3979 1853 quietem
4034 1791 4133 1833 'eis

895 1897 1099 1955 neque
1140 1878 1416 1936 credatis
1453 1877 1535 1937 ei.
1577 1878 1657 1937 Si
1698 1877 1870 1935 enim
1910 1879 2135 1934 nullus
2166 1874 2383 1952 potuit
2420 1876 2463 1936 B
2484 1894 2605 1951 per
2632 1876 3004 1935 circuitum.

895 1978 1049 2036 deus
1077 1984 1460 2035 cunctarum
1491 1976 1788 2051 yentium
1819 1984 2010 2052 atque
2044 1974 2377 2049 reqionum

896 2076 1171 2133 liberare
1201 2078 1520 2151 populum
1557 2094 1750 2133 suum
1789 2076 1867 2132 de
1899 2092 2102 2133 manu
2133 2092 2294 2141 mea,
2326 2080 2383 2131 et

893 2176 972 2233 de
1020 2192 1223 2233 manu
1257 2182 1531 2249 patrum
1573 2191 1849 2231 meorum
1871 2195 1900 2243 ,·
1935 2179 2386 2247 consequenter

895 2292 1008 2333 nec
1036 2274 1206 2332 Deus
1245 2280 1445 2331 vester
1475 2272 1712 2349 poterit
1747 2290 1968 2330 eruere
2011 2289 2114 2329 vos
2149 2272 2231 2328 de
2267 2270 2387 2327 hac

895 2391 1121 2430 manu.

975 2471 1105 2529 Sed
1132 2478 1192 2529 et
1221 2470 1360 2528 alia
1389 2472 1595 2527 multa
1628 2469 1824 2527 locuti
1860 2474 2011 2526 sunt
2049 2466 2220 2524 servi
2248 2466 2388 2542 ejus

895 2576 1122 2627 contra
1168 2568 1524 2628 Dominum
1572 2568 1806 2634 Deum,
1851 2574 1911 2625 et
1958 2572 2182 2623 contra
2230 2566 2388 2624 Eze-

895 2667 1111 2725 chiam
1139 2685 1396 2724 servum
1424 2664 1584 2739 eju&
1609 2664 1936 2740 Epistolas
1955 2682 2204 2741 quoque
2231 2663 2387 2720 scri-

887 2767 1024 2841 psit
1035 2768 1264 2840 plenas
1285 2763 1690 2838 blasphemice
1713 2762 1780 2819 in
1803 2762 2154 2821 Dominum
2186 2763 2384 2820 Deum

896 2864 1124 2922 Israel.
1147 2859 1282 2922 Hoc·
1308 2857 1432 2919 fuit
1465 2858 1718 2938 quando
1748 2859 1826 2920 ad
1851 2865 2098 2939 tempus
2129 2857 2389 2920 recessit

607 2972 870 3081 ἑνζιεμικ,
900 2978 936 3020 a
967 2966 1132 3019 terra
1162 2957 1342 3033 suda,
1369 2956 1623 3037 cognito
1655 2957 1931 3019 adventu
1966 2955 2132 3035 regis
2154 2955 2391 3017 AEthio-

2574 1974 2777 2031 Multi
2805 1974 3001 2031 etia-m
3036 1970 3373 2051 gentilium
3413 1990 3489 2034 ex
3526 1988 3720 2050 regno
3758 1971 3981 2033 decem

2500 2070 2781 2132 tribuum
2830 2073 3200 2148 deferebant
3256 2072 3493 2132 hostias
3537 2080 3596 2131 et
3652 2072 3981 2145 sacrificia

2496 2170 2769 2230 Domino
2820 2171 2891 2228 in
2929 2172 3307 2241 Jerusalem,
3351 2167 3567 2230 audito
3616 2166 3734 2229 isto
3780 2167 3985 2229 admi-

2500 2267 2694 2328 rando
2727 2266 3073 2347 triumpho,
3099 2285 3175 2328 ex
3203 2285 3329 2347 quo
3360 2266 3889 2347 omnipotentiam
3920 2272 3983 2327 et

2497 2363 2965 2445 providentiam
3012 2373 3205 2446 atque
3248 2364 3561 2445 justitiam
3610 2364 3717 2426 Dei
3764 2382 3987 2445 pensa·

2497 2461 2689 2535 bant3
2735 2464 3371 2544 regratiabanturque
3408 2464 3489 2541 ei,
3529 2465 3697 2544 quod
3742 2463 3986 2545 impiis-

2498 2562 2729 2623 simum
2764 2563 2946 2624 illum
2985 2570 3344 2646 tyrannum,
3381 2564 3491 2645 qui
3526 2570 3769 2625 tantum
3800 2582 3988 2625 vexa-

2496 2670 2672 2725 verat
2695 2662 2979 2743 undique
3001 2680 3189 2741 regna
3215 2670 3543 2739 terrarum,
3562 2671 3691 2724 tam
3708 2662 3988 2742 gloriose

2496 2778 2573 2822 ac
2601 2761 2939 2823 metuende
2982 2759 3253 2841 deJecit3
3300 2770 3358 2820 el
3388 2782 3660 2821 munera
3693 2763 3989 2821 Ezechia-

2498 2862 2640 2935 reffl'
2667 2862 2871 2927 Juda,
2904 2859 3240 2939 diligentes
3270 2878 3413 2921 eum
3456 2867 3514 2921 et
3552 2867 3759 2939 grates
3803 2859 3862 2921 ei
3896 2878 3991 2921 re-

2503 2955 2802 3033 ferenteS,
2829 2976 2902 3019 eo
2934 2958 3104 3039 quod
3130 2957 3285 3019 tanti
3318 2958 3567 3041 tyranni
3591 2966 3993 3040 procurasset

900 3055 1022 3139 piae
1072 3063 1290 3118 contra
1339 3074 1427 3117 se.
1479 3057 1566 3115 Ec
1616 3058 1859 3115 loeutus
1907 3064 1997 3115 est
2045 3058 2387 3115 adversum
2425 3063 2469 3126 C
2502 3056 2774 3117 ruinam.
2812 3059 2940 3125 Qui
2966 3062 3290 3118 (mallatus
3328 3067 3416 3117 est
3436 3067 3577 3134 post
3616 3060 3747 3119 haec
3774 3077 3991 3117 eoram

898 3176 1104 3215 eum:
1136 3156 1324 3215 Sicut
1371 3155 1474 3214 dii
1515 3156 1810 3232 gentium
1856 3164 2211 3214 ceterarum
2258 3174 2389 3213 non

893 3263 1247 3331 potuerunt
1279 3254 1552 3312 liberare
1576 3256 1896 3330 populum
1925 3272 2117 3311 suum
2146 3254 2225 3310 de
2256 3272 2391 3311 ma-

899 3372 993 3412 nu
1035 3370 1200 3419 mea,
1237 3351 1332 3409 sic
1367 3360 1424 3410 et
1454 3352 1622 3409 Deus
1651 3350 1946 3409 Ezeclcioe
1991 3370 2213 3408 eruere
2259 3370 2388 3409 non

893 3452 1132 3527 poterit
1163 3452 1482 3526 populum
1519 3468 1710 3508 suum
1739 3450 1819 3507 de
1862 3467 2060 3507 manu
2099 3450 2245 3507 ista.
2281 3451 2390 3508 In-

899 3568 1094 3626 super
1150 3556 1210 3607 οι
1259 3551 1536 3607 clamore
1592 3565 1844 3622 mayno,
1891 3547 2120 3621 linqua
2159 3548 2390 3605 Judai-

901 3668 976 3706 ca
1013 3656 1236 3705 contra
1277 3648 1592 3723 populum
1639 3646 1756 3723 qui
1788 3645 2034 3703 sedebat
2078 3647 2148 3703 in
2182 3647 2389 3704 muris

899 3748 1278 3815 Jerusalem,
1322 3746 1730 3820 persona-bat,
1761 3753 1834 3803 ut
1874 3752 2132 3803 terreret
2177 3764 2301 3812 eos,
2332 3754 2389 3804 et

901 3852 1150 3919 caperet
1190 3844 1538 3902 civitatem.
1589 3844 1996 3922 Locutus-que
2031 3853 2121 3903 est
2168 3852 2391 3902 contra

901 3944 1108 4002 Deum
1140 3943 1367 4014 Israel,
1398 3942 1565 4000 sicut
1595 3944 1939 4001 adversum
1968 3945 2113 4001 deos
2131 3946 2393 4018 populo-

904 4060 1055 4100 rum
1087 4049 1298 4107 terroe,
1329 4059 1518 4115 opera
1541 4061 1861 4100 manuum
1888 4042 2247 4101 hominum.

989 4141 1351 4199 Oraverunt
1380 4139 1588 4213 iyicur
1611 4142 1918 4199 Ezechias
1937 4160 2074 4211 rex,
2093 4150 2152 4199 et
2183 4141 2392 4200 Isaias

2500 3157 2747 3215 cunctis
2768 3158 3091 3231 gentibus,
3113 3155 3232 3218 hoc
3253 3164 3368 3233 est,
3397 3154 3675 3218 famosus
3716 3155 3782 3218 ef
3787 3154 3812 3215 Γ
3813 3163 3993 3217 ectus

2500 3253 2670 3333 apud
2704 3272 2922 3316 omncs
2957 3254 3067 3333 qui
3100 3254 3217 3315 ista
3252 3262 3693 3336 perceperunt,
3714 3272 3789 3316 eo
3818 3255 3994 3335 quod

2504 3350 2649 3413 talis
2682 3372 2755 3414 ac
2789 3361 2999 3414 tantus
3032 3363 3199 3415 esset
3225 3354 3395 3434 apud
3428 3352 3845 3429 Altissimum‚
3880 3354 3994 3433 qui

2506 3450 2597 3512 sic
2628 3470 2742 3533 per
2772 3451 3066 3531 angelum
3100 3470 3285 3513 suum
3319 3452 3627 3533 pugnavit
3658 3469 3774 3533 pro
3808 3470 3909 3514 ce.

2586 3552 2662 3609 In
2694 3551 2917 3609 (liebus
2948 3553 3084 3610 illis
3104 3553 3439 3627 ce’yrotavit
3460 3552 3772 3612 Ezechias
3790 3571 3997 3629 usque

2502 3650 2590 3707 ad
2625 3657 2883 3707 mortem
2921 3648 3266 3725 exclusive,
3300 3660 3359 3709 et
3396 3650 3605 3709 oravit
3634 3652 3993 3710 Dominum

2505 3753 2573 3805 ut
2604 3755 2954 3808 sanaretur.
2988 3750 3485 3827 Eoeaudivitque
3521 3768 3693 3817 eum,
3722 3758 3781 3807 et
3806 3750 3991 3808 dedit
4255 3813 4256 3837 ¹

2500 3846 2562 3901 ei
2590 3846 2876 3921 signum,
2900 3844 2984 3906 ita
3016 3846 3185 3925 quod
3217 3846 3305 3907 sol
3333 3845 3519 3908 rediit
3550 3847 3767 3908 decem
3798 3846 3990 3909 lineis
4046 3866 4225 3923 δορα-ιν

2504 3962 2613 4004 seu
2647 3942 2947 4023 gradibus
2981 3943 3047 4004 in
3078 3943 3407 4023 horologio
3436 3944 3661 4021 Achaz,
3698 3954 3889 4026 prout.
3911 3945 3994 4006 is·
4022 3933 4135 4037 {3¹2²
4160 3934 4225 3970 '¹¹'
4255 3962 4256 3967 ’

2503 4042 2613 4102 tud
2639 4050 2862 4121 quarto
2897 4042 3131 4121 Regum
3167 4042 3331 4105 libro
3362 4043 3721 4123 expositum
3750 4041 3895 4105 fuit.

2584 4144 2713 4201 Sed
2750 4142 3099 4216 nonsit-zita
3140 4144 3445 4219 beneficia
3488 4162 3629 4221 quoe
3667 4153 3993 4219 acceperat

903 4238 1086 4313 filius
1105 4238 1300 4296 Amos
1323 4236 1679 4313 prophetes)
1704 4240 2046 4298 adversum
2069 4240 2237 4297 hanc
2267 4242 2394 4297 bla-
2423 4247 2471 4308 D
2502 4258 2537 4299 a
2570 4239 2715 4311 Deo,
2750 4240 3050 4298 retribuit
3078 4238 3160 4314 ei,
3198 4238 3260 4299 id
3292 4248 3407 4316 est,
3446 4239 3727 4319 ingratus
3762 4241 3885 4303 Deo
3904 4241 3995 4303 ef-

904 4336 1264 4412 splzemiam
1302 4333 1437 4394 zelo
1475 4332 1760 4413 justitiae‚
1797 4344 1864 4396 ut
1902 4336 2110 4416 justus
2160 4346 2223 4399 et
2270 4356 2395 4399 om-

907 4432 1204 4513 nipotens
1237 4431 1398 4493 Deus
1429 4449 1568 4492 eam
1601 4431 2034 4511 ulcisceretur,
2067 4456 2141 4494 ac
2172 4438 2395 4515 vocife-

905 4533 1042 4590 rati
1087 4539 1239 4589 sunt
1277 4550 1476 4607 usque
1521 4531 1593 4590 in
1642 4535 1895 4602 coelum,
1931 4532 2050 4595 hoc
2096 4541 2212 4609 est,
2266 4542 2391 4594 tam

906 4627 1350 4690 ardentissime
1396 4646 1468 4690 ac
1517 4626 2000 4693 fiducialissime
2047 4639 2109 4694 ct
2155 4631 2394 4694 indesi-

907 4734 1132 4789 nenter
1160 4725 1496 4789 Dominum
1527 4726 2003 4805 invocaverunt,
2029 4731 2199 4811 quod
2236 4731 2393 4792 Deus

909 4826 976 4887 in
1006 4824 1168 4889 coelo
1201 4823 1507 4901 residens,
1545 4826 1823 4888 ostendit
1851 4846 1918 4889 se
1949 4847 2087 4889 eam
2120 4830 2388 4892 audisse.

901 4923 1120 4987 Oravit
1149 4932 1358 4986 autem
1382 4931 1444 4986 et
1467 4931 1634 4985 totus
1657 4925 1930 5007 populus
1961 4926 2263 5003 Ezechiae,
2284 4929 2393 4990 sed

907 5023 972 5083 hi
1003 5022 1152 5099 duo,
1189 5029 1491 5102 tanquam
1523 5023 2000 5085 excellentiores
2032 5034 2093 5085 et
2124 5026 2397 5088 sanctio-

615 5135 880 5239 ssceztxxm
907 5140 1028 5197 τες,
1063 5139 1192 5203 prae
1223 5120 1447 5181 ceteris
1487 5121 1950 5201 exprimuntur.
1983 5122 2220 5205 Nempe
2258 5143 2396 5186 ora-

908 5220 996 5281 tio
1023 5218 1180 5299 justi
1212 5225 1500 5299 penetrat:
1531 5219 1747 5281 coelOS.
1773 5222 1857 5280 Ec
1881 5222 2057 5280 misit
2077 5224 2393 5283 Dominus

906 5320 1210 5393 angelum
1255 5335 1469 5386 suum,
1512 5317 1628 5393 qui
1653 5319 1966 5393 percussit
2002 5338 2256 5378 omnem
2305 5322 2393 5379 vi—

2506 4334 2709 4398 fectus
2761 4345 2878 4410 est,
2921 4336 3039 4416 ‚qui
3082 4344 3255 4397 tanta
3294 4335 3447 4399 fecit
3484 4339 3561 4400 ad
3614 4338 3811 4420 ipsius
3850 4339 3997 4401 Eze-

2504 4434 2661 4497 chiae
2694 4433 3084 4509 instantiam,
3120 4434 3185 4495 in
3220 4435 3371 4498 solis
3397 4438 3861 4517 supernaturali
3894 4458 3995 4501 re-

2506 4532 2916 4609 trocessione‚
2969 4532 3033 4593 in
3086 4532 3485 4614 Assyriorum
3538 4553 3651 4616 per
3691 4534 3993 4614 angelum

2508 4630 2989 4705 immoratione,
3017 4630 3084 4691 in
3116 4631 3215 4692 sui
3249 4631 3451 4712 ipsius
3482 4632 3858 4695 miraculosa
3892 4653 3996 4696 cu·

2504 4730 2769 4805 ratione,
2805 4738 2867 4791 et
2899 4730 3042 4793 vitae
3083 4748 3212 4792 suoe
3260 4730 3763 4812 prolongatione,
3796 4740 3992 4813 atque

2506 4828 2571 4888 in
2602 4828 2744 4889 aliis
2782 4828 3001 4888 multis
3040 4847 3112 4889 ac
3152 4829 3397 4908 magnis
3438 4829 3877 4911 spiritualibus
3918 4851 3991 4893 ac

2506 4926 2944 5009 corporalibus
2974 4927 3194 4999 donis;
3229 4929 3385 5006 (suia
3424 4932 3739 4989 cler-atum
3768 4940 3855 4989 est
3883 4950 3994 4990 eor

2506 5028 2644 5102 ‹y'us
2674 5024 2739 5085 in
2772 5024 3154 5105 superbiam,
3180 5034 3240 5086 et
3272 5024 3545 5087 inaniter
3564 5026 3867 5106 gloriatus
3896 5036 3993 5089 est

2506 5143 2579 5185 ex
2614 5131 2787 5184 tanta
2818 5142 2929 5184 sua
2963 5121 3326 5198 famatione,
3354 5133 3415 5185 et
3435 5124 3581 5205 quia
3610 5134 3697 5187 tot
3724 5131 3788 5186 et
3818 5132 3991 5186 tanta

2506 5229 2763 5303 propter
2805 5220 3012 5301 ipsum
3055 5219 3219 5282 facta
3262 5220 3544 5297 fuerunt,
3580 5242 3719 5303 quae
3757 5231 3820 5285 et
3856 5224 3991 5284 suis

2504 5319 2747 5381 meritis
2801 5320 2963 5381 ultra
3003 5319 3391 5399 condignum
3431 5320 3708 5383 creditur
3755 5322 3991 5384 adscri-
