4309 6259
99 998 132 1039 n
160 1000 284 1042 Tim.
309 1014 372 1051 n,

84 1794 360 1846 Eceli.xv,3
371 1826 383 1838 .

113 3678 246 3720 lbid.
262 3691 302 3719 x.
323 3680 390 3719 15.

121 3875 236 3918 rob.
257 3888 308 3923 iv,
327 3877 394 3915 Η.

1235 522 1585 569 ENARRATlo
1627 524 1688 569 IN
1732 524 1867 570 CAP-
1913 524 2022 570 xlx
2061 524 2187 571 JOB.
2234 544 2315 557 --
2354 526 2495 572 ΛΒΤ.
2544 527 2689 575 XLIII

3384 508 3496 571 551

403 691 486 750 in
517 700 650 749 rete
669 694 862 769 pedes
891 712 1057 753 suos,
1076 692 1211 755 Non
1244 692 1646 775 implicemus
1677 712 1791 756 nos
1823 693 1910 756 la-
1938 692 1989 754 A
2019 713 2233 757 coram
2272 696 2399 758 Deo
2431 704 2681 759 mortua
2719 716 2828 759 seu
2872 696 3287 761 immeritor-ia
3327 694 3499 759 facit.

407 807 582 870 queo
616 789 888 867 inimici,
910 790 1170 853 vinculo
1200 792 1468 872 peccati,
1503 809 1750 871 sagenae
1779 792 1910 854 dia-

409 886 570 964 boli,
609 896 680 950 ut
707 897 905 968 agunt
937 888 1170 970 iniqui.
1205 890 1291 953 De
1328 891 1562 972 quibus
1594 892 1672 953 ad
1703 892 1911 954 Timo-

409 986 636 1049 theum
697 988 921 1051 scribit
967 989 1308 1071 Apostolus
1369 1008 1382 1051 ε
1434 989 1829 1071 Resipiscant
1874 1009 1910 1051 a

411 1084 666 1166 laqueis
696 1086 960 1164 diaboli,
996 1105 1034 1149 a
1063 1105 1192 1169 quo
1232 1089 1468 1170 captivi
1508 1096 1803 1153 tenentur
1833 1089 1909 1150 ad

407 1183 619 1265 ipsius
650 1186 1068 1249 voluntatem.

491 1285 890 1345 Attenuetur
915 1290 1092 1367 fame
1129 1289 1329 1347 robur
1355 1288 1514 1364 ejus,
1547 1286 1668 1349 Ista
1719 1294 1910 1367 atque

407 1382 752 1463 sequentia
783 1401 910 1446 non
945 1384 1354 1466 imprecando
1377 1384 1612 1447 malum
1644 1404 1755 1448 seu
1787 1404 1911 1447 ma-

408 1479 776 1557 ledicendo,
801 1482 912 1543 sed
943 1482 1383 1563 praedicend03
1427 1502 1537 1545 seu
1567 1482 1701 1546 zelo
1730 1484 1910 1564 justi-

411 1578 544 1653 tiae,
582 1597 709 1641 non
755 1578 956 1643 livore
1001 1581 1324 1658 vindictae,
1363 1590 1760 1662 promuntur.
1795 1583 1911 1646 Ro-

411 1675 534 1739 bur
554 1686 764 1739 autem
785 1678 1082 1755 hominis,
1098 1688 1193 1742 est
1215 1679 1373 1742 ratio
1395 1680 1534 1761 ejus
1554 1696 1567 1742 :
1591 1699 1724 1761 quae
1745 1680 1911 1744 fame

413 1784 809 1853 attenuatur,
844 1777 996 1839 dum
1042 1777 1458 1860 spiritualiter
1497 1796 1624 1841 non
1665 1780 1912 1842 cibatur

2017 792 2339 869 Praeterea,
2367 813 2561 875 quum
2594 804 2921 876 peccatum
2952 794 3181 858 animae
3210 813 3381 859 mors
3406 813 3507 857 vo-

2019 900 2219 969 cetur,
2257 892 2377 956 rite
2416 893 2839 975 primogenita
2870 913 3041 958 mors
3072 893 3371 975 superbia
3397 912 3507 975 ap-

2019 991 2315 1073 pellatur,
2352 1011 2492 1073 quae
2538 992 2605 1053 in
2654 994 2817 1056 coelo
2856 992 3130 1076 sumpsit
3176 992 3505 1056 exordium

2017 1099 2166 1152 ante
2196 1089 2373 1153 aliud
2402 1108 2591 1154 omne
2623 1100 2973 1173 peccatum.

2103 1192 2310 1249 Calcet
2356 1210 2549 1268 super
2588 1211 2759 1257 eum,
2790 1194 2979 1271 quasi
3006 1212 3143 1262 reo),
3176 1192 3507 1258 interitum

2021 1286 2084 1348 id
2135 1296 2232 1349 est
2282 1286 2595 1364 diaboluS,
2630 1307 2742 1351 seu
2791 1289 3180 1351 consuetudo
3231 1287 3453 1369 iniqua
3488 1304 3501 1349 :

2019 1387 2122 1448 cui
2153 1387 2421 1450 vitiosus
2453 1406 2712 1470 prorsus
2744 1387 3103 1468 subjicitur,
3124 1387 3273 1467 quia
3293 1388 3390 1466 (ut
3418 1386 3509 1447 ait

2021 1485 2085 1547 in
2117 1487 2397 1548 secunda
2428 1506 2543 1548 sua
2570 1486 2841 1567 epistola
2868 1486 3112 1564 Petrus)
3134 1483 3361 1566 iniqui,
3383 1503 3507 1546 ser·
3555 1505 3587 1548 ιι
3608 1505 3797 1557 ecem,

2021 1584 2084 1649 vi
2137 1592 2287 1645 sunt
2335 1583 2763 1665 corruptionis
2812 1601 2826 1645 :
2879 1603 2917 1646 a
2964 1601 3092 1664 quo
3140 1582 3313 1645 enim
3362 1581 3507 1664 quis
3537 1570 3603 1612 ¹⁹·

2021 1682 2229 1747 victus
2276 1691 2393 1761 est,
2428 1683 2622 1764 hujus
2666 1691 2729 1745 et
2779 1702 2999 1745 servus
3048 1690 3166 1744 est.
3200 1683 3509 1742 Habitent

2023 1785 2094 1841 in
2129 1785 2535 1843 tabernaculo
2564 1783 2729 1859 ejus,
2759 1781 2822 1845 id
2868 1788 2963 1845 est
3014 1780 3078 1842 in
3130 1781 3319 1843 domo
3366 1797 3512 1843 eon·

417 1896 586 1959 pane
618 1876 767 1940 vitae
796 1885 860 1939 et
891 1876 1275 1953 intellectus,
1300 1878 1549 1941 actione
1577 1878 1906 1955 virtutum,
1949 1880 1995 1941 B
2021 1880 2307 1944 scientim
2339 1899 2488 1954 suae,
2522 1883 2681 1939 socii
2707 1883 2847 1957 ejus
2874 1882 2992 1961 qui
3018 1901 3147 1941 non
3177 1890 3288 1951 est,
3322 1878 3387 1941 id
3416 1886 3513 1941 est

416 1975 790 2038 divinorum
828 1974 1156 2039 infusione
1199 1976 1678 2039 charismatum.
1706 1980 1793 2039 Ec
1821 1980 1914 2038 in-

411 2078 594 2145 edia,
625 2074 690 2136 id
741 2083 840 2137 est
887 2075 1236 2155 gratiarum
1287 2075 1590 2153 carentia,
1635 2095 1778 2157 quae
1818 2085 1914 2138 est

415 2172 774 2256 spiritualis
814 2182 878 2236 et
918 2173 1194 2236 maxima
1232 2174 1379 2237 vitae
1417 2174 1606 2256 hujus
1647 2193 1914 2256 pauper—

413 2282 537 2350 taS,
575 2264 854 2333 inimdat
890 2283 1088 2333 costas
1117 2275 1328 2343 illinc,
1360 2272 1424 2335 id
1454 2282 1550 2335 est
1582 2274 1912 2337 interiores

415 2391 646 2435 sensus
699 2370 926 2452 ipsiuS‚
974 2372 1125 2434 dum
1176 2371 1592 2453 spiritualiter
1641 2391 1767 2435 non
1820 2372 1914 2435 fo-

418 2478 652 2534 vcntur
681 2488 800 2532 nec
832 2468 1232 2531 roborantur.
1252 2468 1788 2542 Quemadmodum
1813 2490 1916 2533 au-

421 2578 546 2633 tem
583 2576 778 2631 costae
807 2566 1053 2629 viscera
1083 2567 1548 2645 constringunt,
1583 2576 1652 2629 ut
1696 2586 1912 2629 earum

415 2666 742 2731 soliditate
793 2664 1187 2742 muniantur,
1222 2684 1366 2745 quae
1403 2665 1785 2728 intrinsecus
1825 2665 1915 2727 la-

419 2775 598 2845 tent3
643 2765 736 2825 sic
777 2781 1002 2825 sensus
1043 2762 1280 2825 interni
1321 2762 1588 2825 interius
1621 2763 1910 2841 latenteS,

415 2871 772 2945 contegunt
803 2861 1117 2943 cogitatus
1152 2880 1166 2923 :
1200 2860 1310 2943 qui
1345 2861 1470 2923 nisi
1504 2882 1616 2943 per
1646 2862 1912 2943 gratiam

416 2964 883 3047 gubernentur,
938 2959 1201 3043 praefata
1259 2970 1724 3023 consumuntur
1782 2962 1916 3025 ine-

2023 1977 2285 2060 spiritus
2318 1976 2605 2057 maligni,
2628 1976 2889 2059 spiritus
2910 1976 3226 2052 elationiS,
3247 1976 3510 2057 spiritus

2020 2075 2409 2158 cupiditatiS,
2447 2074 2709 2157 spiritus
2759 2074 3171 2150 carnalitatiS,
3205 2073 3318 2154 qui
3362 2082 3512 2135 sunt

2023 2176 2179 2239 socii
2213 2174 2525 2256 principis
2564 2174 2970 2237 tenebrarum
3004 2191 3019 2235 :
3055 2172 3165 2253 qui
3216 2171 3511 2253 spiritua-

2023 2273 2167 2336 liter
2205 2291 2332 2336 non
2368 2282 2484 2350 est,
2519 2282 2711 2355 atque
2750 2292 2787 2334 a
2823 2271 3073 2334 Christo
3114 2271 3193 2333 ad
3235 2270 3506 2332 nihilum

2024 2373 2313 2434 redactus
2351 2372 2679 2449 asseritur,
2716 2370 2867 2452 quia
2904 2369 3236 2433 convictus
3275 2377 3339 2431 et
3370 2387 3511 2449 per-

2022 2469 2194 2532 ditus
2224 2478 2339 2547 est,
2361 2477 2424 2532 et
2452 2490 2489 2532 a
2520 2487 2769 2532 summo
2792 2486 2953 2544 esse,
2972 2486 3219 2529 summe
3249 2485 3508 2530 aversus

2023 2577 2138 2631 cst.
2168 2569 2323 2631 Hinc
2342 2567 2629 2630 Christus
2660 2567 2728 2629 in
2760 2566 3101 2647 Evangelio
3132 2566 3223 2629 ait
3257 2583 3271 2627 :
3302 2565 3506 2640 Quum
3536 2580 3786 2687 23:¹4⁸?AEss

3534 2720 3591 2759 xi,
3608 2708 3676 2757 2⁴,
3692 2708 3760 2749 2⁶.

2023 2668 2391 2730 immundus
2421 2666 2687 2749 spiritus
2717 2665 2943 2728 exierit
2967 2664 3050 2726 ab
3083 2664 3508 2741 homine,am-

2022 2766 2206 2830 bulat
2234 2785 2345 2847 per
2374 2766 2515 2829 loca
2544 2764 2874 2845 inaquosa,
2908 2772 2971 2827 et
3004 2782 3132 2827 non
3170 2762 3507 2825 inveniens

2023 2864 2331 2947 requiem,
2366 2864 2569 2926 dicit:
2607 2863 2905 2928 Revertar
2954 2862 3033 2924 ad
3086 2862 3289 2923 locum
3340 2860 3509 2923 unde

2024 2963 2214 3027 exivi.
2250 2963 2424 3024 Tunc
2455 2962 2651 3039 vadit,
2686 2970 2749 3024 et
2777 2961 3045 3023 assumit
3076 2968 3318 3041 septem
3349 2958 3509 3021 alios

415 3063 544 3139 dia,
561 3062 716 3144 quia
741 3058 1363 3123 deficiunt.Devorct
1386 3058 1602 3122 inedia
1629 3059 1748 3121 ista
1768 3065 1915 3138 pul·
1943 3067 1986 3131 C
2026 3061 2289 3143 spiritus
2319 3060 2657 3141 nequiores
2690 3079 2780 3137 se,
2813 3067 2876 3122 et
2916 3057 3185 3140 ingressi
3226 3056 3515 3119 habitant

417 3162 866 3223 claritudinem
911 3160 1080 3219 cutis
1128 3160 1292 3235 ejuS,
1332 3158 1396 3220 id
1441 3166 1538 3220 est
1583 3158 1914 3221 exterioris

417 3257 928 3324 conversationis
978 3258 1293 3333 decorem,
1342 3276 1467 3337 qua
1515 3256 1661 3337 quis
1711 3276 1916 3320 exem-

419 3357 622 3443 plaris
672 3356 962 3420 efficitur
1013 3374 1028 3417 z
1085 3355 1197 3436 qui
1247 3355 1300 3415 si
1350 3354 1617 3435 gratiam
1669 3356 1910 3437 perdat,

420 3454 880 3538 inexemplaris
928 3455 1060 3535 jam
1113 3452 1419 3516 redditur.
1452 3456 1540 3515 Ec
1587 3464 1917 3515 consumat

421 3559 721 3625 brachia,
763 3553 830 3615 id
869 3562 966 3617 est
1003 3571 1198 3634 opera
1231 3553 1445 3621 iltius,
1481 3554 1914 3629 primoycnita

423 3676 624 3724 mora,
659 3652 725 3714 id
775 3659 873 3714 est
919 3649 1240 3732 superbia,
1285 3650 1572 3711 omnium
1615 3650 1916 3714 vitiorum

423 3754 630 3833 origo.
654 3751 833 3813 Unde
864 3748 1195 3814 verissime
1224 3747 1460 3810 dicitur
1484 3766 1498 3810 ε
1525 3748 1669 3811 Sola
1701 3767 1920 3829 super-

426 3851 534 3913 bia
584 3848 856 3913 destruit
903 3846 1143 3924 omnia,
1178 3848 1232 3908 si
1276 3846 1636 3910 comitetur.
1670 3848 1736 3911 ln
1781 3848 1920 3929 ipsa

424 3949 600 4013 enim
637 3947 892 4009 initium
934 3946 1208 4027 sumpsit
1246 3945 1458 4009 omnis
1498 3946 1790 4028 perditio.
1827 3946 1920 4009 Id-

423 4048 599 4113 circo
628 4065 824 4129 opera
853 4045 1132 4109 hominis
1166 4044 1305 4126 ipsa
1331 4045 1673 4121 consumit,
1700 4045 1764 4107 id
1797 4054 1913 4122 est,

2027 3159 2139 3222 ibi.
2191 3162 2638 3237 Adsperyatur
2686 3161 2758 3219 in
2817 3160 3250 3226 taber-nacula,
3299 3154 3363 3217 id
3418 3164 3516 3217 est

2027 3275 2291 3339 corpore
2336 3258 2475 3335 ejus
2520 3260 2766 3337 sulfur,
2810 3254 2872 3318 id
2921 3262 3017 3317 est
3067 3253 3254 3317 foetor
3300 3272 3516 3316 carna-

2028 3356 2186 3418 lium
2219 3354 2539 3431 vitiorum,
2577 3354 2810 3435 quibus
2850 3352 3281 3432 subjiciuntur
3318 3360 3383 3415 et
3418 3351 3515 3414 in-

2027 3454 2377 3536 quinantur
2400 3453 2653 3535 reprobi
2678 3461 2867 3534 atque
2887 3450 3187 3533 perversi.
3206 3454 3515 3511 Deorsum

2027 3555 2277 3614 radices
2304 3554 2445 3630 ejus
2472 3556 2816 3621 siccentur,
2848 3550 2912 3612 id
2947 3556 3062 3624 est,
3095 3547 3513 3628 cogitationes

2027 3651 2535 3731 affectionesque
2575 3650 2715 3731 ejus
2757 3650 2823 3712 in
2868 3648 3069 3711 fundo
3111 3666 3241 3709 suae
3281 3647 3513 3709 mentis

2026 3751 2295 3813 humore
2315 3755 2571 3811 careant
2587 3748 2957 3827 gratiarum,
2974 3744 3073 3806 inf
3076 3753 3513 3825 ructuosaeque

2028 3847 2055 3908 f
2058 3848 2221 3921 iant3
2251 3866 2513 3907 sursum
2534 3856 2746 3907 autem
2771 3852 3091 3905 atteratur
3112 3843 3329 3902 messis
3348 3843 3515 3918 eJ'uS,

2030 3946 2095 4008 id
2115 3954 2211 4008 est
2231 3945 2560 4026 congeries
2588 3962 2875 4027 operum,
2902 3942 2991 4004 ita
3011 3948 3079 4003 ut
3098 3940 3347 4002 inutilis
3366 3940 3516 4003 Deo-

2027 4063 2154 4126 que
2177 4042 2503 4124 inaccepta
2524 4043 2607 4105 sit
2627 4042 2757 4108 vita
2783 4040 3007 4124 ipsiuS.
3030 4037 3249 4101 Cetera
3269 4044 3509 4118 patent.

1471 4460 2124 4557 A'RTICULUS
2202 4470 2491 4554 XLIII

655 4748 1044 4799 EXPLANATIO
1089 4748 1438 4795 LITTERALIS
1481 4747 1756 4793 CAPITULI
1797 4746 2145 4792 NONlnEcml

2191 4745 2205 4790 2
2250 4743 2639 4790 RESPONDENS
2681 4745 2887 4789 Au‘rsn
2926 4743 3053 4803 1013,
3098 4744 3285 4789 Dlxt'r.

577 5030 1112 5093 ESPONDE’NS
1142 5036 1353 5087 autem
1391 5027 1532 5094 Job,
1561 5026 1761 5095 dimit,
1797 5042 1924 5085 non
1953 5025 2002 5086 D
2045 5026 2371 5102 Usquequo
2390 5022 2683 5099 affligitis
2706 5023 2997 5081 animam
3028 5041 3251 5091 meam,
3272 5020 3520 5084 menda-

593 5126 717 5209 ipsi
751 5125 984 5188 Baldad
1014 5125 1359 5198 dumtaxat,
1383 5122 1494 5203 qui
1525 5122 1805 5203 capitulo
1837 5120 1927 5183 lo-

431 5227 750 5310 quebatur
778 5225 910 5307 jam
940 5223 1182 5299 habito,
1215 5222 1326 5285 sed
1357 5220 1656 5284 omnibus
1697 5220 1921 5295 tribuS‚

433 5326 549 5410 qui
570 5325 637 5387 in
659 5320 1142 5405 impugnatione
1162 5339 1278 5383 sua
1298 5319 1551 5383 fuerunt
1571 5318 1926 5382 concordeS.

2031 5121 2130 5184 cia
2158 5118 2556 5202 proferend0‚
2572 5137 2813 5181 errores
2842 5127 3085 5180 vestros
3111 5118 3521 5199 pertinaciter

2033 5217 2448 5291 dcfcndcndo,
2470 5215 2826 5278 inordinate
2851 5215 3189 5297 loquendo,
3212 5216 3369 5277 mihi
3395 5216 3521 5279 bla-

2033 5315 2357 5399 sphemias
2404 5323 2467 5378 et
2524 5313 2799 5377 maxima
2854 5313 3125 5377 crimina
3184 5315 3517 5397 imponen-
