4309 6259
977 484 1327 532 mammo
1369 486 1432 532 m
1474 486 1610 532 m.
1656 485 1722 531 11
1762 484 1922 531 unm
1959 485 2187 541 onam-1
2226 486 2451 533 neuun.
2494 506 2577 518 --
2615 486 2761 533 ΑΜ.
2804 484 2893 533 111
3398 466 3475 533 Μ

380 650 760 729 hibuerunt,
781 661 855 715 ut
881 652 1192 737 Iosephus
1218 654 1442 736 adjicit
1469 672 1483 717 ε
1511 664 1573 719 et
1596 657 1716 720 hoc
1747 674 1886 739 pro-
1913 654 1964 717 A
1991 658 2165 737 quod
2206 654 2330 718 fuit
2378 656 2743 719 immediata
2785 655 2923 718 filia
2960 654 3158 735 Amri,
3193 664 3257 718 et
3301 672 3481 719 soror

73 762 106 804 11
121 762 232 839 ξω.
251 778 350 815 m,
380 758 521 831 pter
551 748 798 813 seelera
842 752 1002 833 ejuS‚
1035 772 1180 835 quae
1221 754 1626 836 praeallegato
1655 754 1886 817 Parali-
1991 753 2247 830 Achab3
2281 755 2391 818 sed
2446 754 2585 817 filia
2631 756 2770 836 ejus
2813 755 3136 833 asseritur,
3171 755 3477 837 quoniam

73 827 114 873 ⁴'
137 836 180 871 θ’
205 828 350 869 ¹⁰⁴³·
381 868 706 931 pomenon
753 849 923 915 libro
967 853 1442 916 deseribuntur.
1471 858 1556 916 E't
1583 856 1885 933 reynavit
1992 854 2182 917 modo
2211 852 2388 915 Amri
2418 852 2743 930 defuneto,
2779 852 2917 935 ipse
2945 852 3161 916 Achab
3191 872 3331 917 eam
3371 872 3481 915 nu-

386 950 698 1011 Ochozias
723 953 912 1028 filius
931 952 1072 1029 ejus
1097 970 1216 1029 pro
1245 972 1336 1012 ec.

458 1050 658 1109 Anno
694 1052 1074 1111 duodecimo
1105 1053 1330 1111 Joram
1361 1052 1497 1127 filii
1533 1052 1754 1112 Achab
1790 1070 1884 1109 re-

372 1150 478 1225 qis
509 1150 746 1219 Israel,
781 1150 1082 1225 reynavit
1115 1151 1427 1212 ochozias
1443 1151 1630 1227 filius
1657 1152 1881 1210 Joram

379 1248 548 1323 reqis
563 1250 770 1308 Iuda.
805 1249 1056 1327 Viyinti
1072 1251 1358 1310 duorum
1386 1268 1712 1311 annorum
1741 1259 1882 1311 erat

381 1346 698 1407 Ockozias
743 1367 946 1426 quum
994 1367 1270 1424 reynare
1309 1350 1616 1426 coepisset,
1658 1357 1717 1408 et
1750 1368 1880 1408 uno

379 1464 554 1505 anno
603 1447 908 1522 reynavit
955 1447 1028 1505 in
1077 1448 1460 1507 Jerusalem.
1515 1445 1628 1509 Hic
1686 1446 1876 1509 etiam

379 1542 592 1605 dictus
623 1549 724 1605 est
749 1542 1003 1605 Azarias
1042 1551 1106 1606 et
1134 1543 1426 1621 AhaziaS,
1461 1543 1682 1625 sicque
1712 1544 1880 1608 vide-

381 1650 486 1703 tur
533 1639 742 1703 fuisse
789 1641 1152 1705 trinomius,
1190 1644 1440 1706 Nomen
1483 1644 1713 1704 matris
1741 1644 1880 1719 ejus

381 1742 684 1811 Athalia,
715 1742 866 1817 filia
895 1743 1092 1802 Amri
1119 1743 1290 1818 reyis
1327 1743 1554 1802 Israel.
1605 1742 1740 1804 Jam
1790 1741 1880 1803 di-

1995 950 2173 1015 trivit
2206 958 2275 1013 ut
2320 950 2547 1015 filiam.
2580 954 2669 1013 Et
2698 953 3061 1013 ambulavit
3087 952 3163 1013 in
3206 953 3333 1013 viis
3374 954 3482 1011 do-

1993 1070 2157 1122 mus,
2193 1049 2258 1112 id
2308 1058 2405 1112 est
2453 1057 2849 1132 posterorum
2899 1047 3100 1131 ipsius
3143 1052 3390 1121 Achab,
3418 1058 3479 1111 et

1989 1149 2143 1225 fecit
2188 1153 2436 1209 malum
2478 1168 2695 1209 coram
2722 1151 3002 1233 Domino
3042 1150 3211 1209 sicut
3250 1152 3479 1210 domus

1989 1248 2211 1308 Achab
2230 1268 2253 1307 .·
2275 1267 2473 1325 ρεπεν
2519 1249 2717 1319 enim,
2752 1246 2816 1308 id
2866 1254 2963 1309 est
3011 1244 3209 1323 filius,
3251 1250 3478 1309 domus

1991 1348 2211 1406 Achab
2240 1346 2397 1424 fuit.
2422 1347 2607 1407 Abiit
2638 1366 2883 1425 quoque
2911 1366 3057 1407 cum
3088 1348 3307 1406 Joram
3335 1347 3477 1423 filio

1991 1445 2211 1504 Achab
2254 1446 2339 1505 ad
2363 1444 2813 1521 praeliandum
2854 1453 3077 1505 contra
3107 1445 3357 1505 Hazael
3384 1464 3479 1503 re-

1981 1562 2130 1620 yem
2160 1544 2405 1619 Syriae,
2434 1544 2507 1603 in
2536 1544 2821 1605 Ramotlz
2857 1544 3133 1614 Galaad,
3164 1550 3225 1602 et
3262 1545 3480 1602 vulne-

1988 1651 2303 1703 raverunt
2334 1642 2499 1719 Syri
2526 1644 2770 1702 Joram.
2810 1642 2939 1709 Qui
2958 1661 3246 1701 reversus
3283 1650 3373 1701 est
3404 1648 3479 1701 ut

1989 1749 2333 1800 curaretur
2364 1742 2437 1799 in
2465 1742 2718 1801 Jezrael
2738 1756 2759 1799 .·
2780 1742 2937 1819 quia
2970 1742 3478 1799 vulneraverunt

382 1844 556 1898 ctum
590 1845 690 1898 est
730 1856 924 1919 saepe,
956 1838 1128 1919 quod
1162 1856 1320 1901 uxor
1346 1838 1556 1902 Joram
1589 1836 1715 1902 fuit
1740 1837 1880 1902 filia
1917 1844 1962 1905 Β
1988 1857 2135 1898 eum
2166 1839 2331 1915 Syri
2374 1840 2447 1898 in
2474 1840 2754 1900 Ramoth
2795 1840 3209 1917 praeliantem
3256 1846 3479 1897 contra

379 1934 624 2010 Achab,
669 1934 857 2016 eujus
908 1943 1087 2017 pater
1135 1935 1256 1998 ruit
1306 1936 1504 1999 Amri.
1557 1935 1880 2011 Quomodo

1991 1938 2243 1997 Hazael
2285 1956 2496 2013 reyem
2538 1938 2776 2013 Syrioe.
2806 1938 3013 1997 Porro
3056 1937 3361 1998 ochozias
3402 1939 3482 2012 fi-

381 2050 532 2111 ergo
553 2040 823 2094 vocatur
846 2030 988 2096 filia
1004 2034 1216 2095 Amri?
1247 2034 1686 2115 Respondetur
1707 2036 1878 2116 quod
1985 2034 2120 2093 lius
2135 2037 2360 2095 Joram
2382 2035 2701 2103 reoeJuda,
2720 2036 3045 2093 descendit
3075 2034 3355 2093 invisere
3379 2035 3482 2094 Jo-

379 2130 482 2192 avi
532 2131 929 2213 quandoque
961 2140 1271 2195 vocantur
1312 2140 1522 2214 patres
1575 2142 1878 2214 nepotum
1989 2152 2132 2192 ram
2151 2134 2374 2210 filium
2398 2134 2615 2193 Achab
2638 2134 2711 2191 in
2730 2135 3021 2192 Jezrael:
3041 2133 3199 2210 quia
3219 2141 3481 2207 oeqrota-

379 2246 646 2291 suorum
684 2248 758 2293 ae
793 2229 1105 2311 neptium.
1140 2229 1356 2312 Aliqui
1394 2238 1607 2294 tamen
1637 2231 1872 2307 dicunt,
1988 2234 2092 2292 bat
2122 2232 2236 2291 ibi.
2276 2230 2385 2294 Hic
2414 2238 2619 2293 textus
2647 2227 3069 2293 difficultates
3099 2246 3229 2293 non
3259 2227 3473 2291 hahet.

1476 2657 2138 2745 ARTICULUS
2214 2661 2385 2744 XII

784 2933 1097 2980 Exposrrlo
1138 2932 1414 2979 currum
1454 2932 1598 2977 Nom
1642 2932 1656 2977 :
1703 2932 1948 2978 ELISEUS
1989 2933 2195 2979 Aumn
2236 2933 2585 2980 PROPHETES
2626 2934 2884 2980 vocavu·
2924 2934 3092 2979 mum

1531 3030 1610 3075 DE
1651 3030 1826 3077 FILIIS
1868 3030 2337 3077 PROPHETARUM.

515 3314 892 3375 LISEUS
955 3321 1170 3373 autem
1229 3313 1566 3390 prophetes
1631 3306 1952 3371 vocavitC
1991 3329 2197 3392 usque
2237 3311 2492 3391 juvenis
2541 3310 2651 3375 ille
2700 3311 2811 3393 qui
2862 3310 3065 3387 unxit,
3097 3310 3355 3389 abisset,
3394 3331 3476 3376 ne

547 3432 758 3473 unum
808 3414 890 3471 de
933 3412 1098 3488 filiis
1137 3412 1628 3489 prophetarum,
1678 3418 1740 3469 et
1785 3410 1882 3469 ait

377 3512 495 3573 illi
522 3511 858 3587 :Accinqe
901 3511 1144 3571 lumbos
1195 3518 1356 3580 tuos,
1405 3516 1475 3570 ut
1524 3507 1882 3589 expeditius

377 3627 514 3685 388,
547 3616 610 3669 et
657 3610 806 3669 tolle
837 3609 1217 3668 lenticulam
1257 3609 1382 3667 olei
1424 3610 1613 3679 hanc,
1644 3605 1709 3667 id
1759 3613 1876 3682 est,

377 3726 498 3771 vas
529 3704 705 3768 istud
737 3704 1074 3769 continens
1104 3706 1318 3769 oleum
1349 3724 1551 3783 sume,
1578 3708 1652 3765 in
1679 3726 1882 3765 manu

381 3816 500 3867 tua
534 3827 558 3867 .·
588 3813 653 3869 et
693 3804 912 3868 forsan
949 3810 1084 3867 erat
1119 3804 1302 3886 quasi
1347 3824 1541 3887 parva
1577 3804 1884 3887 amphora

378 3924 498 3969 seu
551 3903 878 3986 ampulla3
911 3914 972 3965 et
1015 3908 1177 3965 vade
1225 3904 1298 3964 in
1329 3906 1610 3965 Ramoth
1657 3902 1881 3966 urbem

379 4014 574 4067 terrae
608 4006 888 4065 Galaad.
927 4006 1264 4082 Quumque
1293 4004 1542 4063 veneris
1571 4004 1758 4071 illuc,
1789 4004 1884 4061 vi-

376 4104 562 4163 debis
591 4104 758 4162 Jelm
779 4104 1000 4179 filium
1027 4101 1337 4178 Josapkat
1363 4101 1498 4178 filii
1519 4101 1772 4163 Namsi.
1797 4102 1885 4161 Et

377 4202 743 4279 inqressus,
787 4199 1128 4260 suscitabis
1175 4219 1322 4259 eum
1367 4202 1448 4259 de
1496 4200 1702 4259 medio
1746 4199 1885 4276 fra-

381 4308 568 4359 trum
597 4316 894 4365 suorum,
914 4295 1034 4358 hoe
1065 4303 1181 4373 est,
1203 4296 1415 4377 ipsum
1434 4296 1592 4358 Jehu
1626 4294 1883 4359 vocabis

377 4396 462 4459 ad
497 4403 562 4458 te
590 4412 724 4477 prae
754 4392 984 4457 ceteris
1005 4394 1291 4474 cognatis
1312 4404 1374 4459 et
1403 4394 1663 4477 collegis
1694 4402 1886 4475 atque

1989 3409 2134 3491 quis
2180 3417 2394 3491 posset
2439 3409 2517 3473 de
2550 3409 2908 3491 fautoribus
2944 3410 3152 3473 Joram
3196 3410 3363 3491 regis
3405 3411 3473 3474 in

1987 3508 2289 3588 juvenem
2320 3508 2502 3570 illum
2535 3508 2884 3590 insurgere,
2918 3527 2999 3572 ne
3034 3510 3243 3573 Joram
3273 3509 3478 3592 perci-

1988 3614 2169 3689 peret
2199 3606 2339 3683 ista,
2365 3615 2427 3669 et
2449 3607 2601 3669 item
2634 3626 2713 3670 ne
2740 3606 2998 3688 juvenis
3027 3607 3349 3671 videretur
3367 3607 3479 3671 ali-

1989 3706 2145 3787 quid
2183 3706 2427 3788 proprii
2456 3724 2743 3788 quaerere
2777 3706 3214 3770 emolumenti.

2069 3806 2255 3865 Abiit
2282 3825 2429 3882 erqo
2460 3808 2818 3866 adolescens
2839 3825 3009 3882 puer
3037 3808 3377 3883 Prophetae
3404 3810 3473 3868 in

1987 3904 2268 3964 Ramoth
2294 3906 2571 3973 Galaad,
2592 3912 2651 3963 et
2684 3905 3006 3981 ingressus
3039 3912 3129 3963 est
3158 3905 3341 3965 illuc.
3362 3907 3481 3965 Ec-

1990 4022 2058 4062 ce
2087 4012 2303 4063 autem
2322 4003 2655 4079 principes
2695 4004 3013 4061 exercitus
3040 4004 3361 4063 sedebant.
3394 4005 3480 4064 Et

1991 4104 2086 4162 ait
2120 4122 2142 4162 .·
2183 4104 2451 4163 Verbum
2494 4101 2660 4161 milii
2697 4103 2785 4161 ad
2830 4110 2906 4172 te,
2948 4120 2983 4159 o
3014 4102 3339 4177 princeps.
3371 4102 3482 4162 Di-

1990 4202 2219 4280 oeitque
2244 4203 2410 4261 Jehu
2438 4216 2461 4259 .·
2483 4201 2590 4261 Ad
2619 4219 2806 4279 quem
2834 4220 2913 4258 ex
2942 4200 3236 4260 omnibus
3254 4200 3434 4273 nobis
3450 4202 3481 4260 ?

1991 4299 2079 4359 At
2111 4300 2224 4356 ille
2264 4298 2443 4357 dimit
2474 4318 2497 4357 .·
2526 4300 2634 4359 Ad
2677 4306 2753 4367 te,
2797 4316 2831 4356 ο
2863 4298 3189 4374 princeps.
3222 4298 3309 4357 Et
3337 4317 3482 4358 sur-

1991 4396 2191 4464 rexit,
2220 4405 2279 4455 et
2326 4396 2648 4473 inyressus
2684 4403 2774 4454 est
2816 4396 3207 4456 cubiculum.
3230 4397 3321 4456 At
3367 4397 3483 4455 ille

378 4491 796 4576 principibus
815 4492 1128 4556 exereitus
1148 4492 1355 4570 lsrael,
1373 4492 1538 4555 inter
1556 4510 1716 4575 quos
1737 4511 1884 4555 eum
1913 4492 1964 4555 D
1990 4495 2175 4571 fudit
2205 4498 2416 4555 oleum
2444 4514 2637 4572 super
2654 4502 2847 4570 caput
2875 4494 3037 4571 ejus.
3056 4494 3142 4554 Et
3171 4495 3268 4554 ait
3288 4514 3311 4553 .·
3327 4496 3483 4557 Hoec

377 4591 704 4668 invenieS,
760 4600 822 4653 et
867 4594 1236 4652 introduces
1291 4610 1438 4654 eum
1486 4595 1560 4653 in
1609 4593 1885 4653 interius

373 4691 785 4760 cubiculum,
816 4688 880 4751 id
927 4696 1026 4752 est
1073 4708 1389 4753 eameram
1434 4689 1881 4765 secretiorem3

378 4800 734 4869 tenensque
784 4790 1164 4849 lenticulam
1211 4791 1360 4859 olei,
1403 4790 1644 4866 fundes
1694 4808 1886 4865 super

375 4897 582 4966 caput
611 4887 778 4965 ejus,
811 4894 872 4947 et
900 4887 1073 4945 dices
1093 4906 1117 4945 .·
1146 4888 1301 4947 Haec
1327 4888 1491 4948 dicit
1523 4888 1842 4947 Dominus
1863 4906 1885 4946 .·

391 4986 579 5046 Unxi
639 4995 698 5046 te
745 5004 958 5062 reyem
1004 5004 1198 5064 super
1235 4988 1466 5046 Israel.
1500 4987 1888 5065 Aperiesque

379 5086 654 5153 ostium,
685 5093 746 5143 et
775 5084 1015 5162 fugies,
1043 5092 1104 5143 et
1147 5103 1274 5143 non
1309 5085 1402 5143 ibi
1429 5085 1742 5145 subsistes.
1766 5083 1889 5147 Vo-

381 5180 516 5245 luit
556 5180 731 5244 enim
763 5180 1013 5243 Eliseus
1053 5180 1266 5263 ipsum
1308 5181 1469 5244 Jehu
1510 5183 1674 5245 elam
1706 5182 1882 5261 ungi,

384 5298 512 5343 nec
544 5279 688 5362 ejus
719 5278 1086 5342 unctionem
1117 5278 1200 5341 ab
1231 5279 1510 5344 exercitu
1541 5279 1712 5358 seiri,
1731 5298 1890 5362 quo-

1990 4596 2157 4655 dicit
2174 4595 2492 4655 Dominus
2513 4596 2681 4654 Deus
2700 4596 2948 4655 Israel:
2980 4594 3157 4655 Una-i
3188 4602 3245 4654 te
3270 4614 3481 4672 reqem

1989 4712 2184 4770 super
2217 4696 2538 4771 populum
2578 4693 2849 4753 Domini
2875 4694 3100 4752 Israel.
3135 4693 3222 4753 Et
3255 4711 3485 4769 percu-

1995 4792 2108 4852 ties
2136 4794 2403 4852 domum
2422 4790 2643 4852 Achab
2669 4790 2926 4851 domini
2948 4791 3069 4851 tui.
3093 4792 3178 4852 Et
3206 4792 3484 4851 ulciscar

1989 4890 2380 4966 sanquinem
2431 4907 2763 4948 servorum
2810 4908 3098 4948 meorum
3139 4891 3484 4966 propheta-

1991 5008 2167 5058 rum,
2188 4997 2248 5048 et
2276 4989 2664 5065 sanquinem
2692 4987 2987 5047 omnium
3014 5006 3344 5047 servorum
3363 4989 3485 5048 Do—

1996 5087 2167 5147 mini
2184 5089 2263 5146 de
2284 5106 2486 5146 manu
2503 5086 2758 5147 Iezabel
2770 5108 2797 5158 ,·
2818 5085 3215 5163 perdamque
3235 5104 3484 5145 omnem

1993 5186 2261 5244 domum
2309 5185 2553 5257 Achab,
2604 5192 2665 5243 et
2723 5183 3119 5258 interficiam
3166 5184 3245 5241 de
3298 5184 3485 5244 domo

1994 5282 2219 5343 Achab
2267 5282 2655 5359 minyentem
2694 5284 2781 5341 ad
2817 5280 3165 5358 parietem,
3198 5288 3259 5341 et
3306 5284 3487 5342 clau-
