4309 6259
611 1303 759 1345 Marc.
779 1314 833 1351 ix,

575 1368 640 1408 18.

571 1688 834 1792 ιιΒιαυιιιι,

572 1985 723 2029 Eccle.
737 1999 778 2035 v,
793 1986 832 2027 2.

587 2678 672 2722 1οό
691 2693 748 2730 ιιι,
773 2682 812 2722 3.

596 3267 676 3310 Pu.
693 3280 772 3317 civ,
791 3269 834 3311 8.

861 498 980 561 552

1681 511 2026 557 ENARRATIO
2068 511 2130 557 IN
2174 511 2311 556 GAP.
2359 510 2466 555 xlx
2504 510 2630 556 1013.
2676 530 2756 540 —
2798 510 2939 555 ΛΒΤ.
2986 510 3131 557 xmu

861 688 991 749 dot
1037 684 1170 760 Quo
1209 696 1422 749 autem
1461 685 1608 767 quis
1647 684 1933 747 veritatis
1980 690 2042 745 et
2089 682 2350 761 aequita-
2378 680 2425 742 A
2460 700 2601 762 quae
2648 701 2871 762 passus
2921 700 3062 743 sum
3104 701 3141 743 a
3186 680 3434 755 Satana,
3466 689 3528 742 et
3564 700 3601 740 a
3630 679 3941 741 Chaldaeis
3986 696 4077 738 «τοῦ
4096 700 4234 745 assu.

863 786 946 847 tis
981 785 1202 866 purior
1240 784 1690 865 ardentiorque
1729 790 1970 845 amator
2013 780 2344 855 exstiterit,

869 903 943 947 eo
981 883 1239 964 gravius
1279 883 1401 944 sibi
1437 890 1532 945 est
1565 882 1784 945 videre
1826 880 2086 960 injusta,
2131 878 2351 941 audire

865 983 1190 1058 mendosa,
1234 982 1584 1063 praesertim
1625 998 1769 1061 quae
1813 978 1968 1040 fidei
2018 978 2345 1058 derogant,

867 1088 929 1143 et
977 1082 1103 1143 Deo
1150 1079 1387 1142 directe
1433 1085 1810 1160 repugnant.
1859 1077 2018 1139 Hinc
2064 1074 2351 1137 Christus

869 1179 1125 1243 intuens
1177 1178 1652 1241 incredulorum
1701 1195 2002 1252 errorem,
2046 1174 2345 1237 dicebat:

865 1277 913 1340 Ο
943 1277 1269 1357 generatio
1309 1276 1658 1351 incredula,
1695 1274 1999 1355 quamdiu
2037 1274 2206 1355 apud
2240 1292 2351 1335 vos

866 1379 1018 1439 ero?
1050 1376 1356 1457 quamdiu
1385 1376 1591 1456 patiar
1619 1376 1776 1437 vos?
1810 1373 1965 1435 Hinc
2004 1371 2299 1434 subditur
2333 1389 2346 1433 ε

863 1485 922 1535 et
951 1477 1255 1544 atteritis,
1282 1474 1347 1536 id
1379 1472 1874 1549 est'molestatiS,
1909 1492 2008 1531 me
2044 1474 2353 1532 sermoni-

865 1577 980 1633 bus
1017 1573 1264 1636 vitiosis
1303 1581 1492 1654 atque
1527 1570 1922 1653 superfluis?
1963 1570 2049 1633 ita
2084 1578 2154 1632 ut
2192 1570 2349 1632 illud

863 1671 1095 1733 Psalmi
1116 1671 1296 1735 vobis
1329 1669 1665 1734 conveniat
1685 1686 1698 1730 ε
1717 1668 2040 1731 Acuerunt
2067 1668 2349 1748 linguam

865 1787 1046 1832 suam
1093 1770 1258 1832 sicut
1299 1776 1646 1850 serpentes
1696 1767 1958 1848 Sapiens
1998 1776 2211 1829 autem
2255 1767 2352 1827 in-

2462 788 2651 860 atque
2682 779 2936 855 Sabaeis,
2960 779 3119 840 mihi
3153 778 3603 841 subsannative
3634 776 3936 858 objicitis,

2461 878 2642 959 quasi
2692 886 2951 959 propter
3000 895 3174 940 meos
3222 895 3517 939 excessus
3564 895 3641 939 ea
3688 894 3943 957 perpes-

2462 996 2569 1039 sus
2598 977 2741 1038 sim.

2541 1080 2781 1137 Saltem
2814 1096 2992 1136 nunc
3020 1077 3387 1152 intelliyz'te,
3418 1077 3577 1153 quia
3606 1078 3773 1135 Deus
3792 1094 3939 1133 mon

2460 1194 2638 1251 oequo
2654 1176 2918 1251 judicio
2950 1175 3260 1251 afflioeerit
3288 1195 3406 1243 me,
3423 1184 3483 1233 et
3500 1175 3780 1249 flayellis
3803 1174 3943 1233 suis

2462 1294 2558 1332 me
2586 1275 2887 1334 cinxerit.
2921 1272 3201 1335 Verbum
3236 1271 3355 1334 hoc
3393 1271 3599 1353 prima
3640 1270 3803 1333 facie
3844 1290 3943 1331 sa-

2462 1370 2541 1432 tis
2590 1371 2981 1434 horribiliter
3024 1390 3250 1434 sonare
3286 1371 3556 1449 videtur,
3592 1370 3939 1453 praesertim

2462 1489 2661 1551 quum
2696 1478 2851 1533 teste
2880 1472 2945 1531 B.
2980 1470 3355 1551 Augustino,
3388 1469 3627 1551 judicia
3664 1469 3773 1532 Dei
3804 1488 3941 1531 esse

2461 1587 2587 1631 non
2619 1569 2867 1650 possint
2898 1569 3157 1649 injusta,
3178 1570 3471 1649 quamvis
3502 1569 3629 1631 sint
3652 1568 3943 1650 frequen-

2460 1675 2555 1729 ter
2584 1667 2854 1730 occulta.
2876 1667 2995 1730 Sed
3024 1676 3303 1731 mentem
3334 1667 3500 1731 beati
3530 1667 3645 1730 Job
3676 1686 3941 1749 pensare

2460 1765 2789 1842 debemuS‚
2815 1784 2943 1828 non
2974 1766 3179 1828 solum
3212 1765 3483 1827 formam
3512 1764 3943 1845 superficiem-

865 1868 1122 1930 utilium
1157 1867 1496 1931 verborum
1526 1865 1938 1928 multitudine
1967 1866 2345 1942 attaediatur‚
2386 1866 2432 1929 B
2460 1884 2585 1946 que
2622 1864 2984 1927 verborum.
3016 1864 3331 1927 Iudicium
3378 1863 3615 1925 etenim
3664 1862 3795 1939 Dei,
3834 1863 3943 1924 du-

865 1966 1072 2029 sciens
1095 1967 1263 2047 quod
1297 1964 1604 2047 scriptum
1631 1972 1765 2027 est:
1791 1965 1856 2026 ln
1889 1964 2106 2026 multis
2137 1964 2349 2029 verbis

867 2064 1191 2129 invenitur
1221 2064 1508 2127 stultitia.

944 2168 1050 2225 En
1095 2166 1300 2224 decies
1345 2164 1754 2241 confunditis
1799 2184 1945 2223 me:
1975 2180 2118 2223 nam
2163 2161 2351 2242 quin-

864 2262 1048 2343 quies
1075 2260 1492 2343 respondistis
1518 2261 1676 2322 mihi
1702 2260 2109 2340 indignanter
2130 2268 2194 2322 et
2213 2277 2351 2322 con-

863 2360 1094 2437 fusive,
1130 2369 1194 2423 et
1231 2360 1425 2423 verba
1464 2380 1500 2421 a
1538 2379 1640 2421 me
1680 2358 2201 2440 quinquepartita
2234 2358 2353 2419 dis-

863 2459 1175 2522 tinctione
1203 2459 1454 2541 prolata
1485 2457 1762 2537 negastis
1800 2476 1872 2519 ac
1914 2456 2219 2518 irrisistis.
2241 2457 2351 2520 Job

861 2558 1035 2621 enim
1078 2566 1224 2619 ante
1270 2557 1433 2619 hanc
1483 2554 1959 2637 responsionem
2008 2554 2350 2635 quinquies

861 2666 958 2718 est
989 2656 1261 2731 locutuS,
1288 2654 1644 2718 inchoando
1675 2673 1712 2716 a
1743 2653 1882 2717 loco
1912 2672 2039 2735 quo
2070 2653 2181 2731 ait,
2216 2654 2353 2717 Per-

861 2764 962 2817 eat
991 2754 1127 2817 dies
1162 2755 1228 2815 in
1260 2772 1388 2834 qua
1421 2760 1603 2814 natus
1635 2772 1799 2829 sum,
1833 2759 1903 2814 ut
1941 2752 2215 2814 intuenti
2248 2772 2351 2834 pa-

861 2852 1067 2914 tescit.
1103 2850 1363 2932 Eliphaz
1405 2868 1555 2912 vero
1585 2850 1715 2930 jam
1756 2849 1854 2911 bis
1893 2850 2100 2928 arguit
2129 2860 2351 2914 contra

859 2950 994 3025 lob,
1017 2948 1313 3011 similiter
1343 2947 1593 3023 Baldad‚
1615 2947 1857 3028 Sophar
1885 2955 2094 3010 autem
2126 2949 2344 3011 semel.

2461 1963 2712 2046 pliciter
2742 1980 2997 2043 aequum
3028 1962 3260 2025 dicitur
3290 1980 3401 2024 seu
3427 1960 3937 2042 justum.Primo‚

2459 2083 2536 2126 ex
2568 2071 2745 2145 parte
2773 2061 2883 2124 Dei
2918 2079 2930 2122 ε
2966 2070 3029 2124 et
3066 2061 3159 2123 sic
3196 2080 3444 2143 semper
3472 2070 3569 2123 est
3595 2080 3850 2142 aequum
3882 2069 3942 2121 et

2452 2163 2720 2244 justum,
2743 2161 2893 2241 quia
2922 2160 3273 2223 secundum
3296 2160 3585 2223 ordinem
3616 2159 3941 2242 sapientiai

2458 2260 2597 2340 ejus
2633 2259 2937 2340 procedit.
2972 2258 3097 2321 Nec
3135 2258 3379 2321 ratione
3419 2266 3589 2321 caret
3634 2257 3936 2339 legitima,

2459 2358 2707 2421 etiamsi
2754 2357 3064 2420 innocens
3114 2356 3472 2437 flagelletur
3507 2376 3520 2419 :
3556 2357 3708 2438 quia
3744 2365 3809 2419 et
3845 2357 3940 2438 ju-

2460 2466 2629 2519 stum
2679 2466 2775 2519 est
2823 2475 3032 2519 coram
3086 2456 3233 2531 De0,
3269 2463 3338 2517 ut
3385 2455 3528 2536 quis
3574 2474 3691 2538 pro
3741 2456 3940 2517 incre-

2460 2564 2675 2619 mento
2704 2555 2922 2636 gratiae
2950 2561 3418 2635 augmentoque
3446 2554 3663 2635 gloriae
3690 2554 3760 2616 af
3763 2554 3941 2634 fliga—

2460 2664 2585 2717 tur.
2620 2654 2748 2716 lino
2790 2653 3151 2716 misericors
3181 2650 3494 2733 judicium
3534 2652 3662 2729 Dei,
3697 2653 3937 2733 justum

2460 2761 2555 2816 est
2593 2754 2713 2815 hoc
2752 2754 2940 2815 modo
2976 2768 2991 2812 t
3026 2752 3176 2831 quia
3212 2760 3338 2813 tam
3377 2749 3581 2812 bonus
3619 2759 3716 2813 est
3752 2752 3934 2827 DeuS,

2460 2860 2529 2913 ut
2567 2852 2803 2933 justum
2846 2852 2950 2927 sit,
2986 2852 3195 2934 ipsum
3240 2850 3733 2914 misericorditer
3776 2851 3941 2931 judi-

2458 2970 2625 3027 care,
2660 2951 2929 3032 gratiam
2958 2952 3131 3026 dare,
3164 2950 3508 3013 clementer
3537 2950 3803 3013 salvare.
3840 2950 3941 3013 Se-

859 3048 1077 3129 Aliqui
1109 3056 1320 3109 tamen
1356 3054 1582 3127 putant
1621 3045 1725 3109 hic
1767 3065 2102 3109 numerum
2147 3048 2350 3109 deter-
2385 3049 2428 3111 C
2459 3051 2689 3126 cund0,
2738 3049 3051 3129 judicium
3110 3049 3217 3112 Dei
3278 3049 3513 3112 dicitur
3568 3049 3811 3129 justum
3866 3068 3939 3111 ex

860 3146 1172 3207 minatum
1225 3163 1341 3227 pro
1391 3144 1879 3207 indeterminato
1926 3145 2101 3227 poni,
2151 3164 2346 3226 quum

859 3243 972 3320 ait,
1021 3244 1112 3304 En
1160 3242 1369 3306 decies
1415 3260 1429 3303 :
1475 3242 1638 3305 sicut
1689 3242 1754 3303 in
1803 3243 2070 3319 Psalmo,
2117 3244 2350 3305 Memor

863 3341 986 3404 fuit
1010 3342 1075 3404 in
1101 3341 1402 3405 saeculum
1433 3342 1792 3403 testamenti
1823 3342 1953 3415 sui3
1980 3342 2155 3404 verbi
2176 3344 2347 3423 quod

861 3440 1190 3503 mandavit
1238 3440 1304 3501 in
1355 3439 1531 3501 mille
1576 3439 2038 3518 generationes,
2085 3442 2173 3500 Et
2218 3461 2345 3500 non.

860 3541 1225 3599 erubescitis
1274 3540 1699 3614 opprimentes
1747 3556 1871 3605 me,
1902 3554 2028 3597 non
2076 3538 2343 3613 ratione,

859 3638 968 3701 sed
1023 3636 1435 3698 multitudine
1483 3644 1546 3698 et
1595 3635 2075 3717 importunitate
2124 3637 2347 3699 verbo-

859 3756 1006 3798 rum.
1026 3744 1136 3797 aut
1168 3735 1570 3815 injuriarum,
1591 3754 1787 3814 quum
1819 3742 2027 3797 tamen
2051 3754 2348 3797 verecun-

855 3836 1007 3898 dum
1040 3834 1576 3913 inhonestumque
1607 3832 1710 3909 sit,
1745 3841 1872 3895 tres
1903 3833 2094 3895 simul
2125 3842 2343 3896 contra

855 3953 1053 3995 unum
1096 3931 1442 4007 afflictum,
1477 3931 1878 3994 vulneratum
1919 3940 1980 3993 et
2019 3932 2344 3996 semimor-

859 4041 1058 4108 tuum,
1103 4032 1190 4093 ita
1238 4028 1610 4109 confligere.
1658 4029 1776 4091 Sed
1827 4030 2226 4112 impatientia
2272 4051 2345 4094 ac

857 4139 1080 4195 ceterae
1102 4130 1432 4213 passiones
1457 4136 1733 4191 mentem
1767 4137 2101 4204 excaecant,
2125 4138 2195 4191 ut
2214 4149 2347 4193 eru-

2458 3156 2637 3230 parte
2666 3146 2954 3228 judicati,
2978 3149 3130 3209 dum
3156 3148 3301 3228 quis
3331 3147 3673 3229 judicatur,
3701 3147 3941 3229 recipit-

2458 3264 2584 3328 que
2613 3265 2649 3307 a
2679 3246 2805 3308 Deo
2836 3246 3184 3308 secundum
3218 3247 3387 3327 quod
3419 3246 3675 3321 meruit,
3700 3246 3939 3309 scilicet

2456 3345 2807 3407 secundum
2827 3364 3019 3426 opera
3050 3364 3185 3407 sua.
3205 3345 3279 3407 Et
3312 3346 3402 3407 sic
3432 3345 3658 3406 asserit
3686 3354 3937 3407 sanctus

2454 3442 2568 3503 Job
2600 3461 2667 3503 se
2697 3442 3049 3522 judicatum
3081 3463 3118 3505 a
3147 3442 3272 3506 Deo
3304 3461 3431 3505 non
3464 3461 3645 3522 aequo
3670 3442 3931 3523 judicio,

2459 3557 2588 3601 non
2636 3547 2845 3601 tamen
2894 3539 3164 3620 iniquo:
3210 3539 3363 3621 quia
3408 3539 3723 3620 judicium
3772 3540 3935 3603 istud

2457 3656 2584 3700 uno
2639 3638 2828 3700 modo
2878 3636 3003 3699 fuit
3050 3657 3323 3718 aequum,
3379 3638 3506 3701 alio
3564 3638 3753 3701 modo
3812 3657 3935 3701 non

2454 3756 2729 3817 aequum.
2766 3736 3057 3818 Iniquum
3106 3754 3256 3799 vero
3306 3746 3640 3817 utramque
3683 3738 3939 3818 aequita—

2453 3843 2580 3897 tem
2620 3835 2919 3897 excludit.
2952 3836 3067 3898 Job
3108 3852 3255 3914 ergo
3292 3836 3703 3898 considerans
3746 3854 3937 3917 quam

2455 3934 2739 3996 virtuose
2778 3942 2840 3995 et
2885 3932 3529 4015 irreprehensibiliter
3558 3933 3739 4010 vixit,
3776 3934 3940 3997 fidu-

2452 4031 2700 4094 cialiter
2730 4032 2927 4107 novit‚
2964 4033 3134 4112 quod
3164 4032 3295 4095 vita
3336 4052 3449 4094 sua
3485 4041 3612 4095 tam
3643 4033 3781 4095 dira
3812 4052 3936 4097 non

2456 4129 2817 4191 merebatur
2845 4130 3128 4205 adversa,
3164 4149 3281 4194 nec
3310 4132 3541 4193 meruit
3570 4131 3783 4193 taliter
3811 4132 3941 4195 cin-

859 4230 1176 4293 bescenda
1225 4247 1355 4292 non
1411 4228 1764 4290 erubescat.
1819 4230 2083 4303 Nempe,
2136 4228 2199 4289 id
2250 4226 2424 4291 estD
2455 4228 2541 4309 gi,
2595 4227 2659 4289 id
2710 4236 2806 4290 est
2854 4229 3137 4309 undique
3186 4229 3465 4311 impleri,
3518 4229 3818 4310 flagelliS‚
3868 4239 3939 4293 ut

857 4336 1049 4402 certe,
1073 4330 1133 4387 si
1159 4328 1483 4404 iynoravi,
1518 4325 1582 4387 id
1612 4333 1727 4402 est,
1753 4331 1941 4387 tantae
1971 4325 2345 4404 ignorantiae

857 4446 999 4489 sum
1038 4435 1109 4488 ut
1147 4425 1307 4487 mihi
1347 4424 1700 4508 imponitiS,
1737 4444 1983 4483 mecum
2011 4427 2135 4485 erit
2170 4428 2344 4502 ἐρησ-

837 4527 1081 4591 „rancia
1111 4545 1273 4595 mea,
1309 4523 1371 4585 id
1413 4532 1529 4601 est,
1564 4541 1681 4605 ego
1721 4542 1861 4585 eam
1901 4522 2190 4604 portabo,
2226 4544 2345 4587 nec

858 4622 1042 4686 vobis
1081 4620 1509 4698 nocebit.Vel‚
1537 4620 1773 4684 Mecum
1805 4621 1947 4698 erit,
1975 4620 2037 4682 id
2067 4629 2185 4698 est,
2204 4641 2341 4685 eam

855 4720 1185 4783 humiliter
1227 4718 1645 4782 considerabo
1687 4728 1877 4800 atque
1923 4718 2192 4795 fatebor,
2228 4739 2343 4783 nec

852 4838 956 4881 me
998 4819 1347 4901 sapientem
1386 4818 1640 4899 jactabo
1680 4825 1749 4878 ut
1777 4836 1912 4880 vos,
1947 4821 2035 4879 At
2066 4839 2173 4878 vos
2200 4839 2345 4879 con-

856 4928 955 4977 tra
985 4938 1084 4977 me
1111 4918 1480 4993 eriqimini,
1511 4916 1573 4977 id
1614 4923 1730 4991 est,
1764 4923 1985 4979 contra
2014 4935 2116 4978 me
2147 4916 2346 4980 extol-

853 5015 982 5077 litis
1016 5034 1151 5091 v05‚
1197 5024 1260 5077 et
1303 5032 1609 5095 pompose
1654 5012 1993 5093 loquimini
2041 5013 2244 5093 mihi;
2284 5026 2344 5077 ec

849 5116 1132 5191 arquitz‘s
1163 5134 1260 5173 me
1288 5114 1648 5190 opprobriis
1679 5114 1858 5181 meis,
1891 5111 1954 5172 id
1994 5120 2089 5173 est
2128 5114 2343 5175 verbis

848 5210 1284 5293 opprobriosis
1323 5212 1660 5275 adversum
1698 5230 1800 5272 me
1840 5229 1876 5272 a
1917 5209 2095 5272 vobis
2135 5211 2344 5291 prola-

851 5309 1106 5386 tiS.Vel‚
1131 5309 1501 5392 Opprobriis
1531 5308 1713 5385 meis,
1751 5308 1813 5370 id
1845 5317 1960 5384 est,
1994 5309 2342 5389 opprobria

2455 4326 2747 4407 superius
2775 4326 2864 4388 ait
2899 4344 2912 4387 :
2950 4326 3012 4388 Si
3045 4325 3224 4389 fuero
3252 4326 3590 4407 judicatuS,
3624 4329 3757 4391 scio
3786 4329 3938 4411 quia

2452 4424 2661 4504 justus
2693 4424 3005 4488 inveniar.

2538 4527 2693 4585 Ecce
2722 4526 3008 4585 clamabo
3040 4525 3173 4584 vim
3193 4526 3475 4601 patiens,
3501 4523 3565 4586 id
3595 4532 3711 4601 est,
3738 4526 3792 4587 si
3824 4544 3935 4607 pro

2455 4641 2575 4703 ope
2620 4632 2682 4685 et
2725 4622 3101 4685 liberatione
3144 4622 3501 4685 clamavero
3542 4640 3658 4703 ego
3704 4624 3938 4687 violen-

2454 4720 2607 4783 tiam
2652 4740 2876 4803 passus
2914 4720 2994 4782 ab
3032 4720 3343 4797 hostibus,
3378 4732 3437 4782 ec
3472 4742 3651 4781 nemo
3689 4724 3931 4793 audiet,

2456 4820 2519 4882 id
2552 4828 2667 4892 est,
2705 4818 2917 4880 nullus
2948 4819 3138 4881 homo
3163 4819 3574 4881 auxiliabitur
3606 4819 3789 4882 mihi.
3830 4824 3935 4881 Vo-

2454 4919 2771 4996 ciferabor
2812 4936 2925 4999 pro
2966 4917 3304 4998 adeptione
3341 4917 3588 4998 judicii,
3621 4935 3749 4998 quo
3792 4918 3931 5000 quis

2454 5015 2675 5096 recipit
2700 5015 3041 5078 secundum
3065 5014 3286 5077 merita
3318 5035 3461 5089 sua;
3485 5026 3546 5075 et
3566 5035 3693 5075 non
3713 5019 3934 5093 estqui

2434 5116 2690 5189 judicet
2712 5132 2813 5175 me
2834 5113 2953 5175 hoc
2978 5112 3167 5175 modo
3186 5114 3335 5193 jam,
3352 5114 3461 5175 sed
3486 5112 3777 5173 tribulari
3805 5132 3930 5195 per-

2449 5212 2667 5274 mittor
2698 5218 2925 5291 praeter
2949 5229 3089 5272 mea
3112 5212 3440 5273 demerita.
3462 5210 3668 5273 Nihilo
3698 5210 3926 5280 minus,

2450 5308 2635 5372 scivit
2676 5327 2742 5372 se
2785 5317 3067 5390 tempore
3088 5310 3332 5372 mortis
3361 5327 3396 5371 a
3427 5309 3554 5372 Deo
3578 5309 3931 5390 justissime

3974 761 4044 809 Π,
4066 762 4133 799 ¹5.

3967 4412 4029 4452 ¹8.

3998 4346 4113 4389 Ibid.
4134 4360 4213 4396 xm.
