4309 6259
552 2667 655 2712 Gen.
670 2669 814 2716 xvu.5.

549 2855 576 2899 1
579 2855 655 2899 bid
660 2890 671 2900 .
687 2870 742 2899 ιιι

548 3162 573 3204 1
577 3160 736 3208 bid-xvi

586 3553 707 3598 laid.
728 3569 753 3598 x

747 2857 812 2908 ,2.

756 3569 810 3606 vi,

554 3619 625 3670 15;
644 3631 731 3670 xxi,
748 3619 789 3660 2.

590 3745 728 3788 Galat
734 3779 745 3790 .
754 3759 809 3798 ir,

549 3808 617 3860 22,
639 3809 707 3851 2³.

708 4545 808 4586 11111

846 482 963 548 110

1364 500 1709 548 manuario
1751 502 1814 546 IN
1854 502 1991 550 cAP.
2038 502 2059 548 1
2103 499 2261 546 unm
2301 500 2472 546 rann
2512 501 3044 547 PARAul’ouENON.
3089 520 3170 532 -
3209 502 3350 548 ΛΒΤ.
3397 503 3417 548 Ι

842 668 1038 734 refert
1067 670 1225 754 Lyra
1258 688 1271 732 ε
1306 670 1533 734 Dicunt
1561 669 1783 752 aliqui,
1819 672 1989 753 quod
2029 671 2147 735 iste
2193 670 2329 734 fue-
2357 672 2407 734 A
2435 693 2589 752 quos
2631 675 2864 750 qenuit
2899 691 2924 734 .·
2966 679 3299 745 Zamram,
3347 677 3595 743 Jecsan,
3641 675 3913 744 Madau,

840 767 922 829 rit
938 767 1074 832 Job.
1096 768 1214 832 Sed
1246 769 1727 844 advertendum,
1747 770 1917 852 quod
1950 769 2069 847 illi,
2093 770 2206 852 qui
2237 770 2328 832 di-

838 876 990 931 cunt
1018 869 1133 932 Job
1172 867 1299 933 alio
1344 868 1603 933 nomine
1632 870 1874 932 dictum
1904 869 2125 946 sobab,
2163 888 2329 933 com·

2437 774 2740 840 Madian,
2786 774 3019 844 Jeshoc,
3069 783 3128 833 et
3176 775 3330 836 Sue.
3360 776 3564 835 Porro
3611 773 3744 850 filii
3781 773 3916 832 Jee-

2433 889 2554 930 san
2575 889 2597 930 .·
2618 872 2790 931 Saba
2809 881 2869 931 et
2891 873 3148 932 Dadan.
3175 870 3470 945 Quamvis
3501 878 3706 932 autem
3737 869 3916 932 Cetu-

838 967 1117 1030 muniter
1148 967 1515 1048 intelligunt
1542 968 1663 1031 hoe
1694 987 1820 1032 non
1842 969 1919 1031 de
1952 969 2072 1032 isto
2100 968 2323 1046 Jobab,
2436 986 2507 1030 ra
2535 977 2797 1031 vocetur
2831 968 3098 1032 Abrahae
3130 969 3506 1045 concubina,
3545 968 3571 1031 s
3575 969 3668 1030 uit
3703 977 3912 1030 tamen

838 1065 948 1128 sed
987 1067 1065 1129 de
1101 1065 1297 1129 Jobab
1340 1067 1453 1148 qui
1494 1067 1782 1146 regnavit
1820 1067 1887 1130 in
1926 1067 2222 1144 ldumaea‚
2264 1075 2328 1130 et

841 1163 965 1226 suit
1006 1165 1083 1227 de
1126 1163 1369 1228 semine
1396 1166 1582 1241 Esau,
1616 1165 1697 1228 de
1737 1185 1868 1248 quo
1896 1166 2060 1230 Esau
2104 1166 2327 1229 dicunt

840 1272 1127 1326 sanctum
1172 1263 1288 1327 Job
1338 1264 1742 1328 descendisse
1778 1282 1792 1327 :
1832 1266 1911 1329 de
1954 1284 2082 1347 quo
2132 1265 2324 1328 etiam

835 1360 1033 1424 Jobab
1065 1363 1255 1444 paulo
1286 1371 1431 1444 post
1460 1362 1691 1442 agitur.

917 1461 1389 1543 Consequenter
1432 1461 1498 1523 in
1551 1470 1721 1524 textu
1772 1463 1989 1527 decem
2039 1462 2163 1527 viri
2212 1481 2324 1544 per

838 1560 1127 1622 ordinem
1160 1559 1535 1623 nominatim
1568 1561 2030 1642 exprimuntur,
2055 1561 2170 1643 qui
2199 1560 2324 1624 sibi

839 1656 906 1719 in
952 1657 1122 1721 linea
1157 1658 1585 1738 generationis
1634 1667 2075 1724 successerunt
2121 1677 2324 1742 usque

838 1757 915 1819 ad
947 1756 1285 1833 Abraham,
1319 1757 1431 1838 qui
1474 1757 1641 1820 inter
1678 1757 1833 1820 istos
1876 1767 1972 1822 est
2012 1759 2320 1836 decimuS,

2436 1067 2748 1130 veraciter
2773 1086 2932 1131 uxor
2963 1067 3167 1150 ipsius
3208 1069 3387 1150 juxta
3416 1068 3572 1130 illud
3601 1066 3856 1130 Genesis
3891 1085 3906 1129 :

2434 1165 2751 1229 Abraham
2773 1186 2925 1231 vero
2953 1167 3143 1230 aliam
3171 1167 3354 1230 duxit
3380 1186 3634 1231 uxorem
3657 1166 3912 1229 nomine
3997 1196 4100 1240 ρο,
4117 1209 4200 1237 m,

2433 1264 2748 1327 Ceturam.
2796 1266 3022 1329 Cetura
3061 1273 3274 1330 autem
3325 1266 3766 1349 interpretatur
3803 1284 3910 1328 co-
3946 1265 3996 1304 ¹-

2434 1363 2672 1445 pulata.
2720 1363 2920 1440 Unde,
2972 1371 3042 1426 ut
3091 1363 3287 1428 refert
3331 1363 3760 1446 Hieronymus,
3793 1363 3910 1426 He-

2434 1461 2588 1526 braei
2636 1461 2858 1526 dicunt
2905 1463 3198 1526 Ceturam
3259 1463 3422 1525 hanc
3481 1461 3676 1526 fuisse
3723 1462 3910 1542 Agar,

2432 1580 2626 1642 quam
2668 1561 2846 1623 duxit
2875 1561 3214 1639 Abraham,
3250 1561 3400 1624 Sara
3427 1560 3714 1635 vivente;
3746 1569 3807 1623 ct
3833 1579 3912 1623 ea
3985 1578 4108 1622 ma.
4129 1592 4202 1626 m.

2433 1659 2755 1738 defuncta,
2807 1679 3026 1723 rursus
3073 1659 3423 1723 introduxit
3468 1660 3638 1722 illam
3689 1659 3755 1721 in
3799 1660 3912 1722 do—

2435 1777 2612 1820 mum
2640 1778 2844 1822 suam.
2868 1760 3048 1822 Circa
3077 1759 3198 1823 hoc
3228 1758 3448 1823 recitat
3466 1758 3624 1841 Lyra
3648 1776 3662 1820 :
3687 1759 3915 1820 Dicunt

838 1855 1373 1936 quemadmodum
1416 1855 1483 1918 in
1526 1857 1785 1920 exordio
1823 1857 2014 1939 hujus
2058 1857 2324 1939 capituli
2362 1867 2407 1929 Β
2437 1857 2702 1934 Hehraei,
2735 1859 2908 1939 quod
2938 1859 3166 1921 Cetura
3202 1858 3324 1920 ista
3355 1858 3472 1920 fuit
3499 1858 3699 1938 Agar3
3731 1876 3914 1939 expo-

838 1952 919 2015 ah
965 1952 1160 2017 Adam
1209 1974 1413 2036 usque
1460 1956 1538 2017 ad
1587 1955 1737 2032 Noe,
1776 1955 1995 2020 decem
2040 1955 2323 2038 expressi

840 2061 988 2115 sunt
1039 2071 1053 2115 τ
1106 2057 1281 2125 Sem,
1330 2056 1698 2132 Arpkaoead
1752 2065 1813 2116 ec
1858 2059 2032 2128 Sale,
2094 2059 2320 2128 Heber‚

839 2153 1107 2230 manley,
1158 2157 1415 2232 Rayau,
1466 2157 1697 2232 Seruq,
1752 2157 2037 2226 Nae-lior,
2093 2156 2323 2226 Thare,

837 2253 1082 2312 Abram
1104 2271 1127 2310 .·
1148 2253 1265 2314 iste
1281 2263 1371 2314 est
1389 2254 1741 2326 Abraham,
1767 2253 1948 2335 quasi
1967 2253 2137 2318 dicat
2164 2272 2177 2316 :
2204 2254 2324 2316 Iste

838 2358 937 2412 cst
980 2348 1261 2414 famosus
1301 2351 1399 2414 vir
1442 2350 1553 2414 ille
1591 2359 1653 2413 et
1692 2351 2053 2416 Patriarcha
2108 2351 2326 2435 praeci-

840 2465 1025 2530 puuS,
1058 2449 1169 2530 qui
1210 2449 1417 2531 primo
1445 2457 1704 2514 vocatus
1735 2459 1831 2514 est
1862 2450 2117 2530 Abram,
2151 2452 2324 2533 quod

844 2547 1316 2629 interpretatur,
1336 2555 1514 2629 pater
1542 2548 1861 2625 excelsus3
1894 2569 2086 2632 quem
2106 2558 2327 2634 postea

844 2645 1147 2709 Dominus
1179 2647 1428 2709 vocavit
1456 2647 1790 2726 Abraham,
1825 2651 1996 2731 quod
2018 2649 2327 2732 interpre-

845 2750 1028 2820 tatur,
1064 2753 1241 2826 patcr
1281 2745 1647 2822 multarum,
1681 2755 1744 2810 et
1772 2747 2147 2812 subauditur
2174 2766 2326 2828 gen-

846 2841 1020 2920 tium,
1047 2842 1349 2924 quoniam
1372 2844 1533 2907 Deus
1564 2845 1621 2908 ei
1644 2845 1936 2928 praedixit
1965 2848 2135 2928 quod
2167 2847 2327 2910 mul-

843 2949 921 3004 tae
951 2940 1239 3005 nationes
1277 2949 1341 3004 et
1378 2950 1601 3022 gentes
1639 2963 1711 3007 ac
1751 2944 1973 3026 populi
2014 2946 2323 3010 nascituri

2437 1958 2663 2021 sitores
2693 1967 2905 2021 autem
2933 1957 3232 2021 catholici
3253 1958 3474 2020 dicunt
3503 1955 3909 2020 contrarium.

2435 2057 2610 2131 Quod
2642 2065 2844 2133 sonat,
2867 2057 3050 2138 quasi
3082 2057 3470 2139 expositores
3501 2055 3788 2119 catholici
3808 2073 3914 2134 ge-

2438 2155 2738 2218 neraliter
2765 2165 2956 2237 atque
2987 2156 3384 2219 concorditer
3413 2155 3693 2218 dicerent
3721 2153 3913 2236 hujus

2436 2254 2825 2318 contrarium
2862 2271 2876 2316 :
2910 2255 3081 2336 quod
3114 2273 3239 2318 non
3281 2263 3376 2317 est
3421 2253 3530 2330 ita,
3568 2252 3910 2335 praesertim

2436 2353 2587 2436 quia
2603 2362 2667 2416 et
2696 2353 3124 2416 sextodecimo
3155 2353 3234 2417 de
3263 2352 3528 2416 Civitatc
3559 2353 3665 2415 Dei
3695 2352 3760 2414 B.
3793 2351 3915 2412 Au-

2434 2453 2729 2533 gustinus
2760 2451 3129 2534 opinionem
3165 2451 3554 2516 Hebraeorum
3587 2448 3910 2533 praefatam

2439 2549 2655 2628 refert,
2703 2569 2819 2615 nec
2864 2550 3182 2633 reprobat.
3225 2550 3511 2631 Magister
3546 2567 3798 2631 quoque
3845 2547 3910 2610 in

2437 2649 2721 2713 historiis
2769 2668 2898 2713 non
2946 2647 3242 2731 reprobat
3290 2667 3449 2724 eam,
3493 2647 3600 2710 sed
3649 2646 3908 2709 recitat:

2439 2748 2569 2812 imo
2606 2756 2669 2812 et
2706 2747 2968 2831 quidam
3006 2745 3312 2809 Catholici
3356 2745 3708 2828 approbant
3749 2764 3912 2822 eam,

2437 2847 2790 2930 praesertim
2833 2846 2985 2928 quia
3019 2845 3327 2927 Josephus
3371 2843 3583 2906 fidelis
3623 2844 3916 2906 historio-

2435 2947 2713 3028 graphus
2760 2945 3118 3009 Judaeorum
3175 2942 3294 3006 hoc
3341 2943 3548 3025 ipsum
3605 2940 3910 3006 affirmat.

843 3048 1055 3102 essent
1082 3059 1157 3102 ex
1188 3059 1284 3104 eo.
1306 3041 1483 3103 Unde
1512 3041 1579 3103 in
1608 3041 1835 3105 Genesi
1865 3043 2171 3126 scriptum
2204 3054 2319 3123 est,
2361 3053 2405 3118 C
2436 3044 2885 3108 Verumtamen
2907 3043 3122 3125 potius
3151 3051 3327 3124 puto,
3351 3042 3520 3123 quod
3538 3041 3763 3104 Cetura
3793 3040 3916 3103 fuit

844 3137 969 3201 Deo
999 3137 1298 3219 loquente
1328 3140 1405 3203 ad
1436 3159 1581 3202 eum
1618 3158 1631 3203 :
1668 3141 2101 3224 Appellaberis
2130 3144 2328 3207 Abra-

842 3235 1012 3313 ham,
1034 3237 1457 3320 quiapatrem
1490 3239 1833 3302 multarum
1861 3241 2149 3321 gentium
2181 3261 2326 3308 con—

842 3335 1020 3398 stitui
1055 3344 1136 3399 te.

922 3435 1089 3495 Filii
1116 3444 1331 3496 autem
1358 3438 1691 3497 Abraham
1732 3435 2016 3515 fuerunt,
2051 3443 2240 3502 Isaac
2266 3452 2326 3502 et

840 3535 1077 3594 Ismael
1114 3553 1136 3593 .·
1176 3533 1340 3595 inter
1382 3553 1541 3615 quos
1595 3535 1815 3599 Ismael
1862 3537 2326 3620 primogenitus

843 3628 871 3691 f
876 3631 988 3709 uit,
1015 3633 1123 3694 sed
1154 3632 1322 3696 Isaac
1342 3631 1401 3696 ei
1424 3633 1839 3714 praeponitur,
1865 3637 2169 3718 quoniam
2191 3648 2326 3702 erat

840 3730 1039 3810 magis
1071 3731 1307 3794 electus
1348 3739 1411 3794 et
1454 3739 1731 3811 sanctUS,
1767 3741 1958 3815 atquc
1995 3736 2073 3798 de
2124 3736 2326 3802 libera

842 3837 1025 3894 natus
1059 3846 1073 3891 ε
1107 3829 1332 3893 etehoc
1362 3831 1929 3912 supernaturaliter
1971 3842 2163 3915 atquc
2212 3855 2326 3918 per

840 3928 1420 4017 repromissionem,
1454 3937 1517 3992 et
1547 3928 1700 4010 quia
1737 3931 1816 3993 de
1856 3931 1996 4013 ipso
2034 3933 2324 3998 Christus

839 4025 1047 4096 suerat
1094 4027 1474 4090 nasciturus.
1512 4031 1595 4090 Ει
1624 4031 1723 4090 hoe
1752 4031 2196 4106 yenerationes
2231 4053 2324 4092 eo-

836 4145 1009 4188 rum.
1042 4128 1528 4202 Primoyenicus
1550 4130 1865 4198 IsmaniS‚
1892 4129 2241 4202 Nabaiotlz,
2264 4141 2324 4191 et

2436 3142 2561 3205 alia
2588 3162 2780 3225 quam
2802 3143 2985 3222 Agar,
3007 3140 3336 3223 potissime
3367 3159 3562 3221 quum
3595 3139 3658 3200 in
3690 3139 3912 3202 Genesi

3941 1643 3992 1692 a,
4017 1644 4058 1684 4.

2435 3241 2704 3318 dicatur,
2757 3242 2927 3322 quod
2971 3239 3282 3302 Abraham
3336 3237 3492 3300 filiis
3535 3237 3916 3301 concubina-
3945 3267 4222 3317 affixus,

2436 3359 2576 3402 rum
2609 3339 2872 3419 largitus
2901 3346 2999 3401 est
3025 3357 3292 3400 munera
3327 3354 3340 3398 :
3375 3336 3486 3399 ubi
3520 3336 3772 3399 nemine
3798 3337 3916 3400 du-

2435 3438 2700 3514 bitante,
2730 3456 2842 3520 per
2871 3435 3260 3500 concubinas
3291 3435 3733 3516 intelliguntur
3753 3435 3916 3516 Agar

2436 3545 2627 3618 atque
2649 3537 2878 3600 Cetura
2905 3536 3021 3598 :ad
3052 3535 3222 3617 quod
3255 3553 3444 3616 super
3470 3533 3760 3596 Genesim
3791 3533 3916 3596 alia

2437 3636 2759 3699 introduxi
2808 3635 3069 3698 motiva.
3123 3634 3232 3696 Est
3273 3642 3480 3697 autem
3526 3632 3914 3696 consuetudo

2436 3734 2800 3817 Scripturas,
2851 3751 3077 3796 uxores
3127 3732 3338 3795 minus
3391 3729 3770 3813 principales
3821 3730 3916 3793 di-

2435 3853 2578 3897 cere
2609 3832 3020 3898 concubinas.

2521 3933 2682 3994 Filii
2710 3942 2928 3993 autem
2949 3934 3184 3993 Dadan
3207 3951 3230 3991 .·
3251 3929 3568 4000 Assurim,
3599 3947 3636 3990 a
3664 3945 3792 4009 quo
3825 3947 3916 3990 se-

2435 4031 2714 4094 cundum
2764 4029 3237 4111 Hieronymum,
3290 4025 3491 4108 aliqui
3539 4025 3761 4089 dicunt
3807 4025 3916 4108 Sy-

2434 4148 2537 4192 ros
2596 4147 2828 4191 nomen
2879 4127 3249 4209 sumpsisse.
3304 4125 3610 4189 Videntur
3661 4141 3914 4205 quoque

842 4225 1067 4294 Cedar,
1114 4234 1172 4284 ec
1201 4226 1465 4293 Adbeel‚
1502 4233 1563 4284 et
1593 4227 1906 4298 Mabsam,
1955 4236 2014 4287 ec
2045 4231 2324 4298 Masma,
2356 4236 2405 4298 D
2432 4227 2850 4310 Hieronymus
2879 4226 3319 4308 Josephusque
3349 4223 3604 4301 sentire,
3631 4231 3912 4306 posteros

834 4329 895 4381 et
918 4323 1156 4393 Dama,
1193 4323 1431 4391 Massa,
1458 4324 1725 4392 Hadad‚
1744 4333 1804 4383 ec
1830 4327 2091 4396 Thema,
2108 4329 2318 4399 Jecur,

838 4417 1117 4494 Naphis,
1150 4420 1407 4480 Cedma.
1433 4422 1526 4481 Hi
1550 4431 1702 4481 sunt
1730 4424 1865 4498 filii
1888 4427 2204 4498 [smaelis,
2243 4426 2322 4488 de

837 4532 966 4596 quo
1004 4514 1307 4578 Dominus
1338 4516 1710 4597 praedixerat
1738 4519 2043 4583 Abrahae:
2077 4523 2323 4587 Duode-

836 4613 963 4675 cim
980 4614 1175 4678 duces
1201 4615 1549 4693 generabit.
1573 4616 2024 4701 Unusquisque
2046 4621 2218 4683 enim
2253 4621 2322 4685 fi-

837 4711 1068 4774 liorum
1088 4711 1389 4789 ismaeliS,
1415 4711 1539 4775 fuit
1558 4715 1879 4799 princepS,
1900 4727 2088 4800 caput
2110 4728 2172 4783 et
2193 4721 2322 4784 dux

838 4809 1039 4871 tribus
1070 4829 1220 4874 suae.
1246 4811 1407 4874 Dicit
1424 4832 1681 4895 quoque
1701 4815 2117 4900 Hieronymus
2144 4837 2160 4882 :
2184 4820 2322 4883 Om-

834 4906 935 4968 nis
964 4907 1137 4987 regio
1164 4907 1244 4971 ab
1275 4909 1591 4992 Euphrate
1629 4934 1831 4996 usque
1862 4917 1941 4978 ad
1974 4937 2147 4980 mare
2200 4919 2322 4982 Ru-

832 5003 1040 5082 brum,
1091 5004 1519 5072 Nabaiothcna
1566 5022 1846 5090 vocatur,
1880 5031 2021 5095 quae
2072 5016 2321 5082 Arabiae

835 5121 982 5185 pars
1030 5112 1147 5166 est.
1183 5105 1268 5168 De
1313 5107 1410 5169 his
1454 5107 1713 5174 Genesis
1746 5112 2050 5178 vicesimo
2089 5116 2320 5198 quinto

837 5200 1090 5282 plenius
1120 5204 1371 5287 scripsi.

912 5302 1079 5360 Filii
1098 5313 1315 5365 autem
1336 5306 1579 5368 Cecuroe
1596 5311 1967 5374 concubinae
1986 5315 2322 5380 Abraham

2431 4326 2742 4407 quosdam
2763 4325 3030 4387 Abrahae
3053 4324 3360 4386 maximas
3384 4331 3580 4385 terras
3598 4320 3786 4383 Indiae
3815 4339 3914 4383 oc·

2431 4443 2698 4506 cupasse
2727 4431 2792 4486 et
2821 4422 3210 4506 implevisse.
3249 4425 3330 4484 Ει
3363 4423 3654 4482 Latusim
3679 4429 3738 4480 ec
3757 4422 3914 4481 Lao·

2435 4524 2615 4584 mim.
2660 4525 2828 4585 Filii
2868 4532 3084 4583 autem
3117 4522 3419 4591 Madian,
3459 4536 3649 4600 quem
3691 4516 3912 4598 genuit

3979 3563 4188 3607 Ibide-u.

2432 4620 2748 4684 Abraham
2792 4640 2867 4684 ex
2895 4621 3144 4684 Cetura.
3181 4618 3410 4700 Sicque
3449 4616 3685 4680 Madian
3725 4615 3912 4678 inter·
3937 4644 4240 4694 aaut&

2431 4720 2584 4782 dum
2615 4727 2714 4782 cst
2743 4719 3074 4801 proprium
3107 4735 3336 4780 nomen
3368 4715 3512 4792 viri,
3535 4715 3912 4797 quandoque

2431 4839 2583 4884 vero
2627 4837 2742 4901 pro
2787 4818 3067 4899 regione,
3101 4833 3558 4896 nonnunquam
3602 4831 3719 4896 pro
3758 4812 3913 4874 urbe

2431 4917 2498 4980 in
2533 4926 2700 4981 terra
2727 4916 2972 4979 Madian
3011 4916 3132 4978 sita
3169 4913 3500 4996 accipitur.
3535 4912 3747 4994 ltaque
3789 4909 3911 4972 filii

2430 5017 2673 5080 Madian
2715 5025 2915 5092 erant,
2950 5017 3144 5092 Epha
3171 5023 3232 5075 et
3263 5015 3480 5091 Epleer
3499 5015 3523 5038 *
3563 5022 3622 5072 ec
3651 5010 3910 5074 Henoclz
3939 5029 4078 5072 unu
4091 5033 4276 5088 Apam-

2430 5126 2491 5177 et
2521 5118 2732 5178 Abida
2761 5125 2822 5176 et
2849 5117 3087 5176 Eldaa.
3121 5118 3351 5176 Omnes
3380 5115 3453 5172 Izi
3478 5112 3611 5189 filii
3641 5113 3906 5170 Ceturoe.

2431 5213 2736 5290 Quocirca
2762 5213 2919 5276 dicit
2946 5213 3362 5295 Hieronymus
3390 5227 3405 5272 :
3439 5208 3792 5272 Secundum
3815 5204 3912 5267 hi-

2435 5313 2700 5388 storicos
2739 5312 3166 5388 Hebraeorum,
3205 5308 3328 5372 filii
3367 5308 3608 5371 Ceturae
3646 5323 3910 5388 occupa·
