4309 6259
843 496 960 565 360

1698 511 2044 559 ENARRATIO
2086 512 2148 557 IN
2192 512 2326 557 CAP.
2372 510 2441 556 111
2480 510 2607 555 JOB.
2651 528 2731 539 -
2772 509 2914 555 ART.
2962 510 3071 555 xm

1915 924 2563 1013 ARTICULUS
2629 924 2851 1007 XIII

1212 1210 1354 1263 QUID
1397 1208 1475 1251 DE
1519 1204 1878 1251 INTELLECTU
1923 1203 2106 1249 HUIUS
2149 1201 2425 1248 GAPITULI
2467 1199 2934 1245 RATIONABILIUS
2977 1199 3197 1244 mCTuu
3241 1198 3563 1244 vaATUR.

983 1484 1324 1547 UANTUM
1368 1500 1594 1565 capere
1643 1499 1837 1563 queo,
1894 1480 2058 1542 inter
2102 1478 2334 1557 Grego-
2364 1474 2413 1535 A
2443 1494 2516 1537 ac
2561 1475 3027 1558 blasphemum,
3073 1484 3374 1557 tanquam
3414 1496 3489 1539 ex
3532 1494 3799 1539 erronea
3840 1497 3935 1538 ra-

847 1482 977 1683 Ο
1006 1584 1174 1645 rium
1220 1589 1607 1645 asserentem
1655 1598 1936 1662 praesens
1981 1577 2331 1659 capitulum

843 1702 972 1746 non
1002 1701 1189 1765 posse
1233 1681 1308 1743 ad
1343 1681 1620 1742 litteram
1651 1678 1904 1759 exponi,
1938 1686 2001 1739 et
2029 1676 2334 1739 Thomam

840 1789 1229 1845 asserentem
1278 1799 1350 1841 ac
1396 1778 1736 1841 facientem
1782 1776 2172 1858 oppositum,
2206 1793 2332 1836 non

842 1891 938 1945 est
968 1889 1142 1943 tanta
1173 1877 1567 1942 dissonantia
1599 1878 1665 1938 in
1697 1896 1784 1953 rc,
1819 1876 1982 1938 sicut
2022 1874 2088 1937 in
2119 1873 2334 1938 verbis

842 1988 1132 2062 apparet.
1169 1978 1509 2057 Gregorius
1551 1994 1829 2056 namque
1878 1972 2152 2036 intendit
2191 1991 2335 2053 pro-

844 2082 1017 2156 bare,
1042 2079 1210 2160 quod
1240 2076 1591 2158 capitulum
1623 2075 1744 2137 hoc
1777 2092 1904 2135 non
1938 2073 2137 2155 possit
2170 2071 2335 2133 litte-

843 2177 1062 2240 raliter
1103 2175 1357 2257 exponi,
1394 2173 1744 2237 secundum
1791 2172 1962 2253 quod
2009 2172 2207 2233 verba
2246 2170 2336 2251 ja-

842 2284 989 2340 cent
1035 2284 1097 2337 et
1147 2282 1397 2349 sonant,
1447 2281 1512 2335 ct
1567 2280 1636 2333 ut
1691 2278 2026 2333 sumantur
2081 2270 2250 2333 dicta
2300 2288 2335 2329 a

843 2383 1062 2437 sancto
1099 2374 1216 2437 101)
1267 2372 1618 2435 secundum
1674 2369 1985 2432 rationem
2032 2368 2336 2430 delibera-

843 2482 971 2537 tam
1009 2491 1022 2535 :
1057 2472 1150 2535 sic
1182 2490 1413 2552 nempe
1444 2470 1539 2549 (ut
1585 2468 1820 2547 arguit)
1860 2465 2335 2548 impossibilita-

843 2582 970 2635 tem
1029 2580 1093 2635 et
1153 2567 1799 2641 irrationabilitatem,
1863 2565 2333 2647 maximamque

2448 1574 2617 1636 tione
2666 1575 3079 1656 loquentem:
3129 1594 3271 1656 quae
3320 1584 3532 1638 tamen
3579 1575 3933 1657 disputatio

2445 1674 2838 1755 protrahitur
2882 1693 3088 1754 usque
3135 1673 3526 1737 tricesimum
3578 1674 3929 1737 secundum

2444 1772 2817 1853 capitulum.
2854 1773 2975 1834 Nec
3006 1772 3255 1834 videtur
3284 1774 3455 1853 quod
3492 1772 3607 1835 101)
3650 1781 3775 1835 tam
3816 1772 3929 1834 diu

2446 1871 2754 1933 tenuisset
2780 1889 2887 1933 eos
2934 1871 2997 1932 in
3030 1870 3241 1933 verbis
3280 1870 3648 1951 aequivociS‚
3682 1872 3759 1933 ad
3790 1890 3935 1953 pro-

2443 1970 2721 2051 positum
2753 1988 2881 2032 non
2912 1969 3368 2051 spectantibus,
3389 1969 3545 2050 quin
3577 1968 3933 2051 aperuisset

2442 2068 2534 2131 eis
2586 2068 3005 2130 intentionem
3054 2087 3254 2129 suam.
3288 2065 3378 2130 Ob
3418 2068 3581 2130 hanc
3618 2067 3930 2129 rationem

2444 2167 2695 2230 videtur
2737 2166 2887 2229 huic
2931 2166 3277 2248 expositori
3316 2166 3503 2229 aliter
3546 2184 3685 2229 esse
3714 2165 3933 2229 dicen—

2442 2266 2618 2341 dum,
2650 2265 2947 2328 videlicet
2991 2264 3161 2345 quod
3202 2264 3537 2346 disputans
3566 2273 3786 2328 contra
3814 2264 3935 2326 ali-

2442 2384 2650 2446 quem,
2684 2364 3056 2445 frequenter
3098 2363 3254 2425 dicit
3303 2364 3402 2425 vel
3453 2363 3663 2443 arguit
3710 2381 3933 2445 proce—

2443 2464 2650 2525 dendo
2673 2482 2747 2525 ex
2771 2461 3090 2525 concessis
3110 2461 3190 2524 ab
3212 2481 3302 2539 e0,
3322 2462 3399 2524 ad
3422 2461 3930 2524 concludendum

2442 2562 2687 2642 aliquid
2732 2568 2954 2623 contra
2995 2579 3165 2637 eum,
3199 2560 3733 2641 quemadmodum
3765 2559 3933 2642 Apo-

842 2669 1306 2752 impatientiam
1337 2666 1759 2729 continerent.
1786 2664 1910 2726 Nec
1941 2663 2211 2725 Thomas
2241 2664 2331 2726 sic
2371 2664 2416 2725 B
2444 2661 2643 2722 stolus
2674 2661 2752 2721 ad
2782 2659 3163 2735 Corinthios,
3199 2678 3275 2722 ex
3304 2679 3518 2722 errore
3560 2659 3927 2739 negantium

842 2768 1192 2850 capitulum
1243 2766 1410 2827 istud
1460 2764 1741 2845 exponit,
1794 2763 2329 2843 quemadmodum

843 2864 1271 2929 consideranti
1318 2862 1516 2925 verba
1557 2863 1718 2943 ejuS,
1754 2861 2134 2943 praecedenti
2184 2862 2334 2922 arti-

842 2964 986 3027 culo
1012 2963 1392 3037 introducta,
1419 2960 1896 3024 evidentissime
1927 2967 2196 3021 constat.
2222 2960 2335 3021 Ex-

842 3062 1076 3146 positio
1108 3079 1363 3142 quoque
1393 3058 1635 3122 Alberti
1667 3058 1821 3120 satis
1852 3057 2127 3121 faciliter
2158 3058 2333 3121 vide-

843 3171 946 3225 tur
978 3179 1164 3243 posse
1193 3160 1269 3221 ad
1303 3158 1762 3240 expositionem
1795 3156 2048 3218 Thomae
2088 3156 2327 3232 reduci,

843 3271 908 3326 et
955 3258 1324 3325 concordari
1371 3276 1515 3321 cum
1565 3276 1660 3332 ea,
1706 3255 1927 3337 paucis
1977 3255 2127 3317 hinc
2186 3255 2333 3317 indc

845 3359 1058 3425 verbis
1079 3356 1559 3431 subintellectiS,
1578 3374 1719 3435 quae
1742 3353 2166 3433 subintelligit
2188 3354 2336 3417 Tho-

845 3478 1004 3535 maS,
1051 3465 1112 3521 et
1157 3456 1484 3538 praernisso
1529 3452 1819 3530 notabili,
1853 3452 2020 3534 quod
2062 3451 2334 3514 Thomas

847 3554 1195 3640 praemittit.

925 3656 1114 3716 Porro
1147 3654 1326 3733 Lyra,
1359 3649 1651 3731 quamvis
1681 3649 2142 3732 expositionem
2175 3649 2336 3711 Tho-

846 3774 965 3817 mae
1011 3752 1180 3815 dicat
1230 3749 1529 3811 subtilem
1581 3756 1643 3810 et
1690 3748 2055 3827 gratiosam,
2110 3748 2335 3828 objicit

2444 2758 2973 2821 resurrectionem
3020 2758 3110 2820 sic
3151 2758 3359 2839 arguit
3395 2775 3407 2819 :
3445 2758 3506 2820 Si
3552 2757 3930 2820 resurrectio

2444 2866 2841 2920 mortuorum
2881 2876 3008 2919 non
3039 2865 3156 2933 est,
3194 2874 3343 2935 ergo
3374 2875 3488 2919 nec
3521 2856 3803 2919 Christus
3834 2874 3931 2919 re—

2444 2955 2738 3017 surrexit.
2766 2954 2829 3017 Si
2862 2964 3073 3017 autem
3093 2954 3378 3017 Christus
3410 2972 3538 3017 non
3562 2955 3929 3030 resurrexit,

2446 3054 2653 3117 ina‘nis
2687 3063 2778 3116 est
2821 3052 3187 3136 praedicatio
3228 3061 3467 3130 nostra,
3502 3052 3711 3115 inanis
3740 3061 3837 3115 est
3866 3061 3931 3115 et

2446 3154 2610 3216 fides
2641 3162 2871 3216 vestra.
2892 3152 3095 3214 Amici
3128 3161 3338 3215 autem
3368 3152 3505 3228 101),
3532 3152 3681 3215 licet
3701 3169 3933 3214 conve-

2446 3254 2659 3315 nirent
2690 3271 2833 3313 cum
2866 3270 2941 3314 eo
2975 3252 3038 3312 in
3072 3252 3214 3327 hoc,
3249 3252 3416 3332 quod
3450 3259 3627 3313 actus
3664 3250 3931 3313 humani

2448 3359 2752 3429 reguntur
2800 3350 3019 3412 divina
3066 3350 3486 3432 providentia,
3542 3358 3751 3412 tamen
3802 3349 3933 3411 dis-

2444 3449 2805 3511 sentiebant
2834 3449 2915 3511 ab
2946 3468 3019 3511 eo
3051 3449 3115 3509 in
3149 3449 3289 3524 hoc,
3324 3449 3491 3529 quod
3530 3448 3929 3530 punitionem

2444 3556 2845 3630 peccatorum
2888 3556 2951 3611 et
2996 3548 3569 3610 remunerationem
3614 3547 3929 3611 bonorum

2444 3648 2509 3709 in
2556 3646 2770 3708 futura
2809 3647 2941 3709 vita
2979 3646 3315 3727 negabant.
3350 3645 3444 3708 Ad
3482 3647 3650 3729 quod
3688 3646 3929 3709 dictum

2444 3765 2661 3809 eorum
2696 3745 3005 3827 sequitur,
3040 3745 3207 3826 quod
3242 3745 3371 3808 vita
3399 3745 3676 3808 hominis
3708 3746 3771 3807 in
3802 3766 3932 3807 ma-

845 3862 1056 3915 tamen
1089 3850 1302 3912 sobrie
1323 3856 1543 3911 contra
1564 3848 1948 3927 eam,quoad
1984 3847 2334 3909 secundum
2370 3849 2412 3912 C
2442 3863 2567 3923 gna
2597 3845 2853 3907 miseria
2884 3845 3266 3921 exsistentiS,
3294 3864 3330 3906 a
3355 3864 3483 3925 qua
3513 3862 3639 3907 non
3670 3852 3933 3927 apparet

846 3953 1087 4015 dictum
1137 3948 1412 4023 Thomae,
1462 3964 1590 4027 quo
1649 3944 1876 4007 asserit
1920 3944 2176 4007 beatum
2220 3945 2335 4008 101)

849 4049 1027 4131 loqui
1077 4046 1271 4109 verba
1319 4046 1513 4126 hujus
1563 4043 1828 4125 capituli
1880 4044 1956 4105 ad
2009 4043 2337 4105 insinuan-

849 4150 1001 4211 dum
1022 4145 1504 4227 dispositionem
1529 4163 1601 4205 ac
1631 4143 1993 4224 passionem
2016 4142 2337 4205 sensitivae

850 4246 1048 4329 partis
1098 4264 1248 4320 suae,
1287 4242 1598 4305 miserias·
1627 4234 1784 4321 quas
1833 4241 2191 4323 patiebatur
2239 4242 2339 4303 ab-

849 4342 1190 4417 horrentiS,
1225 4339 1519 4422 quamvis
1563 4339 1700 4420 ipse
1745 4340 2096 4402 secundum
2144 4339 2337 4402 ratio-

850 4462 994 4504 nem
1026 4459 1139 4522 per
1169 4438 1542 4520 patientiam
1574 4456 1679 4499 eas
1711 4446 2066 4519 acceptaret
2099 4438 2334 4499 intuitu

848 4540 956 4604 Dei
989 4558 1060 4602 ac
1092 4536 1335 4619 praemii
1368 4536 1765 4618 ejuthaque
1794 4545 2013 4598 contra
2044 4536 2212 4598 istud
2246 4537 2338 4598 sic

850 4638 1059 4719 arguit
1090 4654 1104 4697 ε
1134 4634 1336 4697 Amici
1365 4633 1481 4696 101)
1511 4653 1711 4715 quum
1747 4633 1986 4697 fuerint
2017 4635 2336 4715 sapientes

850 4757 922 4801 ac
967 4733 1254 4810 litterati,
1299 4752 1425 4796 non
1476 4732 2009 4795 contradixissent.
2058 4732 2181 4814 ipsi
2221 4732 2336 4795 101)

848 4837 969 4898 hoc
1012 4834 1200 4896 modo
1235 4829 1546 4913 loquenti,
1573 4830 1844 4892 scientes
1877 4829 2205 4911 passiones
2244 4850 2338 4892 cs-

850 4954 916 4997 se
949 4931 1292 4995 tristabiles
1323 4929 1674 4992 secundum
1707 4927 2075 4991 sensitivam
2109 4927 2337 4991 animae

2446 3944 2738 4007 liberatio
2771 3944 2875 4007 via
2903 3942 3181 4004 humana
3210 3942 3559 4025 possibiliS,
3584 3944 3667 4004 sit
3698 3943 3756 4005 ei
3784 3961 3934 4005 one-

2445 4061 2586 4105 rosa
2632 4050 2823 4123 atque
2871 4040 3153 4115 odibilis,
3201 4041 3254 4102 si
3304 4040 3547 4104 scilicet
3604 4041 3778 4103 nulla
3836 4051 3933 4104 est

2447 4140 2873 4203 remuneratio
2924 4140 2987 4201 in
3040 4138 3255 4201 futuro
3298 4159 3410 4202 seu
3460 4139 3584 4202 alia
3638 4140 3808 4213 vita;
3870 4150 3937 4202 et

2446 4258 2559 4320 per
2591 4257 3011 4319 consequenS,
3047 4258 3120 4301 ca
3162 4258 3272 4320 per
3300 4258 3443 4320 quae
3470 4239 3647 4301 venit
3689 4239 3765 4300 ad
3798 4247 3938 4301 tan—

2446 4344 2571 4397 tam
2631 4336 2975 4412 miseriam,
3025 4335 3269 4399 scilicet
3316 4336 3669 4418 concepti0,
3712 4335 3938 4399 nativi-

2444 4442 2560 4509 taS,
2597 4434 2908 4509 educatio,
2946 4434 3075 4495 sint
3105 4434 3163 4495 ei
3196 4434 3435 4496 odiosa.
3471 4434 3537 4495 ln
3572 4434 3678 4495 tali
3718 4442 3931 4497 autem

2446 4540 2610 4594 statu
2642 4541 2776 4595 erat
2803 4532 2943 4609 101),
2976 4540 3038 4595 et
3067 4532 3210 4595 ideo
3240 4551 3316 4595 ex
3356 4533 3671 4595 sent-entia
3699 4533 3935 4597 amico-

2446 4648 2583 4691 rum
2618 4647 2874 4691 suorum
2916 4648 3200 4704 erronea,
3234 4648 3426 4710 quam
3470 4630 3747 4710 agnovit,
3781 4648 3933 4693 con—

2445 4727 2637 4789 clusit
2669 4727 2862 4790 vitam
2894 4746 3072 4789 suam
3106 4726 3227 4790 sibi
3260 4728 3586 4805 odibilem,
3622 4736 3684 4791 et
3714 4747 3787 4791 ea
3816 4746 3933 4810 per

2445 4846 2587 4907 quae
2618 4826 2795 4889 venit
2823 4827 2900 4888 ad
2940 4846 3101 4903 eam,
3135 4827 3421 4890 ducendo
3452 4846 3558 4889 eos
3604 4827 3681 4889 ad
3712 4826 3932 4889 incon-

2445 4926 2733 5003 venienS,
2768 4926 2919 5007 quia
2963 4926 3130 4988 istud
3174 4946 3288 5008 pro
3321 4926 3794 4990 inconvenienti
3827 4926 3933 4989 ha-

847 5040 1113 5115 partem.
1149 5030 1228 5091 Et
1258 5029 1399 5092 ideo
1431 5028 1780 5091 secundum
1811 5027 1932 5089 hoc
1963 5026 2228 5103 dictum,
2256 5035 2339 5089 to-
2368 5027 2417 5089 D
2448 5023 2701 5086 bebant.
2756 5024 2830 5085 Et
2880 5025 3229 5087 secundum
3280 5025 3447 5087 hunc
3508 5025 3767 5087 modum
3814 5025 3931 5088 Job

847 5139 912 5191 ta
940 5127 1288 5210 disputatio
1320 5145 1536 5188 eorum
1571 5134 1791 5187 contra
1817 5124 1932 5187 101)
1965 5125 2335 5205 procederet

847 5226 1194 5307 aequivoce,
1231 5244 1428 5307 quum
1478 5224 1765 5285 nitantur
1808 5223 2163 5296 ostendere,
2200 5241 2336 5283 san-

849 5332 1022 5387 ctum
1040 5323 1155 5386 101)
1176 5343 1250 5386 ex
1272 5320 1669 5403 impatientia
1690 5320 1928 5383 factum
1953 5320 2331 5382 maledicum

2446 5141 2571 5185 non
2616 5131 2825 5202 potest
2864 5124 2943 5185 de
2975 5122 3373 5204 impatientia
3406 5123 3504 5185 vel
3536 5124 3932 5204 blasphemia

2445 5220 2848 5301 reprehendi.
2884 5222 3035 5283 Nam
3088 5240 3162 5283 ea
3206 5240 3346 5303 quae
3389 5222 3453 5282 in
3489 5221 3609 5283 isto
3650 5220 3932 5303 capitulo

2444 5328 2507 5381 et
2537 5318 2775 5380 similia
2793 5338 2937 5400 quae
2968 5320 3033 5380 in
3066 5320 3482 5401 sequentibus
3509 5319 3617 5397 ait,
3645 5337 3771 5382 non
3791 5338 3934 5401 pro-

3992 2781 4144 2825 [Cor.
4164 2796 4239 2827 ιτ.
4283 2764 4284 2819 Ῑ

3963 2847 4033 2894 13,
4060 2848 4128 2886 u.
4283 2846 4284 2853 ’
