4309 6259
889 496 1006 561 324

1807 511 2154 559 ENARRA'rlo
2196 512 2259 558 IN
2300 511 2437 557 CAP.
2485 510 2506 555 1
2546 510 2673 555 101³.
2716 528 2798 539 -
2837 510 2980 555 Am.
3014 510 3051 553 V

885 691 1113 747 xerunt
1142 685 1398 746 eosdem
1441 691 1584 765 post
1625 701 1714 760 se,
1749 682 2100 764 praesertim
2154 682 2220 743 in
2270 680 2375 743 die
2403 677 2454 740 Α
2486 679 2695 741 lsrael.
2748 678 2825 740 Et
2874 677 3039 741 sicut
3086 695 3257 740 nunc
3304 675 3584 739 Ecclesia
3630 674 3827 737 vestis
3874 682 3977 737 est

882 781 1278 858 ParasceveS‚
1331 780 1630 842 omnibus
1691 779 2144 861 persuadentes
2202 777 2372 859 quod

879 878 1057 942 Jesus
1089 889 1257 941 esset
1285 881 1582 942 seductor
1617 896 1631 939 ε
1666 895 2030 959 quanquam
2077 875 2371 939 nonnulli

881 977 1138 1041 illorum
1163 977 1473 1040 divinitus
1496 975 1881 1059 praeservati,
1905 976 2246 1051 evaserint,
2261 973 2373 1055 qui

881 1095 995 1158 per
1043 1094 1246 1137 unum
1291 1075 1407 1156 qui
1453 1074 1676 1151 evasit,
1721 1082 1870 1135 sunt
1921 1072 2206 1154 figurati.
2250 1072 2372 1135 Nec

880 1174 1146 1237 dubium
1177 1174 1336 1256 quin
1365 1192 1542 1236 more
1575 1174 1853 1235 humano
1884 1173 2141 1253 quidam
2172 1170 2373 1233 adhae-

881 1272 1156 1334 rentium
1201 1272 1473 1347 Christe,
1516 1290 1684 1354 saepe
1721 1278 2033 1334 venerunt
2081 1271 2159 1332 ad
2200 1288 2369 1343 eum,

881 1370 1251 1433 nuntiantes
1284 1370 1407 1431 sibi
1439 1388 1585 1451 quae
1617 1376 2040 1450 perceperunt
2076 1376 2187 1430 aut
2223 1386 2373 1430 con-

882 1476 1225 1551 spexerunt
1253 1469 1332 1530 de
1361 1466 1896 1530 concernentibus
1927 1466 2161 1547 ipsum.

961 1569 1200 1627 Adhuc
1229 1568 1625 1645 loquebatur,
1647 1575 1706 1625 et
1735 1568 1909 1625 alius
1937 1566 2114 1625 dioeit
2132 1585 2154 1623 .·
2177 1565 2373 1625 Filiis

887 1666 1015 1724 tuis
1057 1674 1116 1725 et
1145 1666 1434 1742 filiabus,
1471 1663 1532 1726 id
1583 1672 1680 1726 est
1709 1663 2028 1746 Apostolis
2076 1671 2139 1725 et
2187 1662 2373 1725 colle-

883 1762 1203 1824 ctionibus
1233 1761 1628 1824 credentium
1659 1761 1751 1823 eis
1774 1760 2101 1841 subjectis,
2127 1782 2373 1821 vescen-

2485 776 2739 851 Christi‚
2777 776 2863 837 ita
2902 784 3057 838 tunc
3088 775 3279 837 vestis
3310 775 3417 837 Dei
3457 773 3662 836 fuerat
3696 772 3975 854 Synago-

2484 892 2583 955 ga,
2620 876 2785 939 sicut
2832 894 2947 958 per
2994 876 3217 937 isaiam
3266 873 3639 957 praedictum
3680 878 3779 934 est
3812 888 3829 932 :
3862 871 3975 932 His
4002 890 4273 936 ramme.

2483 973 2784 1037 omnibus
2831 973 3013 1055 quasi
3054 972 3433 1035 vestimento
3482 969 3837 1034 ornaberis.
3882 972 3973 1031 Et

2486 1084 2660 1133 tonso
2706 1073 2937 1149 capite,
2968 1092 3271 1133 corruens
3318 1072 3391 1131 in
3441 1080 3702 1139 terram,
3740 1071 3973 1129 adora-

2484 1174 2600 1233 vit.
2625 1171 2739 1233 Per
2770 1171 2934 1253 pilos
2965 1170 3215 1253 capitiS,
3241 1168 3654 1249 cogitationes
3684 1166 3974 1230 affectio-

2484 1288 2725 1351 nesque
2745 1270 2953 1332 cordis
2976 1270 3183 1333 solent
3205 1267 3465 1349 signari.
3488 1266 3795 1341 Quoniam
3820 1284 3973 1347 ergo

2484 1368 2768 1431 Salvator
2798 1367 3037 1430 relictis
3056 1368 3225 1448 juste
3248 1365 3535 1449 reprobis
3556 1364 3686 1426 illis
3711 1364 3969 1439 Judaeis,

2485 1485 2599 1547 pro
2629 1466 2884 1529 illorum
2932 1466 3282 1529 salvatione
3321 1464 3735 1543 cogitationes
3774 1471 3839 1525 et
3874 1462 3974 1524 af-

2484 1564 2791 1627 fectiones
2840 1572 3197 1646 assumptas
3236 1562 3476 1644 abjecit
3517 1561 3763 1643 (aliquo
3792 1561 3969 1625 enim

2484 1663 2672 1725 modo
2724 1671 2872 1725 ante
2920 1682 3035 1745 pro
3081 1662 3173 1725 eis
3220 1661 3444 1738 oravit,
3479 1662 3655 1741 juxta
3690 1660 3848 1727 iuud
3899 1660 3969 1721 in

2481 1759 2749 1837 Psalmo,
2792 1761 2909 1823 Pro
2940 1780 3015 1824 eo
3048 1770 3115 1822 ut
3143 1778 3245 1823 me
3287 1760 3646 1839 diligerent,
3680 1757 3973 1821 detrahe·
4004 1776 4083 1819 Ρ..
4104 1780 4267 1820 cmi-

885 1862 1052 1919 tibus
1079 1869 1138 1920 et
1169 1862 1526 1920 bibentibus
1559 1862 1787 1919 vinum
1821 1861 1893 1919 in
1922 1863 2106 1921 domo
2134 1861 2371 1937 fratris
2408 1860 2455 1922 B
2485 1858 2637 1920 bant
2666 1859 2849 1935 mihi,
2883 1877 2999 1939 ego
3044 1867 3257 1921 autem
3296 1858 3601 1937 orabam),
3636 1857 3820 1939 quasi
3866 1876 3971 1920 ca-

879 1959 988 2017 sui
1007 1960 1459 2035 primoyeniti,
1492 1958 1556 2020 id
1597 1966 1692 2020 est
1733 1957 1799 2018 in
1838 1956 2231 2019 habitatione
2265 1958 2371 2019 Ju-

878 2055 1074 2119 daicae
1105 2054 1334 2135 plebiS‚
1367 2065 1598 2123 sanctae
1622 2055 2088 2137 praedicationis
2119 2055 2368 2118 deliciis

875 2172 1164 2220 amorose
1213 2154 1564 2231 utentibuS‚
1618 2165 1872 2232 repente
1915 2165 2141 2215 ventus
2192 2156 2370 2214 velze-

876 2272 1078 2321 mens,
1119 2252 1183 2315 id
1222 2261 1320 2314 est
1358 2252 1619 2333 grandis
1662 2260 1726 2315 et
1765 2252 2124 2335 impetuosa
2176 2261 2369 2315 tenta·

875 2349 986 2425 tio,
1013 2352 1216 2411 irruit
1255 2373 1295 2411 a
1327 2351 1584 2427 reqione
1613 2352 1874 2419 deserti,
1907 2350 1971 2411 id
2015 2358 2130 2427 est,
2165 2351 2243 2412 de
2273 2349 2369 2411 in-

876 2445 1168 2509 fidelium
1214 2448 1537 2525 cordibuS,
1590 2467 1700 2510 seu
1745 2448 2103 2509 daemonum
2155 2468 2193 2509 a
2242 2449 2368 2511 Deo

876 2546 1244 2609 relictorum
1297 2545 1812 2625 suggestionibus
1863 2546 2101 2627 prodiit
2148 2555 2367 2610 contra

878 2642 1129 2721 fideles,
1162 2654 1222 2705 et
1263 2646 1577 2705 concussit
1623 2653 1906 2723 quatuor
1936 2649 2211 2722 angulos
2258 2648 2368 2705 do-

876 2764 1043 2814 mus,
1092 2742 1158 2806 id
1195 2750 1312 2818 est,
1349 2742 1742 2823 Synagogam
1786 2742 1864 2803 ad
1913 2740 2364 2806 infidelitatem

878 2840 1223 2903 commovit
1249 2858 1262 2901 :
1288 2858 1430 2921 quae
1462 2839 1791 2920 Synagoga
1811 2858 1922 2901 seu
1954 2841 2181 2902 domus
2213 2860 2369 2923 qua-

639 2958 808 3003 nauh.
880 2946 1024 3000 tuor
1052 2938 1305 3017 angulis
1337 2937 1561 3013 stabat,
1599 2936 1660 2999 id
1693 2945 1807 3013 est,
1832 2938 1898 2998 in
1931 2938 2366 3001 sacerdotibus

584 3034 695 3073 xxvi,
717 3026 758 3071 3,
775 3025 850 3073 57:

584 3099 712 3135 xxvn,
729 3087 797 3127 62.

878 3134 1101 3217 populi
1123 3153 1235 3197 seu
1252 3133 1582 3215 judicibus
1613 3133 1953 3197 ordinariis
1973 3136 2367 3199 sustentaba-

877 3241 1019 3309 tur3
1053 3254 1195 3313 quoe
1237 3254 1560 3305 corruens,
1595 3235 1904 3311 oppressit
1933 3235 2159 3294 liberos
2200 3245 2359 3307 tum,

875 3342 934 3393 et
965 3335 1209 3393 mortui
1249 3341 1400 3393 sunt
1431 3352 1453 3391 .·
1483 3330 1634 3412 quia
1664 3331 1894 3395 Judaeis
1936 3332 2145 3395 taliter
2176 3334 2363 3397 victis

876 3438 940 3492 et
967 3429 1298 3512 prostratis
1337 3448 1374 3491 a
1412 3430 1773 3492 daemonum
1811 3432 2240 3508 tentamentiS,
2278 3432 2366 3513 ip-

875 3527 930 3589 si
968 3526 1275 3609 Apostoli,
1311 3544 1512 3607 quum
1541 3525 1827 3589 Christus
1867 3546 1905 3588 a
1930 3528 2163 3591 Judaeis
2195 3548 2365 3591 com-

601 3639 847 3693 maxm,
875 3624 1397 3706 prehenderetur,
1422 3623 1662 3685 carnali
1684 3624 1911 3687 timore
1936 3623 2258 3704 fugerunt,
2276 3628 2364 3690 vi-

584 3706 652 3747 ⁶⁶·
878 3732 1135 3804 tamque
1199 3720 1358 3784 fidei
1416 3721 1854 3803 perdiderunt.
1918 3722 2090 3784 Unus
2149 3732 2360 3787 tamen

875 3822 1126 3884 animus
1156 3822 1235 3883 de
1265 3840 1530 3884 numero
1561 3820 1954 3883 credentium
1987 3822 2158 3884 stetit
2200 3823 2366 3888 invi-

873 3929 1035 3998 ctuS,
1089 3918 1394 4001 quoniam
1433 3917 1627 4000 Virgo
1673 3918 1858 3981 beata
1913 3936 2265 4001 nunquam·
2295 3922 2362 3984 in

875 4018 1004 4082 fide
1035 4017 1304 4081 nutavit.

961 4121 1138 4178 Tunc
1165 4116 1456 4175 surrexit
1492 4117 1606 4174 Job
1628 4135 1650 4174 .·
1683 4114 1746 4176 id
1785 4123 1901 4192 est,
1937 4115 2036 4177 his
2078 4115 2263 4179 factis
2300 4126 2363 4179 et

2480 1966 2596 2039 put
2637 1958 2932 2033 totondit,
2965 1957 3331 2038 corruitque
3382 1956 3445 2017 in
3496 1964 3727 2019 terram
3766 1972 3779 2017 :
3814 1957 3973 2037 quia

2480 2064 2542 2117 et
2591 2056 3009 2137 pereuntibus
3059 2054 3331 2118 naturali
3382 2052 3759 2117 condolebat
3808 2053 3973 2117 affe-

2479 2162 2607 2231 etu,
2644 2163 2706 2216 et
2735 2174 2940 2236 usque
2978 2153 3057 2215 ad
3088 2152 3316 2215 infima
3348 2172 3415 2216 se
3444 2152 3830 2215 humiliavit.
3865 2153 3972 2216 Pa·

2481 2259 2639 2315 trem
2672 2270 2928 2333 quoque
2956 2252 3263 2327 adoravit,
3290 2252 3638 2314 secundum
3666 2250 3840 2332 quod
3864 2250 3972 2314 ho-

2478 2369 2604 2427 mo,
2648 2358 2709 2412 et
2748 2369 2864 2432 pro
2910 2349 3265 2430 gentilitate
3306 2349 3572 2431 rogavit,
3616 2357 3810 2429 atque
3851 2368 3969 2432 pro

2476 2448 2696 2511 electis
2721 2449 2756 2510 J
2761 2448 2975 2523 udaeiS,
3000 2449 3168 2531 apud
3189 2449 3492 2511 Ioannem
3516 2448 3807 2529 loquenS,
3830 2448 3965 2511 Non
3997 2465 4271 2509 Joanuw.

2477 2564 2593 2627 pro
2638 2545 2762 2621 his,
2800 2554 2954 2627 puta
2984 2544 3303 2627 Apostolis
3343 2553 3406 2608 et
3452 2544 3671 2607 electis
3704 2544 3962 2622 Judaeis,
3998 2530 4071 2576 ²⁰·
4094 2531 4165 2570 ²¹·

2478 2661 2629 2723 rogo
2679 2652 2945 2721 tantum,
2982 2645 3093 2706 sed
3134 2652 3195 2706 et
3239 2662 3354 2726 pro
3395 2644 3487 2707 eis
3518 2642 3630 2724 qui
3660 2643 3966 2705 credituri

2478 2750 2629 2803 sunt
2673 2761 2786 2823 per
2815 2742 3083 2805 verbum
3116 2760 3337 2805 eorum
3371 2741 3437 2803 in
3466 2761 3590 2819 me,
3628 2749 3699 2803 ut
3742 2760 3969 2804 omnes

2478 2839 2606 2901 sint
2638 2858 2858 2902 unum.

2558 2941 2641 2999 Et
2671 2940 2847 2999 dixit
2877 2959 2899 2997 .·
2922 2940 3159 3001 Nudus
3188 2958 3471 3016 cyressus
3498 2959 3645 2999 sum
3678 2941 3759 2998 de
3788 2947 3969 2999 utero

880 3044 944 3099 et
974 3035 1234 3114 Scribis,
1268 3035 1599 3097 Pharisaeis
1627 3054 1882 3117 quoque
1913 3045 1974 3099 et
2005 3037 2365 3099 senioribus
2400 3042 2444 3106 C
2478 3037 2707 3096 matris
2728 3057 2907 3105 mem,
2924 3046 2983 3096 et
3004 3039 3223 3097 nudus
3250 3046 3542 3097 revertar
3574 3038 3757 3097 illuc.
3791 3036 3970 3099 Com-

2479 3134 2791 3214 passionis
2822 3134 3129 3211 dolorem,
3154 3152 3283 3216 quo
3312 3134 3392 3196 de
3420 3134 3839 3215 pereuntibus
3866 3135 3971 3197 Ju-

2474 3232 2628 3295 daeis
2655 3232 2943 3294 Christus
2974 3232 3250 3295 naturali
3278 3251 3495 3296 amore
3524 3232 3962 3315 affligebatur,

2476 3330 2612 3412 ipse
2644 3330 3112 3412 sapientissime
3134 3331 3531 3414 temperavit,
3552 3330 3966 3395 conformans

2474 3429 2879 3511 dispositioni
2919 3436 3169 3492 aeternae
3208 3429 3563 3492 naturalem
3602 3430 3969 3493 humanita-

2476 3526 2555 3588 tis
2586 3525 3003 3603 affectum,et
3041 3544 3315 3607 pensans
3355 3528 3525 3608 quod
3567 3527 3705 3608 ipse
3740 3546 3968 3591 secun-

2474 3626 2624 3687 dum
2656 3627 2826 3707 quod
2854 3626 3067 3703 homo,
3092 3625 3253 3687 nihil
3274 3625 3500 3688 habuit
3518 3645 3594 3689 ex
3614 3646 3683 3689 se
3713 3626 3876 3709 ipsc,
3900 3637 3967 3691 et

2476 3724 2601 3785 nisi
2631 3742 2705 3786 ea
2726 3742 2870 3805 quae
2892 3725 3055 3787 Deus
3086 3722 3209 3785 sibi
3239 3722 3417 3786 dedit
3444 3742 3521 3787 ex
3540 3732 3851 3806 tempore,
3876 3725 3966 3787 ita

2474 3823 2642 3903 quod
2674 3839 2939 3903 corpore
2967 3829 3153 3883 natus
3192 3830 3289 3884 est
3316 3823 3549 3898 nuduS‚
3593 3842 3965 3905 pauperque

2474 3920 2661 3982 rebus
2685 3920 2843 3982 vixit
2872 3919 2941 3981 in
2972 3920 3204 3983 saeculo
3229 3937 3243 3981 :
3270 3919 3413 3983 ideo
3444 3921 3524 3983 de
3554 3920 3813 3983 illorum
3842 3921 3967 3984 sal-

2471 4017 2726 4080 vatione
2764 4018 2986 4080 debuit
3022 4018 3376 4080 contentari
3407 4036 3568 4100 quos
3598 4019 3763 4081 Deus
3809 4037 3965 4101 prae-

2472 4116 2815 4179 destinavit
2861 4116 3197 4178 salvandos
3235 4134 3349 4197 per
3389 4114 3625 4197 ipsum,
3670 4134 3786 4179 nec
3836 4117 3964 4180 de*
3992 4146 4263 4190 quum...

871 4213 1168 4295 cognitiS,
1193 4211 1478 4275 Christus
1505 4212 1679 4292 justo
1706 4211 1952 4291 judicio
1984 4222 2188 4290 utenS,
2214 4233 2363 4276 con·
2391 4220 2442 4282 D
2474 4214 2944 4295 reprobatione,
3006 4213 3409 4277 ablationeve
3468 4214 3963 4278 immoderanter

871 4320 970 4374 tra
999 4311 1302 4392 reprobos
1333 4317 1612 4371 mentem
1643 4308 1862 4371 erexit.
1887 4310 2000 4373 Hic
2030 4311 2188 4375 dicit
2216 4312 2363 4376 Gre-

870 4410 1129 4489 gorius:
1157 4407 1390 4487 Surgit,
1428 4407 1578 4468 dum
1611 4414 1830 4469 contra
1860 4407 2164 4489 reprobos
2195 4410 2363 4490 judi-

871 4510 1042 4573 cium
1073 4508 1336 4590 justitiae
1365 4508 1618 4571 exserit.
1647 4511 1729 4569 E't
1758 4510 1951 4570 scidit
1983 4516 2362 4573 vestimenta

869 4630 1015 4679 sua,
1052 4607 1116 4669 id
1166 4614 1283 4683 est,
1317 4606 1590 4688 populos
1634 4606 2018 4683 Judaeorum,
2071 4609 2185 4689 qui
2236 4610 2361 4673 Deo

870 4705 1056 4788 quasi
1088 4704 1283 4768 vestis
1311 4704 1656 4786 aliquando
1687 4705 2110 4783 adhaeserunt,
2145 4706 2212 4769 in
2235 4708 2360 4771 duo

870 4804 1112 4881 divisit,
1143 4803 1510 4865 discernens
1559 4803 1862 4884 reprobos
1907 4801 1986 4864 ab
2019 4803 2261 4881 eleetiS,
2298 4814 2361 4867 et

870 4902 1195 4985 praescitos
1226 4920 1428 4983 usque
1461 4901 1524 4963 in
1558 4900 1760 4963 finem
1804 4900 2199 4981 relinquenS,
2234 4903 2361 4966 ele·

870 5010 1007 5065 ctos
1043 5018 1193 5063 vero
1234 5019 1312 5062 ex
1344 4999 1671 5081 Synagoga
1706 4998 2047 5078 gratiosius
2085 4998 2213 5061 sibi
2257 5020 2361 5064 ne-

869 5107 1070 5163 ctens.
1103 5098 1279 5160 Unde
1312 5116 1424 5179 per
1450 5096 1788 5159 Jeremiam
1820 5096 2125 5158 Dominus
2158 5107 2360 5179 prote-

574 5216 840 5266 Jermnm.
870 5205 1074 5260 statur
1105 5214 1120 5258 ε
1157 5196 1330 5259 Sicut
1368 5195 1645 5257 adhaeret
1675 5194 1963 5256 lumbare
1996 5196 2073 5257 ad
2106 5196 2358 5259 lumbos

871 5295 1014 5373 viri,
1049 5294 1142 5356 sic
1171 5291 1562 5375 agglutinavi
1608 5291 1766 5353 mihi
1807 5310 2062 5354 omnem
2095 5292 2355 5356 domum

2471 4311 2706 4393 affligi.
2760 4312 2903 4375 ldeo
2952 4311 3170 4374 subdit
3202 4328 3217 4373 τ
3252 4315 3571 4374 Dominus
3619 4312 3798 4376 Pater
3846 4332 3963 4376 seu

2470 4410 2767 4487 TrinitaS,
2786 4413 2968 4471 dedit
2986 4428 3095 4473 eos
3125 4409 3237 4493 qui
3268 4411 3687 4489 salvarentur,
3712 4412 3963 4476 scilicet
4279 4468 4280 4478 ,

2471 4510 2949 4591 praedestinatos
2978 4525 2991 4570 :
3014 4508 3093 4571 de
3113 4508 3350 4590 quibus
3382 4508 3471 4571 ait
3490 4510 3800 4587 ChristuS,
3822 4510 3963 4574 Om-
3992 4540 4121 4583 laid.
4140 4542 4263 4588 nst.

2470 4626 2551 4669 ne
2582 4608 2752 4688 quod
2784 4607 2891 4668 dat
2920 4606 3080 4668 mihi
3104 4607 3305 4683 Pater,
3330 4606 3410 4669 ad
3440 4625 3544 4669 me
3573 4608 3810 4672 veniet.
3836 4608 3961 4673 Hos

2470 4704 2643 4767 enim
2673 4724 2787 4767 sua
2816 4704 3050 4786 pietate
3080 4712 3143 4767 et
3169 4705 3400 4768 merito
3420 4704 3654 4767 Christi
3682 4706 3961 4786 gratiose

2470 4802 2783 4867 convertit
2828 4803 2907 4866 ad
2958 4803 3190 4885 ipsum,
3224 4804 3765 4883 quemadmodum
3815 4806 3954 4868 ait:
4277 4880 4278 4883 Ἴ

2469 4902 2663 4964 Nemo
2697 4908 2902 4982 potest
2925 4901 3141 4963 venire
3163 4901 3241 4963 ad
3271 4919 3397 4977 me,
3425 4900 3547 4963 nisi
3579 4901 3758 4965 Pater
3779 4923 3958 4966 meus
4022 4926 4147 4971 ιῡω.
4170 4928 4235 4969 u.
4276 4886 4278 4936 l

2470 4999 2731 5061 traxerit
2760 5018 2929 5061 eum.
2952 5000 3269 5060 Dominus
3298 5001 3590 5070 abstulit,
3623 5000 3687 5062 id
3716 5009 3837 5077 est,
3868 5022 3963 5064 re—

2470 5097 2704 5179 probos
2733 5098 2902 5180 juste
2924 5097 3254 5179 relinquit,
3278 5106 3341 5160 et
3369 5097 3450 5159 ab
3482 5098 3702 5162 electis
3723 5100 3961 5163 discer-

2468 5197 2585 5258 nit.
2620 5199 2807 5258 Sicut
2829 5198 3103 5258 Domino
3124 5197 3407 5272 placuit,
3440 5199 3533 5257 ita
3562 5200 3813 5273 factum
3840 5210 3953 5259 est.
4010 5256 4077 5299 Ρ.
4096 5270 4241 5299 enm
4274 5252 4276 5261 .

2466 5293 2691 5357 Omnia
2720 5294 2891 5355 enim
2929 5311 3351 5374 quaecumque
3390 5293 3592 5356 voluit
3624 5294 3953 5372 DominuS,
3988 5322 4035 5361 ο.
4080 5290 4093 5299 ’
4244 5286 4259 5305 “
