4309 6259
99 1811 310 1863 Romaan-

766 520 1116 569 mammo
1153 520 1220 567 m
1263 520 1399 566 cat.
1444 520 1555 565 xxl
1596 518 1754 565 unm
1798 518 2050 565 secuml
2089 518 2620 564 PARALIPOHENON.
2665 534 2746 547 -·-
2786 516 2928 563 Am.
2974 516 3083 563 111
3342 496 3462 560 235

1457 930 2104 1019 ARTICULUS
2182 932 2390 1015 XXI

489 1210 812 1256 Exposl'rlo
855 1210 1131 1255 GAPrrtJm
1177 1208 1436 1255 Vlcsssutl
1478 1207 1648 1252 mum
1687 1207 1701 1251 Ζ
1747 1206 2037 1252 nomuvrr
2079 1206 2286 1252 Auum
2326 1206 2637 1255 JOSAPHAT
2680 1208 2799 1254 CUM
2841 1208 3137 1254 PA'mlBUs
3180 1208 3332 1255 suls.

511 1489 772 1553 GITUR
799 1490 932 1569 jam
963 1488 1042 1551 de
1063 1486 1204 1577 filio
1232 1485 1532 1568 Josaphat
1560 1484 1672 1566 qui
1702 1484 1866 1566 patri
1899 1482 1950 1544 A
1979 1484 2150 1560 quod
2176 1485 2419 1546 inierat
2440 1506 2587 1545 cum
2612 1507 2706 1558 ee,
2726 1497 2787 1548 et
2807 1489 2964 1565 quia
2982 1490 3369 1567 promiserat
3394 1499 3467 1550 ut

536 1607 650 1651 suo
682 1586 990 1650 suecessit
1019 1586 1085 1648 in
1122 1604 1340 1667 regn0,
1377 1585 1488 1647 sed
1521 1602 1646 1647 non
1681 1582 1746 1644 in
1781 1602 1871 1645 re-

345 1689 584 1769 gendo
603 1685 1022 1767 offici0‚quia
1043 1692 1222 1767 pater
1252 1702 1404 1747 suus
1427 1681 1551 1744 fuit
1571 1701 1677 1745 rex
1708 1681 1871 1763 opti-

349 1808 546 1863 mm,
570 1794 632 1849 et
663 1786 784 1848 iste
815 1794 1122 1867 tyrannus
1143 1782 1584 1866 pravissimuS,
1601 1800 1710 1843 vas
1734 1781 1864 1857 irae,

351 1896 436 1953 et
476 1887 670 1949 horno
705 1883 1129 1947 miserrimus
1162 1884 1394 1943 Dormi
1403 1884 1488 1942 vit
1531 1890 1745 1941 autem
1773 1883 1872 1940 Jo-

348 1987 611 2061 saphat
633 2002 782 2043 cum
805 1984 1107 2060 patribus
1133 1983 1296 2050 suis,
1314 1997 1516 2060 quum
1547 1977 1873 2058 sexaginta

349 2090 548 2145 esset
574 2098 914 2157 annorum,
943 2089 1004 2140 et
1035 2083 1324 2157 sepultus
1360 2086 1450 2138 est
1487 2098 1636 2137 cum
1677 2078 1769 2137 eis
1796 2078 1869 2136 in

349 2182 638 2241 m’vitate
667 2181 888 2239 David
905 2202 936 2250 ,·
961 2179 1384 2257 reynavitque
1415 2178 1639 2236 Joram
1685 2177 1869 2251 filius

347 2281 514 2357 ejus
539 2299 662 2357 pro
690 2298 782 2339 eo,
811 2280 940 2346 Qui
957 2276 1187 2337 habuit
1206 2276 1470 2353 fratreS,
1497 2276 1670 2351 filios
1696 2278 1870 2335 Josa-

339 2380 560 2456 pltat,
579 2378 924 2443 Azariam,
948 2385 1008 2435 et
1035 2376 1274 2446 Jahiel,
1297 2383 1358 2434 et
1378 2374 1787 2441 Zachariam,
1809 2382 1868 2433 et

349 2477 720 2545 Azariam,
763 2484 824 2535 et
855 2476 1159 2543 Michael,
1190 2482 1252 2533 et
1284 2474 1694 2549 Saphatiam.
1733 2475 1871 2533 Om-

1979 1583 2167 1642 daret
2200 1584 2263 1641 ei
2312 1586 2661 1658 lucernam,
2693 1595 2753 1646 et
2788 1588 2953 1663 filiis
2989 1587 3130 1664 ejus
3170 1590 3243 1648 in
3288 1589 3468 1648 omni

1983 1689 2281 1758 tempore.
2314 1685 2399 1743 In
2427 1685 2653 1744 diebus
2694 1686 2832 1743 illis
2871 1687 3205 1747 rebellavit
3236 1689 3467 1755 Edom,

1981 1798 2060 1838 ne
2088 1790 2243 1841 esset
2260 1784 2557 1843 subditus
2575 1785 2788 1853 Judae,
2807 1794 2869 1844 et
2885 1787 3217 1845 constituit
3234 1786 3363 1845 sibi
3378 1806 3469 1845 re-

1978 1898 2142 1953 qem.
2172 1883 2509 1959 Quumque
2532 1884 2839 1943 transiret
2854 1886 3077 1944 loram
3106 1904 3251 1943 cum
3278 1886 3468 1963 prin-

1979 1978 2231 2053 cipibus
2269 1980 2431 2045 suis,
2460 1990 2518 2040 et
2560 1990 2783 2040 cuncto
2830 1984 3119 2059 equitatu
3169 1984 3287 2060 qui
3330 1992 3468 2043 erat

1978 2094 2214 2146 secum,
2242 2079 2530 2138 surremit
2568 2089 2771 2148 nocte,
2798 2089 2857 2139 et
2893 2082 3206 2157 percussit
3233 2082 3469 2150 Edom,

1980 2174 2098 2251 qui
2121 2194 2187 2233 se
2212 2177 2747 2246 circumdederat,
2762 2188 2821 2238 et
2838 2198 3051 2237 omnes
3076 2182 3266 2238 duces
3293 2181 3471 2257 equi-

1983 2281 2151 2332 tatus
2200 2275 2359 2350 ejus.
2408 2278 2706 2337 Attamen
2750 2280 3086 2337 rebellavit
3130 2281 3362 2347 Edoni,
3392 2298 3472 2337 ne

1979 2381 2131 2431 esset
2158 2375 2275 2431 sub
2294 2374 2541 2433 ditione
2556 2377 2757 2444 sucta,
2772 2396 2971 2453 usque
2990 2378 3078 2435 ad
3094 2379 3261 2437 hanc
3279 2378 3469 2441 diem.

1981 2472 2074 2531 Eo
2107 2480 2383 2548 tempore
2423 2482 2481 2533 et
2510 2474 2726 2533 Lobna
2768 2477 3043 2545 recessit,
3074 2496 3153 2533 ne
3178 2485 3330 2535 esset
3355 2478 3472 2535 sub

355 2596 480 2635 nes
509 2576 587 2635 hi
615 2574 752 2651 filii
778 2574 1088 2650 Josaphat
1115 2572 1285 2649 reyis
1310 2572 1487 2631 Juda
1506 2594 1533 2642 ,⁰
1568 2572 1870 2649 deditque
1982 2590 2183 2629 manu
2213 2572 2417 2631 illius.
2444 2574 2887 2651 Dereliquerat
2914 2595 2988 2633 en
3000 2576 3089 2633 im
3117 2576 3469 2635 Dominum

351 2676 458 2733 eis
483 2682 680 2751 pater
721 2692 881 2732 suus
919 2675 1127 2731 multa
1170 2689 1446 2731 munera
1484 2670 1641 2729 auri
1681 2678 1740 2728 et
1769 2688 1870 2727 ar·
1908 2671 1954 2733 B
1981 2668 2187 2728 Deum
2209 2679 2478 2746 patrum
2515 2690 2802 2732 suorum.
2826 2676 3103 2751 Insuper
3139 2683 3199 2733 et
3225 2676 3470 2733 excelsa

347 2774 573 2851 yenti,
605 2780 666 2831 et
691 2772 1130 2848 pensationes,
1161 2768 1223 2830 id
1255 2777 1351 2831 est
1378 2767 1868 2849 ponderationes
1978 2766 2342 2843 fabricatas
2368 2779 2457 2829 est
2480 2771 2545 2828 in
2570 2772 2836 2830 urbibus
2852 2773 3126 2841 Juda,et
3144 2773 3471 2849 fornicari

359 2888 589 2932 rerum
639 2867 1088 2950 pretiosarum,
1122 2867 1225 2930 vel
1270 2874 1340 2928 ut
1377 2865 1578 2947 aliqui
1624 2865 1866 2946 legunt,

359 2968 718 3051 pensiones
751 2975 860 3029 aut
892 2966 1374 3048 pensitationeS‚
1409 2964 1473 3028 id
1498 2973 1595 3028 est
1624 2982 1870 3026 annuos

360 3087 604 3131 census
637 3086 750 3130 seu
781 3066 1047 3143 redituS‚
1072 3086 1220 3126 cum
1249 3066 1624 3126 civitatibus
1655 3064 1873 3124 muni-

1980 2866 2133 2944 fecit
2163 2867 2547 2927 habitatores
2571 2870 2951 2939 Jerusalem,
2968 2878 3026 2928 et
3039 2871 3471 2946 praevaricari

1979 2964 2248 3033 Judam,
2276 2964 2399 3027 hoe
2428 2974 2525 3028 est
2552 2964 2973 3028 idololatriam
3004 2986 3317 3031 exercere.

2060 3064 2298 3123 Allatoe
2316 3074 2531 3124 autem
2549 3075 2702 3126 sunt
2728 3068 2790 3125 ei
2812 3068 3043 3127 litteroe
3061 3069 3139 3126 ab
3160 3069 3307 3129 Elia
3322 3088 3471 3146 pro-

366 3168 646 3228 tissimis
673 3169 750 3227 in
787 3168 992 3235 Iuda,
1021 3165 1231 3227 dando
1273 3163 1622 3245 unicuique
1650 3180 1871 3225 eorum
1973 3164 2191 3239 pheta.
2220 3161 2395 3235 Quod
2417 3163 2759 3245 dupliciter
2780 3173 2986 3247 potest
3012 3165 3286 3247 intelligi
3312 3184 3325 3228 :
3350 3167 3473 3249 pri-

363 3263 621 3346 aliquas
654 3262 870 3341 urbeS,
909 3263 976 3324 in
1011 3262 1246 3345 quibus
1289 3269 1624 3344 praeerant‚
1657 3268 1870 3323 tamen

368 3364 496 3425 sub
528 3381 701 3444 rege.
735 3366 1036 3439 Reqnum
1065 3372 1278 3423 autem
1316 3360 1596 3421 tradidit
1623 3363 1874 3429 Joram,

371 3483 444 3522 eo
481 3464 654 3542 quod
697 3470 854 3521 esset
887 3462 1388 3539 primogenitus.
1423 3461 1734 3520 Surrexit
1763 3478 1877 3519 au-

381 3572 504 3621 tem
523 3564 748 3621 ,loram
767 3580 960 3637 super
978 3580 1247 3638 regnum
1258 3561 1474 3637 patris
1490 3560 1616 3618 sui.
1641 3560 1877 3626 Quum-

383 3681 505 3739 que
527 3682 590 3721 se
615 3664 1056 3737 confirmasset
1080 3659 1312 3734 Joram‚
1346 3658 1410 3719 id
1455 3665 1572 3733 est,
1607 3656 1876 3719 consilio

388 3758 728 3840 impiorum
760 3766 953 3839 atque
982 3756 1218 3819 auxilio
1249 3776 1317 3819 se
1349 3755 1688 3831 firmasset,
1723 3758 1879 3815 occi-

1983 3278 2109 3335 mo,
2131 3260 2303 3341 quod
2331 3260 2501 3324 Elias
2534 3263 2843 3345 propheta
2871 3264 3290 3345 personaliter
3320 3274 3476 3328 attu-

1984 3358 2060 3420 lit
2088 3359 2333 3421 litteras
2377 3360 2529 3427 istas
2564 3363 2640 3423 ad
2669 3363 2920 3437 Joram3
2968 3365 3268 3440 secund0,
3303 3366 3475 3446 quod

1984 3457 2219 3540 aliquis
2248 3477 2326 3520 ex
2354 3467 2531 3540 parte
2553 3460 2706 3522 Eliae
2728 3461 2957 3523 detulit
2984 3481 3112 3523 eas,
3141 3466 3217 3523 In
3243 3465 3476 3543 quibus

1985 3560 2300 3634 scriptum
2336 3569 2474 3619 erat
2503 3580 2525 3619 .·
2556 3563 2710 3622 Hcec
2748 3562 2912 3621 dicit
2950 3563 3267 3621 Dominus
3308 3566 3477 3622 Deus

1987 3657 2207 3715 David
2228 3660 2441 3734 patris
2471 3660 2571 3718 tui
2585 3680 2607 3718 .·
2626 3662 2944 3728 Quoniam
2972 3680 3097 3719 non
3130 3663 3478 3722 ambulasti

1989 3757 2062 3813 in
2092 3757 2221 3814 viis
2245 3758 2551 3834 Josaplmt
2583 3760 2799 3834 patris
2838 3760 2960 3828 tui,
2990 3768 3049 3819 et
3088 3761 3156 3817 in
3190 3761 3317 3818 viis
3343 3762 3475 3820 Asa

116 3874 360 3927 ludet-³15.
389 3861 486 3919 dit
511 3878 725 3919 omnes
750 3859 995 3935 fratres
1019 3876 1190 3926 sum,
1211 3856 1376 3918 siout
1391 3854 1758 3918 Abimelooh
1779 3874 1882 3917 oc-
1914 3853 1958 3916 C
1989 3857 2159 3931 reqis
2183 3857 2357 3915 Iuda
2380 3880 2408 3927 ,·
2448 3859 2557 3915 sed
2586 3859 2899 3917 incessisti
2928 3878 3047 3935 per
3084 3860 3206 3918 iter
3250 3878 3475 3933 req-um

393 3956 544 4018 cidit
569 3975 795 4020 omnes
840 3955 1066 4018 fratres
1099 3972 1269 4031 SuOS‚
1301 3956 1524 4031 ,qladio
1553 3972 1575 4013 .·
1607 3962 1676 4015 ut
1714 3952 1883 4016 bona
1992 3957 2221 4022 Israel,
2250 3964 2309 4013 et
2350 3955 2674 4031 fornicari
2700 3956 2913 4032 fecisti
2937 3957 3175 4015 ,Iudam
3220 3966 3277 4015 et
3306 3957 3478 4015 habi-

395 4072 600 4117 eorum
633 4056 810 4119 solus
842 4053 1126 4131 haberet,
1161 4062 1224 4116 et
1252 4072 1332 4115 ne
1365 4051 1639 4134 populus
1671 4053 1880 4134 ipsum

1993 4062 2223 4112 latores
2250 4054 2631 4122 Jerusalem,
2661 4054 2955 4113 imitatus
2980 4055 3476 4131 fornicationem

395 4164 642 4236 propter
693 4172 876 4216 suam
929 4152 1410 4234 perversitatem
1461 4150 1787 4231 abjiceret,
1821 4159 1884 4213 et
1991 4154 2219 4211 domus
2246 4153 2514 4221 Aelia&
2550 4154 2816 4228 insuper
2845 4161 2906 4212 et
2930 4152 3173 4229 fratres
3215 4162 3351 4213 tuos-
3376 4156 3479 4213 do-

399 4250 658 4332 aliquem
721 4251 991 4313 fratrum
1043 4268 1303 4313 suorum
1355 4258 1758 4331 promoveret
1816 4250 1879 4311 in

403 4366 636 4429 regem;
677 4360 740 4411 et
779 4352 1088 4429 quosdam
1130 4352 1210 4409 de
1241 4350 1655 4427 principibus
1681 4350 1881 4419 Juda,

1995 4271 2173 4309 mum
2196 4251 2411 4328 patris
2444 4251 2543 4310 tui
2548 4295 2567 4318 ,
2597 4252 2885 4309 melior-es
2916 4261 2997 4319 te,
3024 4253 3316 4311 occidisti
3344 4272 3366 4310 .·
3394 4272 3481 4311 ec-

1990 4370 2057 4408 ce
2085 4351 2401 4409 Dominus
2424 4351 2738 4425 pmrcutiet
2770 4360 2824 4410 te
2841 4354 3046 4427 playa
3070 4370 3303 4427 maana
3332 4371 3481 4411 cum

404 4464 546 4527 quos
596 4449 759 4511 vidit
797 4466 930 4509 suae
977 4445 1362 4527 malignitati
1409 4446 1784 4524 contrariOS,
1821 4457 1883 4510 et
1983 4452 2225 4526 populo
2274 4458 2405 4518 tuo,
2434 4458 2493 4507 et
2528 4450 2690 4525 filiis
2732 4458 2790 4509 et
2830 4451 3143 4511 umoribus
3186 4451 3338 4520 tais,
3368 4448 3480 4530 qui

407 4562 508 4607 suo
542 4546 870 4628 proposito
913 4545 1344 4608 adversantes,

1993 4544 2107 4606 tibi
2141 4545 2777 4610 communicaverunt
2814 4546 2881 4608 in
2920 4547 3117 4625 vitiis,
3152 4550 3485 4608 universa-

483 4647 770 4722 Triqinta
816 4648 1104 4705 duorum
1131 4664 1458 4705 annorum
1496 4654 1636 4705 erat
1661 4647 1882 4705 Joram
1993 4666 2118 4723 que
2162 4646 2523 4705 substantia
2568 4656 2703 4706 tua.
2752 4648 2844 4705 Tu
2891 4657 3101 4707 auwm
3150 4648 3487 4723 a’ssrotabis

413 4762 588 4817 quum
616 4763 894 4821 reynare
939 4744 1245 4820 coepisset,
1281 4752 1342 4803 et
1377 4752 1512 4803 octo
1549 4746 1744 4803 annis
1787 4764 1885 4803 re-

417 4843 616 4911 quavis
633 4844 702 4903 in
722 4844 1103 4903 Jerusalem.
1119 4842 1623 4919 Ambulavitque
1643 4844 1714 4902 in
1737 4844 1881 4911 viis,
1991 4843 2224 4901 vitalia
2259 4850 2369 4901 tua
2392 4844 2723 4919 paulatim
2744 4863 2864 4920 per
2882 4844 3172 4919 sinqulos
3196 4844 3355 4902 dies.

422 4932 474 4995 id
498 4946 586 4998 est
617 4938 787 5001 vitiis
827 4946 892 5001 et
931 4937 1331 5014 idololatriis,
1379 4958 1607 5015 reyum
1648 4942 1880 5010 Israel,
2069 4937 2249 5001 Circa
2269 4937 2403 5001 haec
2431 4939 2634 5001 oritur
2662 4938 2953 5022 quaesti0‚
2971 4939 3291 5021 quomodo
3312 4937 3483 5001 Elias

423 5035 560 5095 msscut
596 5048 806 5115 eyerat
854 5042 1088 5099 domus
1119 5038 1362 5099 Achab.
1413 5040 1594 5099 Filia
1643 5042 1882 5119 quippe
1908 5041 1958 5103 D
1992 5037 2303 5119 propheta
2338 5038 2546 5119 potuit
2589 5038 2835 5101 litteras
2881 5038 3032 5099 istas
3078 5044 3330 5120 portare
3376 5045 3485 5099 aut

427 5134 612 5193 Achab
635 5147 768 5199 erat
807 5156 979 5198 umor
1010 5137 1171 5214 ejus.
1209 5140 1294 5199 Et
1333 5138 1488 5214 fecit
1529 5141 1772 5197 malum
1805 5139 1876 5199 in
1994 5135 2313 5199 destinare
2344 5137 2422 5198 ad
2452 5137 2683 5214 Joram,
2718 5156 2915 5218 quum
2940 5136 3109 5198 Elias
3142 5134 3482 5197 translatus
3534 5156 3585 5199 ιν
3602 5158 3775 5213 Remu,

429 5244 716 5308 conspectu
743 5236 1038 5295 Domini.
1063 5236 1296 5299 Noluit
1325 5245 1538 5296 autem
1561 5238 1876 5297 Dominus
1987 5235 2116 5315 jam
2152 5232 2367 5309 fuerit,
2399 5234 2699 5315 iosaphat
2726 5234 2933 5296 adhuc
2964 5241 3306 5314 regnante:
3332 5252 3483 5316 prae-
3512 5222 3578 5261 ¹¹·

431 5326 750 5405 disperdere
774 5336 1045 5394 domum
1073 5334 1314 5403 David,
1323 5343 1588 5412 propter
1607 5344 1874 5412 pactum
1989 5330 2209 5395 sertim
2233 5349 2431 5412 quum
2454 5340 2683 5413 quarto
2704 5332 2942 5411 Regum
2971 5331 3137 5395 libro
3154 5330 3477 5409 recitetur,

1983 4745 2259 4821 pessimo
2291 4746 2602 4819 lanquore
2630 4746 2825 4814 uteri,
2844 4747 3043 4805 donec
3064 4746 3367 4819 eqredian
3378 4754 3485 4804 tur
