<?xml version="1.0" encoding="UTF-8"?>
<!DOCTYPE html PUBLIC "-//W3C//DTD XHTML 1.0 Transitional//EN"
    "http://www.w3.org/TR/xhtml1/DTD/xhtml1-transitional.dtd">
<html xmlns="http://www.w3.org/1999/xhtml" xml:lang="en" lang="en">
 <head>
  <title>
</title>
<meta http-equiv="Content-Type" content="text/html;charset=utf-8" />
  <meta name='ocr-system' content='tesseract 3.04.00' />
  <meta name='ocr-capabilities' content='ocr_page ocr_carea ocr_par ocr_line ocrx_word'/>
</head>
<body>
  <div class='ocr_page' id='page_1' title='image "./doctorisecstati06unkngoog_0589.png"; bbox 0 0 4309 6259; ppageno 0'>
   <div class='ocr_carea' id='block_1_1' title="bbox 91 1272 362 1323">
    <p class='ocr_par' dir='ltr' id='par_1_1' title="bbox 91 1272 362 1323">
     <span class='ocr_line' id='line_1_1' title="bbox 91 1272 362 1323; baseline 0.004 -8"><span class='ocrx_word' id='word_1_1' title='bbox 91 1272 241 1315; x_wconf 68' lang='lat' dir='ltr'><strong>Galat.</strong></span> <span class='ocrx_word' id='word_1_2' title='bbox 254 1275 362 1323; x_wconf 54' lang='lat' dir='ltr'><strong>vid.</strong></span> 
     </span>
    </p>
   </div>
   <div class='ocr_carea' id='block_1_2' title="bbox 1227 511 2676 562">
    <p class='ocr_par' dir='ltr' id='par_1_2' title="bbox 1227 511 2676 562">
     <span class='ocr_line' id='line_1_2' title="bbox 1227 511 2676 562; baseline 0.003 -6"><span class='ocrx_word' id='word_1_3' title='bbox 1227 511 1574 558; x_wconf 59' lang='lat' dir='ltr'><strong>manuario</strong></span> <span class='ocrx_word' id='word_1_4' title='bbox 1617 512 1678 558; x_wconf 82' lang='lat' dir='ltr'><strong>IN</strong></span> <span class='ocrx_word' id='word_1_5' title='bbox 1720 513 1856 559; x_wconf 70' lang='lat' dir='ltr'><strong>cAP.</strong></span> <span class='ocrx_word' id='word_1_6' title='bbox 1903 512 2010 559; x_wconf 76' lang='lat' dir='ltr'><strong>xlx</strong></span> <span class='ocrx_word' id='word_1_7' title='bbox 2051 512 2177 560; x_wconf 75' lang='lat'><strong>1013.</strong></span> <span class='ocrx_word' id='word_1_8' title='bbox 2221 534 2301 544; x_wconf 90' lang='lat'>—</span> <span class='ocrx_word' id='word_1_9' title='bbox 2342 514 2483 561; x_wconf 70' lang='lat' dir='ltr'><strong>Aur.</strong></span> <span class='ocrx_word' id='word_1_10' title='bbox 2531 515 2676 562; x_wconf 78' lang='lat' dir='ltr'><strong>xuu</strong></span> 
     </span>
    </p>
   </div>
   <div class='ocr_carea' id='block_1_3' title="bbox 3380 496 3500 559">
    <p class='ocr_par' dir='ltr' id='par_1_3' title="bbox 3380 496 3500 559">
     <span class='ocr_line' id='line_1_3' title="bbox 3380 496 3500 559; baseline 0 0"><span class='ocrx_word' id='word_1_11' title='bbox 3380 496 3500 559; x_wconf 72' lang='lat'><strong>555</strong></span> 
     </span>
    </p>
   </div>
   <div class='ocr_carea' id='block_1_4' title="bbox 398 675 3498 767">
    <p class='ocr_par' dir='ltr' id='par_1_4' title="bbox 398 675 3498 767">
     <span class='ocr_line' id='line_1_4' title="bbox 398 675 3498 767; baseline 0.004 -30"><span class='ocrx_word' id='word_1_12' title='bbox 398 675 534 758; x_wconf 86' lang='lat' dir='ltr'><strong>ipsi</strong></span> <span class='ocrx_word' id='word_1_13' title='bbox 569 676 832 759; x_wconf 78' lang='lat' dir='ltr'><strong>fragiles</strong></span> <span class='ocrx_word' id='word_1_14' title='bbox 856 680 1019 742; x_wconf 83' lang='lat' dir='ltr'><strong>etad</strong></span> <span class='ocrx_word' id='word_1_15' title='bbox 1050 688 1312 763; x_wconf 87' lang='lat' dir='ltr'><strong>peccata</strong></span> <span class='ocrx_word' id='word_1_16' title='bbox 1342 680 1566 745; x_wconf 83' lang='lat' dir='ltr'>labiles</span> <span class='ocrx_word' id='word_1_17' title='bbox 1597 701 1724 747; x_wconf 91' lang='lat' dir='ltr'><strong>non</strong></span> <span class='ocrx_word' id='word_1_18' title='bbox 1745 702 1904 746; x_wconf 89' lang='lat' dir='ltr'><strong>esse-</strong></span> <span class='ocrx_word' id='word_1_19' title='bbox 1929 680 1982 743; x_wconf 81' lang='lat' dir='ltr'><strong>A</strong></span> <span class='ocrx_word' id='word_1_20' title='bbox 2013 683 2078 746; x_wconf 93' lang='lat' dir='ltr'><strong>in</strong></span> <span class='ocrx_word' id='word_1_21' title='bbox 2124 692 2431 765; x_wconf 87' lang='lat' dir='ltr'><strong>quantum</strong></span> <span class='ocrx_word' id='word_1_22' title='bbox 2470 694 2564 749; x_wconf 89' lang='lat' dir='ltr'><strong>est</strong></span> <span class='ocrx_word' id='word_1_23' title='bbox 2598 685 2873 749; x_wconf 88' lang='lat' dir='ltr'><strong>effectus</strong></span> <span class='ocrx_word' id='word_1_24' title='bbox 2908 686 3195 767; x_wconf 78' lang='lat' dir='ltr'><strong>justitiae,</strong></span> <span class='ocrx_word' id='word_1_25' title='bbox 3228 686 3498 751; x_wconf 90' lang='lat' dir='ltr'><strong>remedi-</strong></span> 
     </span>
    </p>
   </div>
   <div class='ocr_carea' id='block_1_5' title="bbox 395 775 1906 1848">
    <p class='ocr_par' dir='ltr' id='par_1_5' title="bbox 395 775 1906 1848">
     <span class='ocr_line' id='line_1_5' title="bbox 397 775 1903 863; baseline 0.005 -27"><span class='ocrx_word' id='word_1_26' title='bbox 397 775 512 852; x_wconf 81' lang='lat' dir='ltr'><strong>tis,</strong></span> <span class='ocrx_word' id='word_1_27' title='bbox 536 777 1074 857; x_wconf 80' lang='lat' dir='ltr'><strong>quemadmodum</strong></span> <span class='ocrx_word' id='word_1_28' title='bbox 1101 779 1264 841; x_wconf 92' lang='lat' dir='ltr'><strong>Deus</strong></span> <span class='ocrx_word' id='word_1_29' title='bbox 1297 779 1388 842; x_wconf 91' lang='lat' dir='ltr'><strong>sic</strong></span> <span class='ocrx_word' id='word_1_30' title='bbox 1419 780 1703 863; x_wconf 78' lang='lat' dir='ltr'>increpat</span> <span class='ocrx_word' id='word_1_31' title='bbox 1732 783 1903 862; x_wconf 90' lang='lat' dir='ltr'><strong>quod</strong></span> 
     </span>
     <span class='ocr_line' id='line_1_6' title="bbox 397 873 1906 957; baseline 0.005 -22"><span class='ocrx_word' id='word_1_32' title='bbox 397 873 546 956; x_wconf 86' lang='lat' dir='ltr'><strong>ipse</strong></span> <span class='ocrx_word' id='word_1_33' title='bbox 578 894 844 957; x_wconf 86' lang='lat' dir='ltr'><strong>peccare</strong></span> <span class='ocrx_word' id='word_1_34' title='bbox 874 896 995 940; x_wconf 90' lang='lat' dir='ltr'><strong>non</strong></span> <span class='ocrx_word' id='word_1_35' title='bbox 1030 878 1222 941; x_wconf 89' lang='lat' dir='ltr'><strong>valet.</strong></span> <span class='ocrx_word' id='word_1_36' title='bbox 1242 878 1446 952; x_wconf 88' lang='lat' dir='ltr'><strong>Quum</strong></span> <span class='ocrx_word' id='word_1_37' title='bbox 1478 880 1666 943; x_wconf 89' lang='lat' dir='ltr'><strong>homo</strong></span> <span class='ocrx_word' id='word_1_38' title='bbox 1705 880 1906 944; x_wconf 90' lang='lat' dir='ltr'><strong>homi-</strong></span> 
     </span>
     <span class='ocr_line' id='line_1_7' title="bbox 397 975 1904 1061; baseline 0.003 -26"><span class='ocrx_word' id='word_1_39' title='bbox 397 992 554 1036; x_wconf 89' lang='lat' dir='ltr'><strong>nem</strong></span> <span class='ocrx_word' id='word_1_40' title='bbox 604 975 816 1057; x_wconf 88' lang='lat' dir='ltr'><strong>punit,</strong></span> <span class='ocrx_word' id='word_1_41' title='bbox 866 995 1068 1056; x_wconf 89' lang='lat' dir='ltr'><strong>quum</strong></span> <span class='ocrx_word' id='word_1_42' title='bbox 1115 978 1346 1057; x_wconf 88' lang='lat' dir='ltr'><strong>arguit,</strong></span> <span class='ocrx_word' id='word_1_43' title='bbox 1399 978 1794 1061; x_wconf 83' lang='lat' dir='ltr'><strong>compassive</strong></span> <span class='ocrx_word' id='word_1_44' title='bbox 1841 988 1904 1041; x_wconf 86' lang='lat' dir='ltr'><strong>et</strong></span> 
     </span>
     <span class='ocr_line' id='line_1_8' title="bbox 397 1072 1905 1159; baseline 0.004 -26"><span class='ocrx_word' id='word_1_45' title='bbox 397 1072 514 1153; x_wconf 87' lang='lat' dir='ltr'><strong>pie</strong></span> <span class='ocrx_word' id='word_1_46' title='bbox 568 1073 760 1136; x_wconf 88' lang='lat' dir='ltr'><strong>debet</strong></span> <span class='ocrx_word' id='word_1_47' title='bbox 815 1073 936 1138; x_wconf 92' lang='lat' dir='ltr'><strong>hoc</strong></span> <span class='ocrx_word' id='word_1_48' title='bbox 983 1094 1192 1157; x_wconf 87' lang='lat' dir='ltr'><strong>agere,</strong></span> <span class='ocrx_word' id='word_1_49' title='bbox 1243 1096 1518 1159; x_wconf 89' lang='lat' dir='ltr'><strong>pensans</strong></span> <span class='ocrx_word' id='word_1_50' title='bbox 1566 1097 1758 1159; x_wconf 91' lang='lat' dir='ltr'><strong>quam</strong></span> <span class='ocrx_word' id='word_1_51' title='bbox 1810 1077 1905 1139; x_wconf 89' lang='lat' dir='ltr'><strong>in-</strong></span> 
     </span>
     <span class='ocr_line' id='line_1_9' title="bbox 399 1170 1902 1257; baseline 0.005 -26"><span class='ocrx_word' id='word_1_52' title='bbox 399 1170 638 1234; x_wconf 86' lang='lat' dir='ltr'><strong>firmus</strong></span> <span class='ocrx_word' id='word_1_53' title='bbox 682 1182 746 1234; x_wconf 89' lang='lat' dir='ltr'><strong>et</strong></span> <span class='ocrx_word' id='word_1_54' title='bbox 792 1171 1199 1237; x_wconf 80' lang='lat' dir='ltr'><strong>defectuosus</strong></span> <span class='ocrx_word' id='word_1_55' title='bbox 1240 1175 1323 1237; x_wconf 90' lang='lat' dir='ltr'><strong>sit</strong></span> <span class='ocrx_word' id='word_1_56' title='bbox 1358 1175 1516 1257; x_wconf 90' lang='lat' dir='ltr'><strong>ipsc,</strong></span> <span class='ocrx_word' id='word_1_57' title='bbox 1553 1178 1902 1239; x_wconf 88' lang='lat' dir='ltr'><strong>secundum</strong></span> 
     </span>
     <span class='ocr_line' id='line_1_10' title="bbox 401 1270 1902 1353; baseline 0.003 -21"><span class='ocrx_word' id='word_1_58' title='bbox 401 1270 570 1335; x_wconf 85' lang='lat' dir='ltr'><strong>illud</strong></span> <span class='ocrx_word' id='word_1_59' title='bbox 618 1270 906 1353; x_wconf 85' lang='lat' dir='ltr'><strong>Apostoli</strong></span> <span class='ocrx_word' id='word_1_60' title='bbox 955 1274 1033 1335; x_wconf 88' lang='lat' dir='ltr'><strong>ad</strong></span> <span class='ocrx_word' id='word_1_61' title='bbox 1075 1273 1323 1336; x_wconf 79' lang='lat' dir='ltr'><strong>Galatas</strong></span> <span class='ocrx_word' id='word_1_62' title='bbox 1369 1292 1382 1336; x_wconf 90' lang='lat'>:</span> <span class='ocrx_word' id='word_1_63' title='bbox 1425 1275 1694 1351; x_wconf 81' lang='lat' dir='ltr'><strong>FratreS,</strong></span> <span class='ocrx_word' id='word_1_64' title='bbox 1739 1284 1801 1339; x_wconf 92' lang='lat' dir='ltr'><strong>et</strong></span> <span class='ocrx_word' id='word_1_65' title='bbox 1847 1277 1902 1337; x_wconf 91' lang='lat' dir='ltr'><strong>si</strong></span> 
     </span>
     <span class='ocr_line' id='line_1_11' title="bbox 397 1371 1903 1455; baseline 0.006 -25"><span class='ocrx_word' id='word_1_66' title='bbox 397 1380 894 1453; x_wconf 82' lang='lat' dir='ltr'><strong>praeoccupatus</strong></span> <span class='ocrx_word' id='word_1_67' title='bbox 944 1371 1138 1435; x_wconf 87' lang='lat' dir='ltr'><strong>fuerit</strong></span> <span class='ocrx_word' id='word_1_68' title='bbox 1184 1373 1375 1437; x_wconf 91' lang='lat' dir='ltr'><strong>homo</strong></span> <span class='ocrx_word' id='word_1_69' title='bbox 1421 1374 1489 1436; x_wconf 88' lang='lat' dir='ltr'><strong>in</strong></span> <span class='ocrx_word' id='word_1_70' title='bbox 1536 1374 1751 1455; x_wconf 88' lang='lat' dir='ltr'><strong>aliquo</strong></span> <span class='ocrx_word' id='word_1_71' title='bbox 1796 1376 1903 1439; x_wconf 89' lang='lat' dir='ltr'><strong>de·</strong></span> 
     </span>
     <span class='ocr_line' id='line_1_12' title="bbox 400 1469 1902 1553; baseline 0.003 -22"><span class='ocrx_word' id='word_1_72' title='bbox 400 1469 582 1545; x_wconf 87' lang='lat' dir='ltr'><strong>licto,</strong></span> <span class='ocrx_word' id='word_1_73' title='bbox 607 1489 722 1533; x_wconf 90' lang='lat' dir='ltr'><strong>vos</strong></span> <span class='ocrx_word' id='word_1_74' title='bbox 753 1470 868 1552; x_wconf 91' lang='lat' dir='ltr'><strong>qui</strong></span> <span class='ocrx_word' id='word_1_75' title='bbox 901 1470 1266 1553; x_wconf 82' lang='lat' dir='ltr'><strong>spirituales</strong></span> <span class='ocrx_word' id='word_1_76' title='bbox 1297 1472 1470 1549; x_wconf 82' lang='lat' dir='ltr'><strong>estiS,</strong></span> <span class='ocrx_word' id='word_1_77' title='bbox 1507 1472 1902 1553; x_wconf 88' lang='lat' dir='ltr'><strong>hujuscemo-</strong></span> 
     </span>
     <span class='ocr_line' id='line_1_13' title="bbox 397 1568 1902 1653; baseline 0.003 -23"><span class='ocrx_word' id='word_1_78' title='bbox 397 1568 469 1630; x_wconf 91' lang='lat' dir='ltr'><strong>di</strong></span> <span class='ocrx_word' id='word_1_79' title='bbox 519 1569 817 1632; x_wconf 89' lang='lat' dir='ltr'><strong>instruite</strong></span> <span class='ocrx_word' id='word_1_80' title='bbox 867 1569 933 1631; x_wconf 92' lang='lat' dir='ltr'><strong>in</strong></span> <span class='ocrx_word' id='word_1_81' title='bbox 985 1569 1214 1653; x_wconf 92' lang='lat' dir='ltr'><strong>spiritu</strong></span> <span class='ocrx_word' id='word_1_82' title='bbox 1266 1571 1566 1648; x_wconf 77' lang='lat' dir='ltr'><strong>lenitatiS,</strong></span> <span class='ocrx_word' id='word_1_83' title='bbox 1619 1573 1902 1636; x_wconf 90' lang='lat' dir='ltr'><strong>conside-</strong></span> 
     </span>
     <span class='ocr_line' id='line_1_14' title="bbox 399 1667 1894 1749; baseline 0.004 -21"><span class='ocrx_word' id='word_1_84' title='bbox 399 1686 552 1729; x_wconf 89' lang='lat' dir='ltr'><strong>rans</strong></span> <span class='ocrx_word' id='word_1_85' title='bbox 599 1676 660 1729; x_wconf 88' lang='lat' dir='ltr'><strong>te</strong></span> <span class='ocrx_word' id='word_1_86' title='bbox 699 1667 933 1749; x_wconf 87' lang='lat' dir='ltr'><strong>ipsum,</strong></span> <span class='ocrx_word' id='word_1_87' title='bbox 971 1687 1051 1731; x_wconf 92' lang='lat' dir='ltr'><strong>ne</strong></span> <span class='ocrx_word' id='word_1_88' title='bbox 1084 1678 1148 1731; x_wconf 88' lang='lat' dir='ltr'><strong>et</strong></span> <span class='ocrx_word' id='word_1_89' title='bbox 1191 1676 1258 1731; x_wconf 92' lang='lat' dir='ltr'><strong>tu</strong></span> <span class='ocrx_word' id='word_1_90' title='bbox 1301 1670 1586 1732; x_wconf 84' lang='lat' dir='ltr'><strong>tenteris.</strong></span> <span class='ocrx_word' id='word_1_91' title='bbox 1619 1669 1731 1732; x_wconf 90' lang='lat' dir='ltr'><strong>Vel</strong></span> <span class='ocrx_word' id='word_1_92' title='bbox 1763 1671 1894 1734; x_wconf 90' lang='lat' dir='ltr'><strong>sic:</strong></span> 
     </span>
     <span class='ocr_line' id='line_1_15' title="bbox 395 1764 1898 1848; baseline 0.003 -21"><span class='ocrx_word' id='word_1_93' title='bbox 395 1764 606 1839; x_wconf 81' lang='lat' dir='ltr'><strong>Quare</strong></span> <span class='ocrx_word' id='word_1_94' title='bbox 662 1766 1126 1848; x_wconf 88' lang='lat' dir='ltr'><strong>persequimini</strong></span> <span class='ocrx_word' id='word_1_95' title='bbox 1188 1787 1288 1831; x_wconf 90' lang='lat' dir='ltr'><strong>me</strong></span> <span class='ocrx_word' id='word_1_96' title='bbox 1347 1768 1512 1831; x_wconf 92' lang='lat' dir='ltr'><strong>sicut</strong></span> <span class='ocrx_word' id='word_1_97' title='bbox 1570 1769 1776 1831; x_wconf 61' lang='lat' dir='ltr'><strong>Densi</strong></span> <span class='ocrx_word' id='word_1_98' title='bbox 1834 1769 1898 1832; x_wconf 94' lang='lat' dir='ltr'><strong>id</strong></span> 
     </span>
    </p>
   </div>
   <div class='ocr_carea' id='block_1_6' title="bbox 2011 784 3503 1851">
    <p class='ocr_par' dir='ltr' id='par_1_6' title="bbox 2012 784 3493 865">
     <span class='ocr_line' id='line_1_16' title="bbox 2012 784 3493 865; baseline 0.001 -20"><span class='ocrx_word' id='word_1_99' title='bbox 2012 803 2118 845; x_wconf 92' lang='lat' dir='ltr'><strong>um</strong></span> <span class='ocrx_word' id='word_1_100' title='bbox 2150 784 2375 865; x_wconf 81' lang='lat' dir='ltr'><strong>culpae,</strong></span> <span class='ocrx_word' id='word_1_101' title='bbox 2400 786 2648 848; x_wconf 79' lang='lat' dir='ltr'><strong>occasio</strong></span> <span class='ocrx_word' id='word_1_102' title='bbox 2678 785 2917 865; x_wconf 75' lang='lat' dir='ltr'><strong>gratita,</strong></span> <span class='ocrx_word' id='word_1_103' title='bbox 2942 786 3235 849; x_wconf 89' lang='lat' dir='ltr'><strong>cumulus</strong></span> <span class='ocrx_word' id='word_1_104' title='bbox 3259 784 3493 865; x_wconf 65' lang='lat' dir='ltr'><strong>gloriae.</strong></span> 
     </span>
    </p>

    <p class='ocr_par' dir='ltr' id='par_1_7' title="bbox 2011 881 3503 1851">
     <span class='ocr_line' id='line_1_17' title="bbox 2090 881 3503 963; baseline 0.004 -21"><span class='ocrx_word' id='word_1_105' title='bbox 2090 881 2415 958; x_wconf 81' lang='lat' dir='ltr'><strong>Praeterea,</strong></span> <span class='ocrx_word' id='word_1_106' title='bbox 2450 883 2602 963; x_wconf 91' lang='lat' dir='ltr'><strong>quia</strong></span> <span class='ocrx_word' id='word_1_107' title='bbox 2642 882 2863 946; x_wconf 89' lang='lat' dir='ltr'><strong>beatus</strong></span> <span class='ocrx_word' id='word_1_108' title='bbox 2892 883 3008 947; x_wconf 84' lang='lat' dir='ltr'><strong>Job</strong></span> <span class='ocrx_word' id='word_1_109' title='bbox 3050 903 3197 948; x_wconf 84' lang='lat' dir='ltr'><strong>mox</strong></span> <span class='ocrx_word' id='word_1_110' title='bbox 3238 884 3503 947; x_wconf 89' lang='lat' dir='ltr'><strong>utilissi-</strong></span> 
     </span>
     <span class='ocr_line' id='line_1_18' title="bbox 2011 980 3503 1063; baseline 0.002 -21"><span class='ocrx_word' id='word_1_111' title='bbox 2011 999 2135 1056; x_wconf 87' lang='lat' dir='ltr'><strong>ma,</strong></span> <span class='ocrx_word' id='word_1_112' title='bbox 2182 980 2331 1057; x_wconf 88' lang='lat' dir='ltr'><strong>alta,</strong></span> <span class='ocrx_word' id='word_1_113' title='bbox 2380 982 2624 1063; x_wconf 89' lang='lat' dir='ltr'><strong>totique</strong></span> <span class='ocrx_word' id='word_1_114' title='bbox 2667 983 2907 1045; x_wconf 90' lang='lat' dir='ltr'><strong>mundo</strong></span> <span class='ocrx_word' id='word_1_115' title='bbox 2950 981 3369 1046; x_wconf 85' lang='lat' dir='ltr'><strong>saluberrime</strong></span> <span class='ocrx_word' id='word_1_116' title='bbox 3411 983 3503 1045; x_wconf 91' lang='lat' dir='ltr'><strong>in-</strong></span> 
     </span>
     <span class='ocr_line' id='line_1_19' title="bbox 2012 1079 3501 1162; baseline 0.002 -22"><span class='ocrx_word' id='word_1_117' title='bbox 2012 1080 2397 1142; x_wconf 85' lang='lat' dir='ltr'><strong>notescenda</strong></span> <span class='ocrx_word' id='word_1_118' title='bbox 2456 1080 2579 1142; x_wconf 87' lang='lat' dir='ltr'><strong>fuit</strong></span> <span class='ocrx_word' id='word_1_119' title='bbox 2632 1079 2939 1159; x_wconf 77' lang='lat' dir='ltr'><strong>dicturu8‚</strong></span> <span class='ocrx_word' id='word_1_120' title='bbox 2993 1081 3227 1162; x_wconf 85' lang='lat' dir='ltr'><strong>adjecit</strong></span> <span class='ocrx_word' id='word_1_121' title='bbox 3278 1100 3291 1143; x_wconf 93' lang='lat'>:</span> <span class='ocrx_word' id='word_1_122' title='bbox 3345 1084 3501 1151; x_wconf 84' lang='lat' dir='ltr'><strong>Quis</strong></span> 
     </span>
     <span class='ocr_line' id='line_1_20' title="bbox 2013 1180 3503 1241; baseline 0.003 -4"><span class='ocrx_word' id='word_1_123' title='bbox 2013 1180 2180 1237; x_wconf 79' lang='lat' dir='ltr'><strong>mihi</strong></span> <span class='ocrx_word' id='word_1_124' title='bbox 2210 1180 2455 1240; x_wconf 74' lang='lat' dir='ltr'><strong>tribuat</strong></span> <span class='ocrx_word' id='word_1_125' title='bbox 2485 1190 2557 1239; x_wconf 78' lang='grc' dir='ltr'><strong>ιιι</strong></span> <span class='ocrx_word' id='word_1_126' title='bbox 2583 1182 2955 1241; x_wconf 78' lang='lat' dir='ltr'><strong>scribantur</strong></span> <span class='ocrx_word' id='word_1_127' title='bbox 2982 1200 3297 1241; x_wconf 77' lang='lat' dir='ltr'><strong>sermones</strong></span> <span class='ocrx_word' id='word_1_128' title='bbox 3328 1183 3503 1241; x_wconf 83' lang='lat' dir='ltr'><strong>mei?</strong></span> 
     </span>
     <span class='ocr_line' id='line_1_21' title="bbox 2013 1276 3503 1356; baseline 0.003 -19"><span class='ocrx_word' id='word_1_129' title='bbox 2013 1294 2175 1356; x_wconf 92' lang='lat' dir='ltr'><strong>quos</strong></span> <span class='ocrx_word' id='word_1_130' title='bbox 2215 1276 2422 1339; x_wconf 89' lang='lat' dir='ltr'><strong>dicam</strong></span> <span class='ocrx_word' id='word_1_131' title='bbox 2459 1279 2538 1339; x_wconf 90' lang='lat' dir='ltr'><strong>ad</strong></span> <span class='ocrx_word' id='word_1_132' title='bbox 2578 1278 2849 1341; x_wconf 90' lang='lat' dir='ltr'><strong>aliorum</strong></span> <span class='ocrx_word' id='word_1_133' title='bbox 2891 1279 3397 1355; x_wconf 82' lang='lat' dir='ltr'><strong>instructionem,</strong></span> <span class='ocrx_word' id='word_1_134' title='bbox 3434 1288 3503 1341; x_wconf 89' lang='lat' dir='ltr'><strong>ut</strong></span> 
     </span>
     <span class='ocr_line' id='line_1_22' title="bbox 2015 1362 3502 1455; baseline 0.003 -21"><span class='ocrx_word' id='word_1_135' title='bbox 2015 1373 2251 1436; x_wconf 86' lang='lat' dir='ltr'><strong>futuris</strong></span> <span class='ocrx_word' id='word_1_136' title='bbox 2297 1377 2815 1455; x_wconf 84' lang='lat' dir='ltr'><strong>generationibus</strong></span> <span class='ocrx_word' id='word_1_137' title='bbox 2874 1362 3293 1441; x_wconf 74' lang='lat' dir='ltr'><strong>innotescant.</strong></span> <span class='ocrx_word' id='word_1_138' title='bbox 3346 1382 3502 1447; x_wconf 81' lang='lat' dir='ltr'><strong>Quis</strong></span> 
     </span>
     <span class='ocr_line' id='line_1_23' title="bbox 2013 1476 3495 1552; baseline 0.004 -19"><span class='ocrx_word' id='word_1_139' title='bbox 2013 1476 2181 1534; x_wconf 73' lang='lat' dir='ltr'><strong>mike?</strong></span> <span class='ocrx_word' id='word_1_140' title='bbox 2207 1478 2313 1535; x_wconf 83' lang='lat' dir='ltr'><strong>det</strong></span> <span class='ocrx_word' id='word_1_141' title='bbox 2343 1486 2415 1536; x_wconf 84' lang='lat' dir='ltr'><strong>ut</strong></span> <span class='ocrx_word' id='word_1_142' title='bbox 2450 1487 2831 1547; x_wconf 68' lang='lat' dir='ltr'><strong>eac-arentur,</strong></span> <span class='ocrx_word' id='word_1_143' title='bbox 2874 1476 2936 1538; x_wconf 93' lang='lat' dir='ltr'><strong>id</strong></span> <span class='ocrx_word' id='word_1_144' title='bbox 2981 1484 3077 1539; x_wconf 89' lang='lat' dir='ltr'><strong>est</strong></span> <span class='ocrx_word' id='word_1_145' title='bbox 3118 1476 3495 1552; x_wconf 81' lang='lat' dir='ltr'><strong>scribantur,</strong></span> 
     </span>
     <span class='ocr_line' id='line_1_24' title="bbox 2011 1574 3500 1655; baseline 0.001 -22"><span class='ocrx_word' id='word_1_146' title='bbox 2011 1576 2086 1634; x_wconf 86' lang='lat' dir='ltr'><strong>in</strong></span> <span class='ocrx_word' id='word_1_147' title='bbox 2118 1575 2328 1635; x_wconf 81' lang='lat' dir='ltr'><strong>libro?</strong></span> <span class='ocrx_word' id='word_1_148' title='bbox 2347 1574 2551 1637; x_wconf 88' lang='lat' dir='ltr'><strong>Verba</strong></span> <span class='ocrx_word' id='word_1_149' title='bbox 2571 1583 2783 1636; x_wconf 90' lang='lat' dir='ltr'><strong>autem</strong></span> <span class='ocrx_word' id='word_1_150' title='bbox 2806 1574 3138 1655; x_wconf 87' lang='lat' dir='ltr'><strong>sequentia</strong></span> <span class='ocrx_word' id='word_1_151' title='bbox 3166 1594 3201 1636; x_wconf 87' lang='lat' dir='ltr'><strong>a</strong></span> <span class='ocrx_word' id='word_1_152' title='bbox 3232 1574 3500 1638; x_wconf 83' lang='lat' dir='ltr'><strong>diversis</strong></span> 
     </span>
     <span class='ocr_line' id='line_1_25' title="bbox 2011 1670 3501 1753; baseline 0.001 -20"><span class='ocrx_word' id='word_1_153' title='bbox 2011 1670 2438 1735; x_wconf 88' lang='lat' dir='ltr'><strong>diversimode</strong></span> <span class='ocrx_word' id='word_1_154' title='bbox 2468 1670 2805 1748; x_wconf 89' lang='lat' dir='ltr'><strong>habentur,</strong></span> <span class='ocrx_word' id='word_1_155' title='bbox 2840 1679 3271 1753; x_wconf 86' lang='lat' dir='ltr'><strong>punctuantur</strong></span> <span class='ocrx_word' id='word_1_156' title='bbox 3310 1681 3374 1735; x_wconf 87' lang='lat' dir='ltr'><strong>et</strong></span> <span class='ocrx_word' id='word_1_157' title='bbox 3398 1692 3501 1735; x_wconf 90' lang='lat' dir='ltr'><strong>ex—</strong></span> 
     </span>
     <span class='ocr_line' id='line_1_26' title="bbox 2011 1769 3501 1851; baseline 0 -18"><span class='ocrx_word' id='word_1_158' title='bbox 2011 1779 2360 1851; x_wconf 90' lang='lat' dir='ltr'><strong>ponuntur.</strong></span> <span class='ocrx_word' id='word_1_159' title='bbox 2413 1769 2675 1845; x_wconf 87' lang='lat' dir='ltr'><strong>Quidam</strong></span> <span class='ocrx_word' id='word_1_160' title='bbox 2733 1770 2903 1833; x_wconf 89' lang='lat' dir='ltr'><strong>enim</strong></span> <span class='ocrx_word' id='word_1_161' title='bbox 2950 1772 3051 1851; x_wconf 90' lang='lat' dir='ltr'><strong>(ut</strong></span> <span class='ocrx_word' id='word_1_162' title='bbox 3097 1771 3391 1835; x_wconf 88' lang='lat' dir='ltr'><strong>Albertus</strong></span> <span class='ocrx_word' id='word_1_163' title='bbox 3440 1780 3501 1835; x_wconf 91' lang='lat' dir='ltr'><strong>et</strong></span> 
     </span>
    </p>
   </div>
   <div class='ocr_carea' id='block_1_7' title="bbox 397 1867 3503 1951">
    <p class='ocr_par' dir='ltr' id='par_1_8' title="bbox 397 1867 3503 1951">
     <span class='ocr_line' id='line_1_27' title="bbox 397 1867 3503 1951; baseline 0.001 -25"><span class='ocrx_word' id='word_1_164' title='bbox 397 1873 518 1939; x_wconf 84' lang='lat' dir='ltr'><strong>est,</strong></span> <span class='ocrx_word' id='word_1_165' title='bbox 569 1883 700 1927; x_wconf 91' lang='lat' dir='ltr'><strong>non</strong></span> <span class='ocrx_word' id='word_1_166' title='bbox 742 1874 840 1928; x_wconf 90' lang='lat' dir='ltr'><strong>est</strong></span> <span class='ocrx_word' id='word_1_167' title='bbox 887 1874 1170 1929; x_wconf 89' lang='lat' dir='ltr'><strong>vestrum</strong></span> <span class='ocrx_word' id='word_1_168' title='bbox 1219 1887 1322 1929; x_wconf 91' lang='lat' dir='ltr'><strong>me</strong></span> <span class='ocrx_word' id='word_1_169' title='bbox 1371 1867 1692 1950; x_wconf 86' lang='lat' dir='ltr'><strong>persequi,</strong></span> <span class='ocrx_word' id='word_1_170' title='bbox 1737 1867 1901 1931; x_wconf 91' lang='lat' dir='ltr'><strong>sicut</strong></span> <span class='ocrx_word' id='word_1_171' title='bbox 1934 1868 1980 1929; x_wconf 93' lang='lat' dir='ltr'><strong>B</strong></span> <span class='ocrx_word' id='word_1_172' title='bbox 2012 1868 2313 1949; x_wconf 88' lang='lat' dir='ltr'><strong>Thomas)</strong></span> <span class='ocrx_word' id='word_1_173' title='bbox 2343 1868 2433 1932; x_wconf 91' lang='lat' dir='ltr'><strong>sic</strong></span> <span class='ocrx_word' id='word_1_174' title='bbox 2464 1877 2819 1951; x_wconf 88' lang='lat' dir='ltr'><strong>punctuant</strong></span> <span class='ocrx_word' id='word_1_175' title='bbox 2853 1887 2867 1931; x_wconf 90' lang='lat'>:</span> <span class='ocrx_word' id='word_1_176' title='bbox 2903 1873 2983 1931; x_wconf 85' lang='lat' dir='ltr'><strong>In</strong></span> <span class='ocrx_word' id='word_1_177' title='bbox 3019 1872 3179 1930; x_wconf 83' lang='lat' dir='ltr'><strong>libro</strong></span> <span class='ocrx_word' id='word_1_178' title='bbox 3206 1872 3353 1931; x_wconf 78' lang='lat' dir='ltr'><strong>stilo</strong></span> <span class='ocrx_word' id='word_1_179' title='bbox 3380 1872 3503 1946; x_wconf 84' lang='lat' dir='ltr'><strong>fer-</strong></span> 
     </span>
    </p>
   </div>
   <div class='ocr_carea' id='block_1_8' title="bbox 395 1963 1904 3034">
    <p class='ocr_par' dir='ltr' id='par_1_9' title="bbox 395 1963 1904 3034">
     <span class='ocr_line' id='line_1_28' title="bbox 395 1963 1902 2047; baseline 0.003 -24"><span class='ocrx_word' id='word_1_180' title='bbox 395 1981 504 2027; x_wconf 88' lang='lat' dir='ltr'><strong>me</strong></span> <span class='ocrx_word' id='word_1_181' title='bbox 535 1963 700 2025; x_wconf 90' lang='lat' dir='ltr'><strong>Deus</strong></span> <span class='ocrx_word' id='word_1_182' title='bbox 744 1964 1172 2045; x_wconf 88' lang='lat' dir='ltr'><strong>persequitur.</strong></span> <span class='ocrx_word' id='word_1_183' title='bbox 1206 1965 1367 2028; x_wconf 90' lang='lat' dir='ltr'><strong>Deus</strong></span> <span class='ocrx_word' id='word_1_184' title='bbox 1407 1965 1649 2047; x_wconf 89' lang='lat' dir='ltr'><strong>quippe</strong></span> <span class='ocrx_word' id='word_1_185' title='bbox 1691 1985 1902 2047; x_wconf 88' lang='lat' dir='ltr'><strong>perse-</strong></span> 
     </span>
     <span class='ocr_line' id='line_1_29' title="bbox 395 2062 1902 2145; baseline 0.003 -23"><span class='ocrx_word' id='word_1_186' title='bbox 395 2062 623 2143; x_wconf 86' lang='lat' dir='ltr'><strong>quitur</strong></span> <span class='ocrx_word' id='word_1_187' title='bbox 657 2062 1088 2139; x_wconf 85' lang='lat' dir='ltr'><strong>innocentem,</strong></span> <span class='ocrx_word' id='word_1_188' title='bbox 1123 2072 1193 2125; x_wconf 88' lang='lat' dir='ltr'><strong>ut</strong></span> <span class='ocrx_word' id='word_1_189' title='bbox 1234 2062 1480 2145; x_wconf 90' lang='lat' dir='ltr'><strong>probet,</strong></span> <span class='ocrx_word' id='word_1_190' title='bbox 1515 2064 1616 2127; x_wconf 86' lang='lat' dir='ltr'><strong>vel</strong></span> <span class='ocrx_word' id='word_1_191' title='bbox 1661 2065 1739 2126; x_wconf 92' lang='lat' dir='ltr'><strong>ad</strong></span> <span class='ocrx_word' id='word_1_192' title='bbox 1767 2064 1902 2143; x_wconf 91' lang='lat' dir='ltr'><strong>glo-</strong></span> 
     </span>
     <span class='ocr_line' id='line_1_30' title="bbox 397 2159 1901 2245; baseline 0.003 -25"><span class='ocrx_word' id='word_1_193' title='bbox 397 2159 510 2221; x_wconf 77' lang='lat' dir='ltr'><strong>riae</strong></span> <span class='ocrx_word' id='word_1_194' title='bbox 541 2180 674 2223; x_wconf 85' lang='lat' dir='ltr'><strong>suae</strong></span> <span class='ocrx_word' id='word_1_195' title='bbox 703 2159 1308 2239; x_wconf 88' lang='lat' dir='ltr'><strong>manifestationem,</strong></span> <span class='ocrx_word' id='word_1_196' title='bbox 1345 2170 1453 2224; x_wconf 88' lang='lat' dir='ltr'><strong>aut</strong></span> <span class='ocrx_word' id='word_1_197' title='bbox 1481 2171 1741 2245; x_wconf 90' lang='lat' dir='ltr'><strong>propter</strong></span> <span class='ocrx_word' id='word_1_198' title='bbox 1771 2182 1901 2225; x_wconf 88' lang='lat' dir='ltr'><strong>me-</strong></span> 
     </span>
     <span class='ocr_line' id='line_1_31' title="bbox 397 2259 1898 2343; baseline 0.003 -24"><span class='ocrx_word' id='word_1_199' title='bbox 397 2259 668 2321; x_wconf 91' lang='lat' dir='ltr'><strong>ritorum</strong></span> <span class='ocrx_word' id='word_1_200' title='bbox 719 2259 1266 2343; x_wconf 87' lang='lat' dir='ltr'><strong>beatitudinisque</strong></span> <span class='ocrx_word' id='word_1_201' title='bbox 1309 2272 1740 2342; x_wconf 85' lang='lat' dir='ltr'><strong>augmentum.</strong></span> <span class='ocrx_word' id='word_1_202' title='bbox 1775 2262 1898 2325; x_wconf 82' lang='lat' dir='ltr'><strong>Vos</strong></span> 
     </span>
     <span class='ocr_line' id='line_1_32' title="bbox 395 2358 1900 2442; baseline 0.003 -25"><span class='ocrx_word' id='word_1_203' title='bbox 395 2365 614 2419; x_wconf 86' lang='lat' dir='ltr'><strong>autem</strong></span> <span class='ocrx_word' id='word_1_204' title='bbox 663 2358 852 2421; x_wconf 88' lang='lat' dir='ltr'><strong>talem</strong></span> <span class='ocrx_word' id='word_1_205' title='bbox 901 2378 1157 2422; x_wconf 88' lang='lat' dir='ltr'><strong>causam</strong></span> <span class='ocrx_word' id='word_1_206' title='bbox 1198 2360 1622 2442; x_wconf 89' lang='lat' dir='ltr'><strong>persequendi</strong></span> <span class='ocrx_word' id='word_1_207' title='bbox 1661 2380 1764 2423; x_wconf 89' lang='lat' dir='ltr'><strong>me</strong></span> <span class='ocrx_word' id='word_1_208' title='bbox 1814 2360 1900 2421; x_wconf 87' lang='lat' dir='ltr'><strong>in-</strong></span> 
     </span>
     <span class='ocr_line' id='line_1_33' title="bbox 399 2457 1901 2523; baseline 0.002 -6"><span class='ocrx_word' id='word_1_209' title='bbox 399 2464 739 2519; x_wconf 89' lang='lat' dir='ltr'><strong>nocentem</strong></span> <span class='ocrx_word' id='word_1_210' title='bbox 789 2476 918 2521; x_wconf 91' lang='lat' dir='ltr'><strong>non</strong></span> <span class='ocrx_word' id='word_1_211' title='bbox 970 2457 1240 2521; x_wconf 64' lang='lat' dir='ltr'><strong>habetis</strong></span> <span class='ocrx_word' id='word_1_212' title='bbox 1269 2459 1450 2523; x_wconf 88' lang='lat' dir='ltr'><strong>Circa</strong></span> <span class='ocrx_word' id='word_1_213' title='bbox 1493 2459 1628 2522; x_wconf 82' lang='lat' dir='ltr'><strong>haec</strong></span> <span class='ocrx_word' id='word_1_214' title='bbox 1677 2458 1901 2522; x_wconf 83' lang='lat' dir='ltr'><strong>scribit</strong></span> 
     </span>
     <span class='ocr_line' id='line_1_34' title="bbox 401 2554 1902 2640; baseline 0.003 -24"><span class='ocrx_word' id='word_1_215' title='bbox 401 2554 748 2635; x_wconf 82' lang='lat' dir='ltr'><strong>Gregorius</strong></span> <span class='ocrx_word' id='word_1_216' title='bbox 785 2574 799 2618; x_wconf 74' lang='grc' dir='ltr'>ε</span> <span class='ocrx_word' id='word_1_217' title='bbox 836 2556 898 2619; x_wconf 92' lang='lat' dir='ltr'><strong>Si</strong></span> <span class='ocrx_word' id='word_1_218' title='bbox 929 2557 1060 2619; x_wconf 91' lang='lat' dir='ltr'><strong>sint</strong></span> <span class='ocrx_word' id='word_1_219' title='bbox 1089 2556 1202 2638; x_wconf 93' lang='lat' dir='ltr'><strong>qui</strong></span> <span class='ocrx_word' id='word_1_220' title='bbox 1242 2577 1465 2640; x_wconf 87' lang='lat' dir='ltr'><strong>aspera</strong></span> <span class='ocrx_word' id='word_1_221' title='bbox 1503 2558 1902 2640; x_wconf 86' lang='lat' dir='ltr'><strong>correptione</strong></span> 
     </span>
     <span class='ocr_line' id='line_1_35' title="bbox 399 2652 1902 2737; baseline 0.003 -23"><span class='ocrx_word' id='word_1_222' title='bbox 399 2652 753 2734; x_wconf 83' lang='lat' dir='ltr'><strong>indigeant,</strong></span> <span class='ocrx_word' id='word_1_223' title='bbox 788 2663 942 2718; x_wconf 87' lang='lat' dir='ltr'><strong>tunc</strong></span> <span class='ocrx_word' id='word_1_224' title='bbox 983 2654 1074 2717; x_wconf 85' lang='lat' dir='ltr'><strong>eis</strong></span> <span class='ocrx_word' id='word_1_225' title='bbox 1110 2657 1267 2718; x_wconf 90' lang='lat' dir='ltr'><strong>dura</strong></span> <span class='ocrx_word' id='word_1_226' title='bbox 1293 2675 1330 2717; x_wconf 89' lang='lat' dir='ltr'><strong>a</strong></span> <span class='ocrx_word' id='word_1_227' title='bbox 1362 2656 1544 2719; x_wconf 89' lang='lat' dir='ltr'><strong>nobis</strong></span> <span class='ocrx_word' id='word_1_228' title='bbox 1585 2655 1902 2737; x_wconf 88' lang='lat' dir='ltr'><strong>correptio</strong></span> 
     </span>
     <span class='ocr_line' id='line_1_36' title="bbox 397 2752 1902 2835; baseline 0.001 -21"><span class='ocrx_word' id='word_1_229' title='bbox 397 2752 800 2816; x_wconf 88' lang='lat' dir='ltr'><strong>admovenda</strong></span> <span class='ocrx_word' id='word_1_230' title='bbox 838 2762 955 2830; x_wconf 90' lang='lat' dir='ltr'><strong>est,</strong></span> <span class='ocrx_word' id='word_1_231' title='bbox 992 2774 1188 2835; x_wconf 92' lang='lat' dir='ltr'><strong>quum</strong></span> <span class='ocrx_word' id='word_1_232' title='bbox 1221 2755 1330 2818; x_wconf 89' lang='lat' dir='ltr'><strong>Dei</strong></span> <span class='ocrx_word' id='word_1_233' title='bbox 1365 2774 1592 2817; x_wconf 88' lang='lat' dir='ltr'><strong>manus</strong></span> <span class='ocrx_word' id='word_1_234' title='bbox 1634 2762 1837 2818; x_wconf 89' lang='lat' dir='ltr'><strong>cessat</strong></span> <span class='ocrx_word' id='word_1_235' title='bbox 1866 2773 1902 2816; x_wconf 88' lang='lat' dir='ltr'><strong>a</strong></span> 
     </span>
     <span class='ocr_line' id='line_1_37' title="bbox 398 2850 1904 2935; baseline 0.001 -22"><span class='ocrx_word' id='word_1_236' title='bbox 398 2850 690 2914; x_wconf 86' lang='lat' dir='ltr'><strong>verbere.</strong></span> <span class='ocrx_word' id='word_1_237' title='bbox 712 2850 916 2926; x_wconf 89' lang='lat' dir='ltr'><strong>Quum</strong></span> <span class='ocrx_word' id='word_1_238' title='bbox 948 2872 1101 2916; x_wconf 87' lang='lat' dir='ltr'><strong>vero</strong></span> <span class='ocrx_word' id='word_1_239' title='bbox 1131 2872 1408 2935; x_wconf 88' lang='lat' dir='ltr'><strong>superna</strong></span> <span class='ocrx_word' id='word_1_240' title='bbox 1439 2854 1656 2915; x_wconf 91' lang='lat' dir='ltr'><strong>insunt</strong></span> <span class='ocrx_word' id='word_1_241' title='bbox 1689 2852 1904 2933; x_wconf 87' lang='lat' dir='ltr'><strong>flagel-</strong></span> 
     </span>
     <span class='ocr_line' id='line_1_38' title="bbox 397 2949 1901 3034; baseline 0.002 -24"><span class='ocrx_word' id='word_1_242' title='bbox 397 2949 480 3025; x_wconf 95' lang='lat' dir='ltr'><strong>la,</strong></span> <span class='ocrx_word' id='word_1_243' title='bbox 517 2968 554 3012; x_wconf 87' lang='lat' dir='ltr'><strong>a</strong></span> <span class='ocrx_word' id='word_1_244' title='bbox 591 2950 778 3013; x_wconf 89' lang='lat' dir='ltr'><strong>nobis</strong></span> <span class='ocrx_word' id='word_1_245' title='bbox 820 2969 949 3015; x_wconf 88' lang='lat' dir='ltr'><strong>nou</strong></span> <span class='ocrx_word' id='word_1_246' title='bbox 983 2952 1115 3033; x_wconf 89' lang='lat' dir='ltr'><strong>jam</strong></span> <span class='ocrx_word' id='word_1_247' title='bbox 1154 2952 1493 3034; x_wconf 84' lang='lat' dir='ltr'><strong>correptio,</strong></span> <span class='ocrx_word' id='word_1_248' title='bbox 1528 2953 1635 3015; x_wconf 90' lang='lat' dir='ltr'><strong>sed</strong></span> <span class='ocrx_word' id='word_1_249' title='bbox 1676 2970 1901 3015; x_wconf 91' lang='lat' dir='ltr'><strong>conso-</strong></span> 
     </span>
    </p>
   </div>
   <div class='ocr_carea' id='block_1_9' title="bbox 2010 1966 3504 3039">
    <p class='ocr_par' dir='ltr' id='par_1_10' title="bbox 2010 1966 3504 3039">
     <span class='ocr_line' id='line_1_39' title="bbox 2010 1966 3504 2049; baseline 0.002 -23"><span class='ocrx_word' id='word_1_250' title='bbox 2010 1987 2136 2028; x_wconf 79' lang='lat' dir='ltr'><strong>reO.</strong></span> <span class='ocrx_word' id='word_1_251' title='bbox 2164 1966 2283 2030; x_wconf 76' lang='lat' dir='ltr'><strong>Sed</strong></span> <span class='ocrx_word' id='word_1_252' title='bbox 2318 1986 2446 2031; x_wconf 92' lang='lat' dir='ltr'><strong>non</strong></span> <span class='ocrx_word' id='word_1_253' title='bbox 2479 1968 2731 2031; x_wconf 89' lang='lat' dir='ltr'><strong>videtur</strong></span> <span class='ocrx_word' id='word_1_254' title='bbox 2765 1968 2828 2029; x_wconf 93' lang='lat' dir='ltr'><strong>id</strong></span> <span class='ocrx_word' id='word_1_255' title='bbox 2874 1976 3117 2049; x_wconf 89' lang='lat' dir='ltr'><strong>aptum,</strong></span> <span class='ocrx_word' id='word_1_256' title='bbox 3150 1988 3347 2049; x_wconf 90' lang='lat' dir='ltr'><strong>quum</strong></span> <span class='ocrx_word' id='word_1_257' title='bbox 3386 1966 3504 2031; x_wconf 91' lang='lat' dir='ltr'><strong>fer-</strong></span> 
     </span>
     <span class='ocr_line' id='line_1_40' title="bbox 2011 2066 3497 2149; baseline 0.003 -23"><span class='ocrx_word' id='word_1_258' title='bbox 2011 2083 2154 2128; x_wconf 89' lang='lat' dir='ltr'><strong>reus</strong></span> <span class='ocrx_word' id='word_1_259' title='bbox 2204 2066 2391 2128; x_wconf 88' lang='lat' dir='ltr'><strong>stilus</strong></span> <span class='ocrx_word' id='word_1_260' title='bbox 2431 2076 2617 2149; x_wconf 89' lang='lat' dir='ltr'><strong>aptus</strong></span> <span class='ocrx_word' id='word_1_261' title='bbox 2667 2086 2795 2129; x_wconf 92' lang='lat' dir='ltr'><strong>non</strong></span> <span class='ocrx_word' id='word_1_262' title='bbox 2846 2068 2929 2129; x_wconf 91' lang='lat' dir='ltr'><strong>sit</strong></span> <span class='ocrx_word' id='word_1_263' title='bbox 2974 2067 3051 2129; x_wconf 89' lang='lat' dir='ltr'><strong>ad</strong></span> <span class='ocrx_word' id='word_1_264' title='bbox 3091 2067 3497 2132; x_wconf 86' lang='lat' dir='ltr'><strong>scribendum</strong></span> 
     </span>
     <span class='ocr_line' id='line_1_41' title="bbox 2011 2164 3501 2247; baseline 0.004 -22"><span class='ocrx_word' id='word_1_265' title='bbox 2011 2164 2075 2225; x_wconf 93' lang='lat' dir='ltr'><strong>in</strong></span> <span class='ocrx_word' id='word_1_266' title='bbox 2110 2164 2297 2228; x_wconf 89' lang='lat' dir='ltr'><strong>libro.</strong></span> <span class='ocrx_word' id='word_1_267' title='bbox 2333 2165 2422 2227; x_wconf 90' lang='lat' dir='ltr'><strong>Ad</strong></span> <span class='ocrx_word' id='word_1_268' title='bbox 2464 2166 2632 2247; x_wconf 92' lang='lat' dir='ltr'><strong>quod</strong></span> <span class='ocrx_word' id='word_1_269' title='bbox 2674 2166 3049 2229; x_wconf 89' lang='lat' dir='ltr'><strong>solvendum</strong></span> <span class='ocrx_word' id='word_1_270' title='bbox 3083 2166 3377 2229; x_wconf 90' lang='lat' dir='ltr'><strong>Albertus</strong></span> <span class='ocrx_word' id='word_1_271' title='bbox 3409 2168 3501 2232; x_wconf 92' lang='lat' dir='ltr'><strong>sic</strong></span> 
     </span>
     <span class='ocr_line' id='line_1_42' title="bbox 2011 2262 3503 2340; baseline 0.001 -15"><span class='ocrx_word' id='word_1_272' title='bbox 2011 2262 2098 2325; x_wconf 89' lang='lat' dir='ltr'><strong>ait</strong></span> <span class='ocrx_word' id='word_1_273' title='bbox 2134 2281 2148 2324; x_wconf 76' lang='grc' dir='ltr'><strong><em>ε</em></strong></span> <span class='ocrx_word' id='word_1_274' title='bbox 2183 2263 2249 2325; x_wconf 90' lang='lat' dir='ltr'><strong>In</strong></span> <span class='ocrx_word' id='word_1_275' title='bbox 2281 2263 2468 2340; x_wconf 89' lang='lat' dir='ltr'><strong>libro,</strong></span> <span class='ocrx_word' id='word_1_276' title='bbox 2500 2264 2563 2325; x_wconf 94' lang='lat' dir='ltr'><strong>id</strong></span> <span class='ocrx_word' id='word_1_277' title='bbox 2602 2271 2698 2325; x_wconf 91' lang='grc' dir='ltr'><strong>θεῖ</strong></span> <span class='ocrx_word' id='word_1_278' title='bbox 2739 2263 2803 2326; x_wconf 91' lang='lat' dir='ltr'><strong>in</strong></span> <span class='ocrx_word' id='word_1_279' title='bbox 2841 2264 3002 2326; x_wconf 91' lang='lat' dir='ltr'><strong>dura</strong></span> <span class='ocrx_word' id='word_1_280' title='bbox 3039 2265 3306 2327; x_wconf 87' lang='lat' dir='ltr'><strong>materia</strong></span> <span class='ocrx_word' id='word_1_281' title='bbox 3337 2266 3503 2329; x_wconf 89' lang='lat' dir='ltr'><strong>sicut</strong></span> 
     </span>
     <span class='ocr_line' id='line_1_43' title="bbox 2013 2361 3503 2445; baseline 0.002 -23"><span class='ocrx_word' id='word_1_282' title='bbox 2013 2362 2075 2423; x_wconf 92' lang='lat' dir='ltr'><strong>in</strong></span> <span class='ocrx_word' id='word_1_283' title='bbox 2109 2361 2296 2425; x_wconf 91' lang='lat' dir='ltr'><strong>libro.</strong></span> <span class='ocrx_word' id='word_1_284' title='bbox 2323 2361 2536 2443; x_wconf 83' lang='lat' dir='ltr'><strong>Aliqui</strong></span> <span class='ocrx_word' id='word_1_285' title='bbox 2566 2370 2776 2424; x_wconf 87' lang='lat' dir='ltr'><strong>autem</strong></span> <span class='ocrx_word' id='word_1_286' title='bbox 2812 2362 2903 2425; x_wconf 90' lang='lat' dir='ltr'><strong>sic</strong></span> <span class='ocrx_word' id='word_1_287' title='bbox 2934 2368 3503 2445; x_wconf 71' lang='lat' dir='ltr'><strong>punctuantzouis</strong></span> 
     </span>
     <span class='ocr_line' id='line_1_44' title="bbox 2011 2462 3501 2527; baseline 0.005 -8"><span class='ocrx_word' id='word_1_288' title='bbox 2011 2462 2179 2521; x_wconf 78' lang='lat' dir='ltr'><strong>mihi</strong></span> <span class='ocrx_word' id='word_1_289' title='bbox 2222 2464 2327 2521; x_wconf 77' lang='lat' dir='ltr'><strong>det</strong></span> <span class='ocrx_word' id='word_1_290' title='bbox 2376 2472 2445 2521; x_wconf 76' lang='lat' dir='ltr'><strong>ut</strong></span> <span class='ocrx_word' id='word_1_291' title='bbox 2491 2472 2843 2522; x_wconf 62' lang='lat' dir='ltr'><strong>exarentur</strong></span> <span class='ocrx_word' id='word_1_292' title='bbox 2884 2464 2955 2523; x_wconf 84' lang='lat' dir='ltr'><strong>in</strong></span> <span class='ocrx_word' id='word_1_293' title='bbox 3006 2464 3219 2523; x_wconf 79' lang='lat' dir='ltr'><strong>libro?</strong></span> <span class='ocrx_word' id='word_1_294' title='bbox 3263 2463 3501 2527; x_wconf 82' lang='lat' dir='ltr'><strong>Deinde</strong></span> 
     </span>
     <span class='ocr_line' id='line_1_45' title="bbox 2011 2559 3500 2640; baseline 0.001 -19"><span class='ocrx_word' id='word_1_295' title='bbox 2011 2559 2431 2640; x_wconf 83' lang='lat' dir='ltr'><strong>subjungunt,</strong></span> <span class='ocrx_word' id='word_1_296' title='bbox 2456 2562 2603 2620; x_wconf 75' lang='lat' dir='ltr'><strong>stilo</strong></span> <span class='ocrx_word' id='word_1_297' title='bbox 2623 2562 2831 2639; x_wconf 80' lang='lat' dir='ltr'><strong>ferreo</strong></span> <span class='ocrx_word' id='word_1_298' title='bbox 2860 2572 2919 2621; x_wconf 78' lang='lat' dir='ltr'><strong>et</strong></span> <span class='ocrx_word' id='word_1_299' title='bbox 2939 2564 3201 2637; x_wconf 81' lang='lat' dir='ltr'><strong>plumbi</strong></span> <span class='ocrx_word' id='word_1_300' title='bbox 3222 2564 3500 2631; x_wconf 83' lang='lat' dir='ltr'><strong>lamina,</strong></span> 
     </span>
     <span class='ocr_line' id='line_1_46' title="bbox 2013 2657 3495 2740; baseline 0.003 -22"><span class='ocrx_word' id='word_1_301' title='bbox 2013 2657 2077 2720; x_wconf 93' lang='lat' dir='ltr'><strong>id</strong></span> <span class='ocrx_word' id='word_1_302' title='bbox 2106 2668 2223 2735; x_wconf 91' lang='lat' dir='ltr'><strong>est,</strong></span> <span class='ocrx_word' id='word_1_303' title='bbox 2258 2659 2309 2720; x_wconf 90' lang='lat' dir='ltr'><strong>si</strong></span> <span class='ocrx_word' id='word_1_304' title='bbox 2344 2678 2565 2740; x_wconf 91' lang='lat' dir='ltr'><strong>parum</strong></span> <span class='ocrx_word' id='word_1_305' title='bbox 2612 2658 2805 2721; x_wconf 87' lang='lat' dir='ltr'><strong>fuerit</strong></span> <span class='ocrx_word' id='word_1_306' title='bbox 2836 2659 3030 2721; x_wconf 90' lang='lat' dir='ltr'><strong>scribi</strong></span> <span class='ocrx_word' id='word_1_307' title='bbox 3065 2677 3171 2722; x_wconf 90' lang='lat' dir='ltr'><strong>eos</strong></span> <span class='ocrx_word' id='word_1_308' title='bbox 3212 2660 3277 2722; x_wconf 90' lang='lat' dir='ltr'><strong>in</strong></span> <span class='ocrx_word' id='word_1_309' title='bbox 3309 2660 3495 2737; x_wconf 90' lang='lat' dir='ltr'><strong>libro,</strong></span> 
     </span>
     <span class='ocr_line' id='line_1_47' title="bbox 2011 2755 3502 2839; baseline 0.002 -20"><span class='ocrx_word' id='word_1_310' title='bbox 2011 2758 2202 2839; x_wconf 88' lang='lat' dir='ltr'><strong>cupio</strong></span> <span class='ocrx_word' id='word_1_311' title='bbox 2233 2766 2301 2819; x_wconf 88' lang='lat' dir='ltr'><strong>ut</strong></span> <span class='ocrx_word' id='word_1_312' title='bbox 2340 2757 2702 2820; x_wconf 87' lang='lat' dir='ltr'><strong>scribantur</strong></span> <span class='ocrx_word' id='word_1_313' title='bbox 2742 2755 2949 2821; x_wconf 84' lang='lat' dir='ltr'><strong>ferreo</strong></span> <span class='ocrx_word' id='word_1_314' title='bbox 2982 2758 3132 2822; x_wconf 91' lang='lat' dir='ltr'><strong>stilo</strong></span> <span class='ocrx_word' id='word_1_315' title='bbox 3165 2758 3232 2820; x_wconf 89' lang='lat' dir='ltr'><strong>in</strong></span> <span class='ocrx_word' id='word_1_316' title='bbox 3266 2758 3502 2822; x_wconf 86' lang='lat' dir='ltr'><strong>lamina</strong></span> 
     </span>
     <span class='ocr_line' id='line_1_48' title="bbox 2013 2855 3503 2940; baseline 0.003 -24"><span class='ocrx_word' id='word_1_317' title='bbox 2013 2855 2284 2938; x_wconf 88' lang='lat' dir='ltr'><strong>plumbi.</strong></span> <span class='ocrx_word' id='word_1_318' title='bbox 2320 2856 2487 2917; x_wconf 89' lang='lat' dir='ltr'><strong>Talis</strong></span> <span class='ocrx_word' id='word_1_319' title='bbox 2518 2856 2754 2919; x_wconf 90' lang='lat' dir='ltr'><strong>etenim</strong></span> <span class='ocrx_word' id='word_1_320' title='bbox 2795 2856 3097 2938; x_wconf 88' lang='lat' dir='ltr'><strong>plumbea</strong></span> <span class='ocrx_word' id='word_1_321' title='bbox 3134 2877 3340 2919; x_wconf 87' lang='lat' dir='ltr'><strong>massa</strong></span> <span class='ocrx_word' id='word_1_322' title='bbox 3367 2858 3503 2940; x_wconf 89' lang='lat' dir='ltr'><strong>api-</strong></span> 
     </span>
     <span class='ocr_line' id='line_1_49' title="bbox 2013 2954 3502 3039; baseline 0.001 -22"><span class='ocrx_word' id='word_1_323' title='bbox 2013 2974 2116 3017; x_wconf 87' lang='lat' dir='ltr'><strong>ces</strong></span> <span class='ocrx_word' id='word_1_324' title='bbox 2163 2954 2287 3016; x_wconf 91' lang='lat' dir='ltr'><strong>sibi</strong></span> <span class='ocrx_word' id='word_1_325' title='bbox 2337 2955 2676 3036; x_wconf 88' lang='lat' dir='ltr'><strong>inscriptos</strong></span> <span class='ocrx_word' id='word_1_326' title='bbox 2726 2955 2837 3017; x_wconf 92' lang='lat' dir='ltr'><strong>diu</strong></span> <span class='ocrx_word' id='word_1_327' title='bbox 2883 2964 3233 3019; x_wconf 86' lang='lat' dir='ltr'><strong>conservat.</strong></span> <span class='ocrx_word' id='word_1_328' title='bbox 3286 2957 3502 3039; x_wconf 90' lang='lat' dir='ltr'><strong>Aliqui</strong></span> 
     </span>
    </p>
   </div>
   <div class='ocr_carea' id='block_1_10' title="bbox 398 3047 3504 3135">
    <p class='ocr_par' dir='ltr' id='par_1_11' title="bbox 398 3047 3504 3135">
     <span class='ocr_line' id='line_1_50' title="bbox 398 3047 3504 3135; baseline 0.002 -25"><span class='ocrx_word' id='word_1_329' title='bbox 398 3048 552 3112; x_wconf 83' lang='lat' dir='ltr'><strong>latio</strong></span> <span class='ocrx_word' id='word_1_330' title='bbox 600 3050 888 3126; x_wconf 90' lang='lat' dir='ltr'><strong>debetur,</strong></span> <span class='ocrx_word' id='word_1_331' title='bbox 939 3070 1040 3128; x_wconf 91' lang='lat' dir='ltr'><strong>ne,</strong></span> <span class='ocrx_word' id='word_1_332' title='bbox 1078 3052 1230 3113; x_wconf 89' lang='lat' dir='ltr'><strong>dum</strong></span> <span class='ocrx_word' id='word_1_333' title='bbox 1274 3050 1478 3114; x_wconf 93' lang='lat' dir='ltr'><strong>dolori</strong></span> <span class='ocrx_word' id='word_1_334' title='bbox 1527 3050 1904 3132; x_wconf 85' lang='lat' dir='ltr'><strong>increpatio·</strong></span> <span class='ocrx_word' id='word_1_335' title='bbox 1935 3047 1979 3110; x_wconf 93' lang='lat' dir='ltr'>C</span> <span class='ocrx_word' id='word_1_336' title='bbox 2014 3052 2236 3133; x_wconf 85' lang='lat' dir='ltr'><strong>legunt</strong></span> <span class='ocrx_word' id='word_1_337' title='bbox 2264 3062 2326 3115; x_wconf 90' lang='lat' dir='ltr'><strong>et</strong></span> <span class='ocrx_word' id='word_1_338' title='bbox 2358 3061 2712 3135; x_wconf 88' lang='lat' dir='ltr'><strong>punctuant</strong></span> <span class='ocrx_word' id='word_1_339' title='bbox 2742 3054 2834 3117; x_wconf 91' lang='lat' dir='ltr'><strong>sic</strong></span> <span class='ocrx_word' id='word_1_340' title='bbox 2869 3072 2883 3115; x_wconf 75' lang='grc' dir='ltr'><em>τ</em></span> <span class='ocrx_word' id='word_1_341' title='bbox 2920 3056 3077 3123; x_wconf 80' lang='lat' dir='ltr'><strong>Quis</strong></span> <span class='ocrx_word' id='word_1_342' title='bbox 3108 3057 3275 3115; x_wconf 78' lang='lat' dir='ltr'><strong>mihi</strong></span> <span class='ocrx_word' id='word_1_343' title='bbox 3298 3058 3405 3117; x_wconf 77' lang='lat' dir='ltr'><strong>det</strong></span> <span class='ocrx_word' id='word_1_344' title='bbox 3432 3067 3504 3117; x_wconf 78' lang='grc' dir='ltr'><strong>ιιι</strong></span> 
     </span>
    </p>
   </div>
   <div class='ocr_carea' id='block_1_11' title="bbox 395 3149 1902 4215">
    <p class='ocr_par' dir='ltr' id='par_1_12' title="bbox 397 3149 1902 3311">
     <span class='ocr_line' id='line_1_51' title="bbox 397 3149 1902 3233; baseline 0.001 -23"><span class='ocrx_word' id='word_1_345' title='bbox 397 3167 546 3211; x_wconf 89' lang='lat' dir='ltr'><strong>nem</strong></span> <span class='ocrx_word' id='word_1_346' title='bbox 587 3149 941 3231; x_wconf 77' lang='lat' dir='ltr'><strong>JuugimuS,</strong></span> <span class='ocrx_word' id='word_1_347' title='bbox 984 3149 1462 3232; x_wconf 85' lang='lat' dir='ltr'><strong>percussionem</strong></span> <span class='ocrx_word' id='word_1_348' title='bbox 1507 3149 1902 3233; x_wconf 86' lang='lat' dir='ltr'><strong>percussioni</strong></span> 
     </span>
     <span class='ocr_line' id='line_1_52' title="bbox 397 3247 740 3311; baseline 0 -2"><span class='ocrx_word' id='word_1_349' title='bbox 397 3247 740 3311; x_wconf 80' lang='lat' dir='ltr'><strong>sociemus,</strong></span> 
     </span>
    </p>

    <p class='ocr_par' dir='ltr' id='par_1_13' title="bbox 395 3348 1901 4215">
     <span class='ocr_line' id='line_1_53' title="bbox 479 3348 1901 3425; baseline 0.001 -17"><span class='ocrx_word' id='word_1_350' title='bbox 479 3350 565 3408; x_wconf 75' lang='lat' dir='ltr'><strong>Et</strong></span> <span class='ocrx_word' id='word_1_351' title='bbox 586 3350 897 3408; x_wconf 85' lang='lat' dir='ltr'><strong>carnibus</strong></span> <span class='ocrx_word' id='word_1_352' title='bbox 917 3350 1075 3409; x_wconf 84' lang='lat' dir='ltr'><strong>meis</strong></span> <span class='ocrx_word' id='word_1_353' title='bbox 1093 3350 1516 3419; x_wconf 81' lang='lat' dir='ltr'><strong>saturamini,</strong></span> <span class='ocrx_word' id='word_1_354' title='bbox 1539 3348 1600 3409; x_wconf 91' lang='lat' dir='ltr'><strong>id</strong></span> <span class='ocrx_word' id='word_1_355' title='bbox 1631 3356 1748 3425; x_wconf 88' lang='lat' dir='ltr'><strong>est,</strong></span> <span class='ocrx_word' id='word_1_356' title='bbox 1769 3366 1901 3411; x_wconf 87' lang='lat' dir='ltr'><strong>cor-</strong></span> 
     </span>
     <span class='ocr_line' id='line_1_54' title="bbox 396 3444 1898 3527; baseline 0 -20"><span class='ocrx_word' id='word_1_357' title='bbox 396 3444 572 3526; x_wconf 88' lang='lat' dir='ltr'><strong>poris</strong></span> <span class='ocrx_word' id='word_1_358' title='bbox 617 3444 742 3507; x_wconf 90' lang='lat' dir='ltr'><strong>mei</strong></span> <span class='ocrx_word' id='word_1_359' title='bbox 787 3444 1114 3508; x_wconf 92' lang='lat' dir='ltr'><strong>doloribus</strong></span> <span class='ocrx_word' id='word_1_360' title='bbox 1148 3446 1578 3522; x_wconf 87' lang='lat' dir='ltr'><strong>delectamini,</strong></span> <span class='ocrx_word' id='word_1_361' title='bbox 1613 3454 1676 3509; x_wconf 88' lang='lat' dir='ltr'><strong>et</strong></span> <span class='ocrx_word' id='word_1_362' title='bbox 1715 3446 1898 3527; x_wconf 88' lang='lat' dir='ltr'><strong>quasi</strong></span> 
     </span>
     <span class='ocr_line' id='line_1_55' title="bbox 399 3542 1896 3628; baseline 0.003 -25"><span class='ocrx_word' id='word_1_363' title='bbox 399 3542 799 3605; x_wconf 77' lang='lat' dir='ltr'><strong>reficimini?</strong></span> <span class='ocrx_word' id='word_1_364' title='bbox 829 3544 984 3625; x_wconf 87' lang='lat' dir='ltr'><strong>quia</strong></span> <span class='ocrx_word' id='word_1_365' title='bbox 1011 3552 1307 3627; x_wconf 89' lang='lat' dir='ltr'><strong>putantes</strong></span> <span class='ocrx_word' id='word_1_366' title='bbox 1337 3564 1441 3607; x_wconf 88' lang='lat' dir='ltr'><strong>me</strong></span> <span class='ocrx_word' id='word_1_367' title='bbox 1474 3564 1590 3628; x_wconf 91' lang='lat' dir='ltr'><strong>pro</strong></span> <span class='ocrx_word' id='word_1_368' title='bbox 1619 3545 1896 3628; x_wconf 87' lang='lat' dir='ltr'><strong>peccatis</strong></span> 
     </span>
     <span class='ocr_line' id='line_1_56' title="bbox 396 3642 1891 3728; baseline 0.001 -25"><span class='ocrx_word' id='word_1_369' title='bbox 396 3642 558 3704; x_wconf 87' lang='lat' dir='ltr'><strong>meis</strong></span> <span class='ocrx_word' id='word_1_370' title='bbox 607 3660 1003 3724; x_wconf 89' lang='lat' dir='ltr'><strong>percussum,</strong></span> <span class='ocrx_word' id='word_1_371' title='bbox 1039 3662 1158 3706; x_wconf 88' lang='lat' dir='ltr'><strong>nec</strong></span> <span class='ocrx_word' id='word_1_372' title='bbox 1197 3652 1408 3728; x_wconf 87' lang='lat' dir='ltr'><strong>tamen</strong></span> <span class='ocrx_word' id='word_1_373' title='bbox 1451 3643 1891 3726; x_wconf 87' lang='lat' dir='ltr'><strong>poenitentem‚</strong></span> 
     </span>
     <span class='ocr_line' id='line_1_57' title="bbox 397 3740 1897 3824; baseline 0.003 -23"><span class='ocrx_word' id='word_1_374' title='bbox 397 3740 506 3803; x_wconf 91' lang='lat' dir='ltr'><strong>sed</strong></span> <span class='ocrx_word' id='word_1_375' title='bbox 542 3740 910 3803; x_wconf 88' lang='lat' dir='ltr'><strong>induratum</strong></span> <span class='ocrx_word' id='word_1_376' title='bbox 945 3750 1134 3822; x_wconf 88' lang='lat' dir='ltr'><strong>atque</strong></span> <span class='ocrx_word' id='word_1_377' title='bbox 1165 3741 1632 3824; x_wconf 88' lang='lat' dir='ltr'><strong>blasphemum,</strong></span> <span class='ocrx_word' id='word_1_378' title='bbox 1665 3744 1897 3822; x_wconf 82' lang='lat' dir='ltr'><strong>gaude-</strong></span> 
     </span>
     <span class='ocr_line' id='line_1_58' title="bbox 398 3838 1898 3922; baseline 0.001 -22"><span class='ocrx_word' id='word_1_379' title='bbox 398 3838 478 3900; x_wconf 87' lang='lat' dir='ltr'><strong>tis</strong></span> <span class='ocrx_word' id='word_1_380' title='bbox 509 3838 590 3901; x_wconf 93' lang='lat' dir='ltr'><strong>de</strong></span> <span class='ocrx_word' id='word_1_381' title='bbox 618 3839 779 3901; x_wconf 90' lang='lat' dir='ltr'><strong>meis</strong></span> <span class='ocrx_word' id='word_1_382' title='bbox 815 3840 1044 3921; x_wconf 83' lang='lat' dir='ltr'><strong>poeniS,</strong></span> <span class='ocrx_word' id='word_1_383' title='bbox 1078 3841 1254 3902; x_wconf 89' lang='lat' dir='ltr'><strong>velut</strong></span> <span class='ocrx_word' id='word_1_384' title='bbox 1293 3841 1528 3903; x_wconf 72' lang='lat' dir='ltr'><strong>divium</strong></span> <span class='ocrx_word' id='word_1_385' title='bbox 1567 3850 1898 3922; x_wconf 87' lang='lat' dir='ltr'><strong>congratu-</strong></span> 
     </span>
     <span class='ocr_line' id='line_1_59' title="bbox 398 3936 1892 4020; baseline 0.001 -22"><span class='ocrx_word' id='word_1_386' title='bbox 398 3936 602 3999; x_wconf 85' lang='lat' dir='ltr'><strong>lantes</strong></span> <span class='ocrx_word' id='word_1_387' title='bbox 647 3936 934 4017; x_wconf 82' lang='lat' dir='ltr'><strong>justitiae.</strong></span> <span class='ocrx_word' id='word_1_388' title='bbox 967 3938 1252 4020; x_wconf 82' lang='lat' dir='ltr'><strong>Insuper,</strong></span> <span class='ocrx_word' id='word_1_389' title='bbox 1293 3939 1472 4019; x_wconf 85' lang='lat' dir='ltr'><strong>juxta</strong></span> <span class='ocrx_word' id='word_1_390' title='bbox 1499 3938 1892 4018; x_wconf 83' lang='lat' dir='ltr'><strong>Gregorium,</strong></span> 
     </span>
     <span class='ocr_line' id='line_1_60' title="bbox 395 4033 1895 4117; baseline 0.002 -23"><span class='ocrx_word' id='word_1_391' title='bbox 395 4033 510 4115; x_wconf 90' lang='lat' dir='ltr'><strong>qui</strong></span> <span class='ocrx_word' id='word_1_392' title='bbox 533 4033 971 4115; x_wconf 86' lang='lat' dir='ltr'><strong>proximorum</strong></span> <span class='ocrx_word' id='word_1_393' title='bbox 993 4053 1214 4117; x_wconf 88' lang='lat' dir='ltr'><strong>poenas</strong></span> <span class='ocrx_word' id='word_1_394' title='bbox 1235 4036 1539 4113; x_wconf 86' lang='lat' dir='ltr'><strong>esuriunt,</strong></span> <span class='ocrx_word' id='word_1_395' title='bbox 1549 4046 1656 4098; x_wconf 90' lang='lat' dir='ltr'><strong>aut</strong></span> <span class='ocrx_word' id='word_1_396' title='bbox 1675 4036 1895 4098; x_wconf 85' lang='lat' dir='ltr'><strong>alienae</strong></span> 
     </span>
     <span class='ocr_line' id='line_1_61' title="bbox 395 4129 1894 4215; baseline 0.002 -24"><span class='ocrx_word' id='word_1_397' title='bbox 395 4129 544 4193; x_wconf 82' lang='lat' dir='ltr'><strong>vitae</strong></span> <span class='ocrx_word' id='word_1_398' title='bbox 577 4130 972 4195; x_wconf 90' lang='lat' dir='ltr'><strong>detractione</strong></span> <span class='ocrx_word' id='word_1_399' title='bbox 1000 4142 1370 4214; x_wconf 86' lang='lat' dir='ltr'><strong>pascuntur,</strong></span> <span class='ocrx_word' id='word_1_400' title='bbox 1406 4132 1634 4196; x_wconf 88' lang='lat' dir='ltr'><strong>alienis</strong></span> <span class='ocrx_word' id='word_1_401' title='bbox 1674 4132 1894 4215; x_wconf 89' lang='lat' dir='ltr'><strong>procul</strong></span> 
     </span>
    </p>
   </div>
   <div class='ocr_carea' id='block_1_12' title="bbox 2004 3154 3505 4221">
    <p class='ocr_par' dir='ltr' id='par_1_14' title="bbox 2005 3154 3505 3825">
     <span class='ocr_line' id='line_1_62' title="bbox 2011 3154 3505 3232; baseline 0.001 -21"><span class='ocrx_word' id='word_1_402' title='bbox 2011 3162 2367 3213; x_wconf 59' lang='lat' dir='ltr'><strong>efflarentur</strong></span> <span class='ocrx_word' id='word_1_403' title='bbox 2396 3154 2469 3213; x_wconf 82' lang='lat' dir='ltr'><strong>in</strong></span> <span class='ocrx_word' id='word_1_404' title='bbox 2502 3155 2664 3213; x_wconf 80' lang='lat' dir='ltr'><strong>libro</strong></span> <span class='ocrx_word' id='word_1_405' title='bbox 2692 3155 2839 3214; x_wconf 76' lang='lat' dir='ltr'><strong>stilo</strong></span> <span class='ocrx_word' id='word_1_406' title='bbox 2868 3154 3077 3230; x_wconf 83' lang='lat' dir='ltr'><strong>ferreo</strong></span> <span class='ocrx_word' id='word_1_407' title='bbox 3108 3164 3224 3214; x_wconf 81' lang='lat' dir='ltr'><strong>aut</strong></span> <span class='ocrx_word' id='word_1_408' title='bbox 3249 3157 3505 3232; x_wconf 83' lang='lat' dir='ltr'><strong>plumbi</strong></span> 
     </span>
     <span class='ocr_line' id='line_1_63' title="bbox 2013 3249 3505 3334; baseline 0.003 -24"><span class='ocrx_word' id='word_1_409' title='bbox 2013 3254 2315 3311; x_wconf 83' lang='lat' dir='ltr'><strong>lamina?</strong></span> <span class='ocrx_word' id='word_1_410' title='bbox 2342 3249 2516 3325; x_wconf 91' lang='lat' dir='ltr'><strong>Quod</strong></span> <span class='ocrx_word' id='word_1_411' title='bbox 2562 3271 2785 3313; x_wconf 91' lang='lat' dir='ltr'><strong>rursus</strong></span> <span class='ocrx_word' id='word_1_412' title='bbox 2826 3251 3169 3334; x_wconf 89' lang='lat' dir='ltr'><strong>dupliciter</strong></span> <span class='ocrx_word' id='word_1_413' title='bbox 3210 3253 3505 3334; x_wconf 88' lang='lat' dir='ltr'><strong>explana-</strong></span> 
     </span>
     <span class='ocr_line' id='line_1_64' title="bbox 2013 3350 3502 3427; baseline 0.003 -15"><span class='ocrx_word' id='word_1_414' title='bbox 2013 3360 2134 3413; x_wconf 90' lang='lat' dir='ltr'><strong>tur.</strong></span> <span class='ocrx_word' id='word_1_415' title='bbox 2170 3351 2401 3427; x_wconf 91' lang='lat' dir='ltr'><strong>Primo‚</strong></span> <span class='ocrx_word' id='word_1_416' title='bbox 2436 3351 2786 3413; x_wconf 78' lang='lat' dir='ltr'><strong>Exarentur</strong></span> <span class='ocrx_word' id='word_1_417' title='bbox 2818 3352 2883 3413; x_wconf 93' lang='lat' dir='ltr'><strong>in</strong></span> <span class='ocrx_word' id='word_1_418' title='bbox 2921 3351 3085 3414; x_wconf 89' lang='lat' dir='ltr'><strong>libro</strong></span> <span class='ocrx_word' id='word_1_419' title='bbox 3116 3351 3262 3414; x_wconf 89' lang='lat' dir='ltr'><strong>stilo</strong></span> <span class='ocrx_word' id='word_1_420' title='bbox 3294 3350 3502 3416; x_wconf 89' lang='lat' dir='ltr'><strong>ferreo</strong></span> 
     </span>
     <span class='ocr_line' id='line_1_65' title="bbox 2007 3448 3502 3531; baseline 0.002 -19"><span class='ocrx_word' id='word_1_421' title='bbox 2007 3458 2116 3512; x_wconf 87' lang='lat' dir='ltr'><strong>aut</strong></span> <span class='ocrx_word' id='word_1_422' title='bbox 2145 3448 2393 3531; x_wconf 88' lang='lat' dir='ltr'><strong>plumbi</strong></span> <span class='ocrx_word' id='word_1_423' title='bbox 2429 3449 2687 3524; x_wconf 88' lang='lat' dir='ltr'><strong>lamina,</strong></span> <span class='ocrx_word' id='word_1_424' title='bbox 2725 3449 2788 3511; x_wconf 93' lang='lat' dir='ltr'><strong>id</strong></span> <span class='ocrx_word' id='word_1_425' title='bbox 2820 3458 2915 3512; x_wconf 91' lang='grc' dir='ltr'><strong>θεῖ</strong></span> <span class='ocrx_word' id='word_1_426' title='bbox 2943 3450 3042 3511; x_wconf 91' lang='lat' dir='ltr'><strong>vel</strong></span> <span class='ocrx_word' id='word_1_427' title='bbox 3077 3450 3139 3511; x_wconf 90' lang='lat' dir='ltr'><strong>in</strong></span> <span class='ocrx_word' id='word_1_428' title='bbox 3174 3451 3282 3513; x_wconf 88' lang='lat' dir='ltr'><strong>tali</strong></span> <span class='ocrx_word' id='word_1_429' title='bbox 3312 3459 3502 3515; x_wconf 90' lang='lat' dir='ltr'><strong>mate-</strong></span> 
     </span>
     <span class='ocr_line' id='line_1_66' title="bbox 2007 3547 3495 3630; baseline 0.003 -22"><span class='ocrx_word' id='word_1_430' title='bbox 2007 3548 2122 3609; x_wconf 87' lang='lat' dir='ltr'><strong>ria.</strong></span> <span class='ocrx_word' id='word_1_431' title='bbox 2168 3547 2477 3623; x_wconf 89' lang='lat' dir='ltr'><strong>Secund0‚</strong></span> <span class='ocrx_word' id='word_1_432' title='bbox 2514 3547 2637 3609; x_wconf 87' lang='lat' dir='ltr'><strong>Aut</strong></span> <span class='ocrx_word' id='word_1_433' title='bbox 2676 3547 2925 3630; x_wconf 91' lang='lat' dir='ltr'><strong>plumbi</strong></span> <span class='ocrx_word' id='word_1_434' title='bbox 2973 3548 3230 3625; x_wconf 88' lang='lat' dir='ltr'><strong>lamina,</strong></span> <span class='ocrx_word' id='word_1_435' title='bbox 3265 3550 3328 3612; x_wconf 93' lang='lat' dir='ltr'><strong>id</strong></span> <span class='ocrx_word' id='word_1_436' title='bbox 3378 3559 3495 3627; x_wconf 92' lang='lat' dir='ltr'><strong>est,</strong></span> 
     </span>
     <span class='ocr_line' id='line_1_67' title="bbox 2007 3645 3499 3725; baseline 0.002 -17"><span class='ocrx_word' id='word_1_437' title='bbox 2007 3645 2370 3709; x_wconf 87' lang='lat' dir='ltr'><strong>scribantur</strong></span> <span class='ocrx_word' id='word_1_438' title='bbox 2418 3646 2484 3707; x_wconf 95' lang='lat' dir='ltr'><strong>in</strong></span> <span class='ocrx_word' id='word_1_439' title='bbox 2528 3645 2693 3709; x_wconf 89' lang='lat' dir='ltr'><strong>libro</strong></span> <span class='ocrx_word' id='word_1_440' title='bbox 2732 3665 2878 3709; x_wconf 89' lang='lat' dir='ltr'><strong>cum</strong></span> <span class='ocrx_word' id='word_1_441' title='bbox 2928 3646 3136 3711; x_wconf 89' lang='lat' dir='ltr'><strong>ferreo</strong></span> <span class='ocrx_word' id='word_1_442' title='bbox 3186 3648 3356 3725; x_wconf 90' lang='lat' dir='ltr'><strong>stilo,</strong></span> <span class='ocrx_word' id='word_1_443' title='bbox 3388 3658 3499 3711; x_wconf 91' lang='lat' dir='ltr'><strong>aut</strong></span> 
     </span>
     <span class='ocr_line' id='line_1_68' title="bbox 2005 3744 2770 3825; baseline -0.001 -18"><span class='ocrx_word' id='word_1_444' title='bbox 2005 3764 2152 3808; x_wconf 89' lang='lat' dir='ltr'><strong>cum</strong></span> <span class='ocrx_word' id='word_1_445' title='bbox 2185 3744 2480 3825; x_wconf 88' lang='lat' dir='ltr'><strong>plumbea</strong></span> <span class='ocrx_word' id='word_1_446' title='bbox 2513 3744 2770 3806; x_wconf 91' lang='lat' dir='ltr'><strong>lamina.</strong></span> 
     </span>
    </p>

    <p class='ocr_par' dir='ltr' id='par_1_15' title="bbox 2004 3844 3498 4221">
     <span class='ocr_line' id='line_1_69' title="bbox 2102 3844 3495 3921; baseline 0.004 -18"><span class='ocrx_word' id='word_1_447' title='bbox 2102 3848 2209 3903; x_wconf 79' lang='lat' dir='ltr'><strong>Vel</strong></span> <span class='ocrx_word' id='word_1_448' title='bbox 2227 3853 2391 3903; x_wconf 81' lang='lat' dir='ltr'><strong>certe</strong></span> <span class='ocrx_word' id='word_1_449' title='bbox 2407 3848 2794 3921; x_wconf 77' lang='lat' dir='ltr'><strong>sculpantur</strong></span> <span class='ocrx_word' id='word_1_450' title='bbox 2814 3846 2886 3904; x_wconf 86' lang='lat' dir='ltr'><strong>in</strong></span> <span class='ocrx_word' id='word_1_451' title='bbox 2913 3846 3114 3905; x_wconf 83' lang='lat' dir='ltr'><strong>silice.</strong></span> <span class='ocrx_word' id='word_1_452' title='bbox 3137 3844 3303 3907; x_wconf 81' lang='lat' dir='ltr'><strong>silex</strong></span> <span class='ocrx_word' id='word_1_453' title='bbox 3323 3846 3495 3909; x_wconf 83' lang='lat' dir='ltr'><strong>enim</strong></span> 
     </span>
     <span class='ocr_line' id='line_1_70' title="bbox 2005 3940 3498 4024; baseline 0.001 -20"><span class='ocrx_word' id='word_1_454' title='bbox 2005 3942 2170 4004; x_wconf 89' lang='lat' dir='ltr'><strong>sicut</strong></span> <span class='ocrx_word' id='word_1_455' title='bbox 2200 3940 2593 4004; x_wconf 78' lang='lat' dir='ltr'><strong>difficillime</strong></span> <span class='ocrx_word' id='word_1_456' title='bbox 2624 3942 2849 4024; x_wconf 86' lang='lat' dir='ltr'><strong>recipit</strong></span> <span class='ocrx_word' id='word_1_457' title='bbox 2882 3942 3383 4024; x_wconf 84' lang='lat' dir='ltr'><strong>inscriptionem,</strong></span> <span class='ocrx_word' id='word_1_458' title='bbox 3410 3944 3498 4006; x_wconf 90' lang='lat' dir='ltr'><strong>ita</strong></span> 
     </span>
     <span class='ocr_line' id='line_1_71' title="bbox 2004 4039 3494 4121; baseline 0.001 -20"><span class='ocrx_word' id='word_1_459' title='bbox 2004 4040 2363 4102; x_wconf 88' lang='lat' dir='ltr'><strong>diutissime</strong></span> <span class='ocrx_word' id='word_1_460' title='bbox 2411 4047 2581 4102; x_wconf 87' lang='lat' dir='ltr'><strong>tenet</strong></span> <span class='ocrx_word' id='word_1_461' title='bbox 2621 4058 2783 4102; x_wconf 90' lang='lat' dir='ltr'><strong>eam.</strong></span> <span class='ocrx_word' id='word_1_462' title='bbox 2819 4039 3035 4121; x_wconf 88' lang='lat' dir='ltr'><strong>Aliqui</strong></span> <span class='ocrx_word' id='word_1_463' title='bbox 3077 4039 3296 4119; x_wconf 84' lang='lat' dir='ltr'><strong>legunt</strong></span> <span class='ocrx_word' id='word_1_464' title='bbox 3331 4059 3345 4103; x_wconf 75' lang='grc' dir='ltr'><strong><em>ε</em></strong></span> <span class='ocrx_word' id='word_1_465' title='bbox 3382 4042 3494 4105; x_wconf 82' lang='lat' dir='ltr'><strong>Vel</strong></span> 
     </span>
     <span class='ocr_line' id='line_1_72' title="bbox 2005 4137 3496 4221; baseline 0.001 -19"><span class='ocrx_word' id='word_1_466' title='bbox 2005 4138 2168 4202; x_wconf 88' lang='lat' dir='ltr'><strong>celte</strong></span> <span class='ocrx_word' id='word_1_467' title='bbox 2198 4139 2591 4220; x_wconf 89' lang='lat' dir='ltr'><strong>sculpantur.</strong></span> <span class='ocrx_word' id='word_1_468' title='bbox 2606 4137 2971 4221; x_wconf 89' lang='lat' dir='ltr'><strong>Asseritque</strong></span> <span class='ocrx_word' id='word_1_469' title='bbox 2994 4139 3305 4217; x_wconf 76' lang='lat' dir='ltr'><strong>AlbertuS,</strong></span> <span class='ocrx_word' id='word_1_470' title='bbox 3326 4142 3496 4221; x_wconf 92' lang='lat' dir='ltr'><strong>quod</strong></span> 
     </span>
    </p>
   </div>
   <div class='ocr_carea' id='block_1_13' title="bbox 115 4228 3781 5397">
    <p class='ocr_par' dir='ltr' id='par_1_16' title="bbox 397 4228 3497 4319">
     <span class='ocr_line' id='line_1_73' title="bbox 397 4228 3497 4319; baseline 0.004 -28"><span class='ocrx_word' id='word_1_471' title='bbox 397 4228 597 4293; x_wconf 91' lang='lat' dir='ltr'><strong>dubio</strong></span> <span class='ocrx_word' id='word_1_472' title='bbox 631 4229 934 4293; x_wconf 85' lang='lat' dir='ltr'><strong>carnibus</strong></span> <span class='ocrx_word' id='word_1_473' title='bbox 969 4231 1302 4294; x_wconf 88' lang='lat' dir='ltr'><strong>satiantur.</strong></span> <span class='ocrx_word' id='word_1_474' title='bbox 1338 4231 1440 4295; x_wconf 92' lang='lat' dir='ltr'><strong>Sic</strong></span> <span class='ocrx_word' id='word_1_475' title='bbox 1481 4240 1544 4295; x_wconf 92' lang='lat' dir='ltr'><strong>et</strong></span> <span class='ocrx_word' id='word_1_476' title='bbox 1577 4232 1770 4296; x_wconf 89' lang='lat' dir='ltr'><strong>David</strong></span> <span class='ocrx_word' id='word_1_477' title='bbox 1805 4233 1895 4296; x_wconf 87' lang='lat' dir='ltr'><strong>ef·</strong></span> <span class='ocrx_word' id='word_1_478' title='bbox 1929 4236 1979 4298; x_wconf 90' lang='lat' dir='ltr'>D</span> <span class='ocrx_word' id='word_1_479' title='bbox 2007 4238 2169 4301; x_wconf 90' lang='lat' dir='ltr'><strong>celte</strong></span> <span class='ocrx_word' id='word_1_480' title='bbox 2191 4238 2273 4299; x_wconf 90' lang='lat' dir='ltr'><strong>sit</strong></span> <span class='ocrx_word' id='word_1_481' title='bbox 2295 4255 2527 4300; x_wconf 90' lang='lat' dir='ltr'><strong>nomen</strong></span> <span class='ocrx_word' id='word_1_482' title='bbox 2551 4237 3025 4313; x_wconf 89' lang='lat' dir='ltr'><strong>indeclinabile,</strong></span> <span class='ocrx_word' id='word_1_483' title='bbox 3045 4238 3385 4319; x_wconf 87' lang='lat' dir='ltr'><strong>designans</strong></span> <span class='ocrx_word' id='word_1_484' title='bbox 3406 4240 3497 4301; x_wconf 90' lang='lat' dir='ltr'><strong>in·</strong></span> 
     </span>
    </p>

    <p class='ocr_par' dir='ltr' id='par_1_17' title="bbox 398 4328 3497 4419">
     <span class='ocr_line' id='line_1_74' title="bbox 398 4328 3497 4419; baseline 0.003 -29"><span class='ocrx_word' id='word_1_485' title='bbox 398 4328 572 4391; x_wconf 88' lang='lat' dir='ltr'><strong>fatur</strong></span> <span class='ocrx_word' id='word_1_486' title='bbox 606 4347 621 4390; x_wconf 74' lang='grc' dir='ltr'>ε</span> <span class='ocrx_word' id='word_1_487' title='bbox 654 4330 811 4392; x_wconf 90' lang='lat' dir='ltr'><strong>Dum</strong></span> <span class='ocrx_word' id='word_1_488' title='bbox 851 4330 1234 4413; x_wconf 88' lang='lat' dir='ltr'><strong>appropiant</strong></span> <span class='ocrx_word' id='word_1_489' title='bbox 1271 4350 1463 4413; x_wconf 88' lang='lat' dir='ltr'><strong>super</strong></span> <span class='ocrx_word' id='word_1_490' title='bbox 1518 4351 1620 4395; x_wconf 91' lang='lat' dir='ltr'><strong>me</strong></span> <span class='ocrx_word' id='word_1_491' title='bbox 1663 4350 1897 4395; x_wconf 90' lang='lat' dir='ltr'><strong>nocen-</strong></span> <span class='ocrx_word' id='word_1_492' title='bbox 2005 4342 2431 4397; x_wconf 86' lang='lat' dir='ltr'><strong>strumentum</strong></span> <span class='ocrx_word' id='word_1_493' title='bbox 2461 4336 2871 4412; x_wconf 61' lang='lat' dir='ltr'><strong>caementarii,</strong></span> <span class='ocrx_word' id='word_1_494' title='bbox 2908 4355 3035 4416; x_wconf 90' lang='lat' dir='ltr'><strong>quo</strong></span> <span class='ocrx_word' id='word_1_495' title='bbox 3067 4336 3309 4419; x_wconf 86' lang='lat' dir='ltr'><strong>lapides</strong></span> <span class='ocrx_word' id='word_1_496' title='bbox 3340 4338 3497 4401; x_wconf 90' lang='lat' dir='ltr'><strong>scul-</strong></span> 
     </span>
    </p>

    <p class='ocr_par' dir='ltr' id='par_1_18' title="bbox 399 4428 3493 4515">
     <span class='ocr_line' id='line_1_75' title="bbox 399 4428 3493 4515; baseline 0.004 -27"><span class='ocrx_word' id='word_1_497' title='bbox 399 4434 512 4503; x_wconf 83' lang='grc' dir='ltr'>ῖθε,</span> <span class='ocrx_word' id='word_1_498' title='bbox 548 4436 620 4489; x_wconf 86' lang='lat' dir='ltr'><strong>ut</strong></span> <span class='ocrx_word' id='word_1_499' title='bbox 659 4428 850 4490; x_wconf 89' lang='lat' dir='ltr'><strong>edant</strong></span> <span class='ocrx_word' id='word_1_500' title='bbox 890 4448 1112 4492; x_wconf 87' lang='lat' dir='ltr'><strong>carnes</strong></span> <span class='ocrx_word' id='word_1_501' title='bbox 1155 4450 1350 4493; x_wconf 91' lang='lat' dir='ltr'><strong>meas.</strong></span> <span class='ocrx_word' id='word_1_502' title='bbox 1385 4430 1470 4492; x_wconf 90' lang='lat' dir='ltr'><strong>De</strong></span> <span class='ocrx_word' id='word_1_503' title='bbox 1511 4430 1743 4492; x_wconf 88' lang='lat' dir='ltr'><strong>talibus</strong></span> <span class='ocrx_word' id='word_1_504' title='bbox 1783 4432 1896 4493; x_wconf 86' lang='lat' dir='ltr'><strong>Do·</strong></span> <span class='ocrx_word' id='word_1_505' title='bbox 2004 4442 2245 4515; x_wconf 89' lang='lat' dir='ltr'><strong>puntur</strong></span> <span class='ocrx_word' id='word_1_506' title='bbox 2285 4433 2633 4495; x_wconf 89' lang='lat' dir='ltr'><strong>durissimi.</strong></span> <span class='ocrx_word' id='word_1_507' title='bbox 2682 4435 2872 4497; x_wconf 88' lang='lat' dir='ltr'><strong>Porro</strong></span> <span class='ocrx_word' id='word_1_508' title='bbox 2916 4435 2981 4497; x_wconf 92' lang='lat' dir='ltr'><strong>in</strong></span> <span class='ocrx_word' id='word_1_509' title='bbox 3024 4435 3493 4500; x_wconf 85' lang='lat' dir='ltr'><strong>Mammotractu</strong></span> 
     </span>
    </p>

    <p class='ocr_par' dir='ltr' id='par_1_19' title="bbox 115 4524 3781 5397">
     <span class='ocr_line' id='line_1_76' title="bbox 115 4524 3495 4614; baseline 0.006 -37"><span class='ocrx_word' id='word_1_510' title='bbox 115 4533 364 4588; x_wconf 59' lang='grc' dir='ltr'><em>Μειιωιω.</em></span> <span class='ocrx_word' id='word_1_511' title='bbox 395 4524 610 4587; x_wconf 85' lang='lat' dir='ltr'><strong>minus</strong></span> <span class='ocrx_word' id='word_1_512' title='bbox 639 4526 732 4588; x_wconf 90' lang='lat' dir='ltr'><strong>ait</strong></span> <span class='ocrx_word' id='word_1_513' title='bbox 770 4526 836 4587; x_wconf 90' lang='lat' dir='ltr'><strong>in</strong></span> <span class='ocrx_word' id='word_1_514' title='bbox 869 4526 1124 4591; x_wconf 77' lang='lat' dir='ltr'><strong>Michaea</strong></span> <span class='ocrx_word' id='word_1_515' title='bbox 1158 4546 1172 4589; x_wconf 90' lang='lat'>:</span> <span class='ocrx_word' id='word_1_516' title='bbox 1206 4528 1474 4590; x_wconf 90' lang='lat' dir='ltr'><strong>Carnem</strong></span> <span class='ocrx_word' id='word_1_517' title='bbox 1513 4528 1735 4610; x_wconf 88' lang='lat' dir='ltr'><strong>populi</strong></span> <span class='ocrx_word' id='word_1_518' title='bbox 1766 4530 1892 4593; x_wconf 90' lang='lat' dir='ltr'><strong>mei</strong></span> <span class='ocrx_word' id='word_1_519' title='bbox 2003 4531 2221 4594; x_wconf 80' lang='lat' dir='ltr'><strong>Bibliae</strong></span> <span class='ocrx_word' id='word_1_520' title='bbox 2249 4531 2501 4610; x_wconf 83' lang='lat' dir='ltr'><strong>legitur,</strong></span> <span class='ocrx_word' id='word_1_521' title='bbox 2533 4533 2705 4614; x_wconf 91' lang='lat' dir='ltr'><strong>quod</strong></span> <span class='ocrx_word' id='word_1_522' title='bbox 2747 4532 2908 4596; x_wconf 89' lang='lat' dir='ltr'><strong>celte</strong></span> <span class='ocrx_word' id='word_1_523' title='bbox 2938 4533 3019 4595; x_wconf 92' lang='lat' dir='ltr'><strong>sit</strong></span> <span class='ocrx_word' id='word_1_524' title='bbox 3058 4534 3397 4612; x_wconf 81' lang='lat' dir='ltr'><strong>ablativuS‚</strong></span> <span class='ocrx_word' id='word_1_525' title='bbox 3432 4544 3495 4600; x_wconf 87' lang='lat' dir='ltr'><strong>et</strong></span> 
     </span>
     <span class='ocr_line' id='line_1_77' title="bbox 393 4625 3494 4714; baseline 0.003 -27"><span class='ocrx_word' id='word_1_526' title='bbox 393 4625 836 4701; x_wconf 88' lang='lat' dir='ltr'><strong>comederunt,</strong></span> <span class='ocrx_word' id='word_1_527' title='bbox 872 4632 934 4687; x_wconf 92' lang='lat' dir='ltr'><strong>et</strong></span> <span class='ocrx_word' id='word_1_528' title='bbox 963 4626 1194 4707; x_wconf 88' lang='lat' dir='ltr'><strong>pellem</strong></span> <span class='ocrx_word' id='word_1_529' title='bbox 1232 4628 1507 4709; x_wconf 90' lang='lat' dir='ltr'><strong>desuper</strong></span> <span class='ocrx_word' id='word_1_530' title='bbox 1535 4628 1892 4692; x_wconf 87' lang='lat' dir='ltr'><strong>excoriave-</strong></span> <span class='ocrx_word' id='word_1_531' title='bbox 2001 4631 2376 4706; x_wconf 90' lang='lat' dir='ltr'><strong>declinetur,</strong></span> <span class='ocrx_word' id='word_1_532' title='bbox 2410 4630 2614 4709; x_wconf 80' lang='lat' dir='ltr'><strong>celtiS,</strong></span> <span class='ocrx_word' id='word_1_533' title='bbox 2658 4631 2862 4709; x_wconf 81' lang='lat' dir='ltr'><strong>celtiS,</strong></span> <span class='ocrx_word' id='word_1_534' title='bbox 2898 4633 3044 4696; x_wconf 89' lang='lat' dir='ltr'><strong>celti</strong></span> <span class='ocrx_word' id='word_1_535' title='bbox 3075 4658 3089 4707; x_wconf 89' lang='lat'><strong>;</strong></span> <span class='ocrx_word' id='word_1_536' title='bbox 3140 4633 3494 4714; x_wconf 87' lang='lat' dir='ltr'><strong>significet-</strong></span> 
     </span>
     <span class='ocr_line' id='line_1_78' title="bbox 395 4723 3490 4811; baseline 0.004 -27"><span class='ocrx_word' id='word_1_537' title='bbox 395 4731 564 4784; x_wconf 87' lang='lat' dir='ltr'><strong>runt.</strong></span> <span class='ocrx_word' id='word_1_538' title='bbox 602 4723 876 4785; x_wconf 86' lang='lat' dir='ltr'><strong>Thomas</strong></span> <span class='ocrx_word' id='word_1_539' title='bbox 923 4742 1178 4805; x_wconf 90' lang='lat' dir='ltr'><strong>quoque</strong></span> <span class='ocrx_word' id='word_1_540' title='bbox 1220 4724 1529 4803; x_wconf 73' lang='lat' dir='ltr'><strong>affirmat,</strong></span> <span class='ocrx_word' id='word_1_541' title='bbox 1574 4728 1746 4807; x_wconf 92' lang='lat' dir='ltr'><strong>quod</strong></span> <span class='ocrx_word' id='word_1_542' title='bbox 1787 4728 1892 4790; x_wconf 91' lang='lat' dir='ltr'><strong>de-</strong></span> <span class='ocrx_word' id='word_1_543' title='bbox 1999 4749 2126 4811; x_wconf 89' lang='lat' dir='ltr'><strong>que</strong></span> <span class='ocrx_word' id='word_1_544' title='bbox 2158 4728 2433 4792; x_wconf 89' lang='lat' dir='ltr'><strong>ferreum</strong></span> <span class='ocrx_word' id='word_1_545' title='bbox 2467 4729 2960 4793; x_wconf 81' lang='lat' dir='ltr'><strong>instrumentum</strong></span> <span class='ocrx_word' id='word_1_546' title='bbox 2995 4732 3383 4795; x_wconf 83' lang='lat' dir='ltr'><strong>conveniens</strong></span> <span class='ocrx_word' id='word_1_547' title='bbox 3411 4735 3490 4795; x_wconf 89' lang='lat' dir='ltr'><strong>ad</strong></span> 
     </span>
     <span class='ocr_line' id='line_1_79' title="bbox 395 4821 3493 4914; baseline 0.004 -34"><span class='ocrx_word' id='word_1_548' title='bbox 395 4828 698 4883; x_wconf 87' lang='lat' dir='ltr'><strong>tractores</strong></span> <span class='ocrx_word' id='word_1_549' title='bbox 743 4821 1043 4883; x_wconf 89' lang='lat' dir='ltr'><strong>carnibus</strong></span> <span class='ocrx_word' id='word_1_550' title='bbox 1083 4822 1378 4885; x_wconf 89' lang='lat' dir='ltr'><strong>humanis</strong></span> <span class='ocrx_word' id='word_1_551' title='bbox 1423 4824 1680 4907; x_wconf 91' lang='lat' dir='ltr'><strong>proprie</strong></span> <span class='ocrx_word' id='word_1_552' title='bbox 1718 4826 1889 4889; x_wconf 84' lang='lat' dir='ltr'><strong>vesci</strong></span> <span class='ocrx_word' id='word_1_553' title='bbox 1998 4828 2442 4910; x_wconf 89' lang='lat' dir='ltr'><strong>sculpendum.</strong></span> <span class='ocrx_word' id='word_1_554' title='bbox 2474 4828 2657 4890; x_wconf 85' lang='lat' dir='ltr'><strong>Juxta</strong></span> <span class='ocrx_word' id='word_1_555' title='bbox 2700 4827 2871 4891; x_wconf 88' lang='lat' dir='ltr'><strong>hunc</strong></span> <span class='ocrx_word' id='word_1_556' title='bbox 2903 4830 3163 4892; x_wconf 89' lang='lat' dir='ltr'><strong>modum</strong></span> <span class='ocrx_word' id='word_1_557' title='bbox 3202 4831 3493 4914; x_wconf 80' lang='lat' dir='ltr'><strong>praecipit</strong></span> 
     </span>
     <span class='ocr_line' id='line_1_80' title="bbox 392 4917 3781 5011; baseline 0.004 -33"><span class='ocrx_word' id='word_1_558' title='bbox 392 4917 716 4980; x_wconf 89' lang='lat' dir='ltr'><strong>dicuntur.</strong></span> <span class='ocrx_word' id='word_1_559' title='bbox 769 4918 978 5000; x_wconf 88' lang='lat' dir='ltr'><strong>Atque</strong></span> <span class='ocrx_word' id='word_1_560' title='bbox 1028 4920 1322 4984; x_wconf 89' lang='lat' dir='ltr'><strong>Albertus</strong></span> <span class='ocrx_word' id='word_1_561' title='bbox 1375 4941 1390 4985; x_wconf 73' lang='grc' dir='ltr'><em>τ</em></span> <span class='ocrx_word' id='word_1_562' title='bbox 1441 4922 1559 4998; x_wconf 90' lang='lat' dir='ltr'><strong>Qui</strong></span> <span class='ocrx_word' id='word_1_563' title='bbox 1608 4943 1884 5007; x_wconf 86' lang='lat' dir='ltr'><strong>poenam,</strong></span> <span class='ocrx_word' id='word_1_564' title='bbox 1998 4927 2301 4990; x_wconf 90' lang='lat' dir='ltr'><strong>Dominus</strong></span> <span class='ocrx_word' id='word_1_565' title='bbox 2348 4928 2639 4991; x_wconf 88' lang='lat' dir='ltr'><strong>Habacuc</strong></span> <span class='ocrx_word' id='word_1_566' title='bbox 2690 4929 3015 5011; x_wconf 81' lang='lat' dir='ltr'><strong>prophetae</strong></span> <span class='ocrx_word' id='word_1_567' title='bbox 3065 4947 3079 4991; x_wconf 90' lang='lat'>:</span> <span class='ocrx_word' id='word_1_568' title='bbox 3134 4929 3351 4993; x_wconf 91' lang='lat' dir='ltr'><strong>Scribe</strong></span> <span class='ocrx_word' id='word_1_569' title='bbox 3399 4932 3492 4994; x_wconf 86' lang='lat' dir='ltr'><strong>vi-</strong></span> <span class='ocrx_word' id='word_1_570' title='bbox 3544 4960 3781 5005; x_wconf 51' lang='lat' dir='ltr'><strong>gaham,</strong></span> 
     </span>
     <span class='ocr_line' id='line_1_81' title="bbox 394 5016 3559 5108; baseline 0.004 -31"><span class='ocrx_word' id='word_1_571' title='bbox 394 5016 628 5098; x_wconf 90' lang='lat' dir='ltr'><strong>inquit,</strong></span> <span class='ocrx_word' id='word_1_572' title='bbox 663 5024 854 5097; x_wconf 83' lang='lat' dir='ltr'><strong>auget</strong></span> <span class='ocrx_word' id='word_1_573' title='bbox 895 5016 1169 5095; x_wconf 88' lang='lat' dir='ltr'><strong>afflicto,</strong></span> <span class='ocrx_word' id='word_1_574' title='bbox 1209 5029 1529 5084; x_wconf 89' lang='lat' dir='ltr'><strong>saturatur</strong></span> <span class='ocrx_word' id='word_1_575' title='bbox 1561 5042 1632 5084; x_wconf 90' lang='lat' dir='ltr'><strong>ac</strong></span> <span class='ocrx_word' id='word_1_576' title='bbox 1678 5023 1890 5086; x_wconf 88' lang='lat' dir='ltr'><strong>refici·</strong></span> <span class='ocrx_word' id='word_1_577' title='bbox 1997 5045 2161 5099; x_wconf 91' lang='lat' dir='ltr'><strong>sum,</strong></span> <span class='ocrx_word' id='word_1_578' title='bbox 2206 5034 2269 5087; x_wconf 90' lang='lat' dir='ltr'><strong>et</strong></span> <span class='ocrx_word' id='word_1_579' title='bbox 2314 5026 2581 5107; x_wconf 86' lang='lat' dir='ltr'><strong>explana</strong></span> <span class='ocrx_word' id='word_1_580' title='bbox 2631 5045 2777 5088; x_wconf 89' lang='lat' dir='ltr'><strong>eum</strong></span> <span class='ocrx_word' id='word_1_581' title='bbox 2826 5043 3016 5108; x_wconf 89' lang='lat' dir='ltr'><strong>super</strong></span> <span class='ocrx_word' id='word_1_582' title='bbox 3064 5027 3367 5105; x_wconf 85' lang='lat' dir='ltr'><strong>tabulam,</strong></span> <span class='ocrx_word' id='word_1_583' title='bbox 3418 5038 3489 5091; x_wconf 93' lang='lat' dir='ltr'><strong>ut</strong></span> <span class='ocrx_word' id='word_1_584' title='bbox 3518 5026 3559 5066; x_wconf 76' lang='lat'><strong>²·</strong></span> 
     </span>
     <span class='ocr_line' id='line_1_82' title="bbox 393 5116 3489 5207; baseline 0.005 -32"><span class='ocrx_word' id='word_1_585' title='bbox 393 5122 496 5176; x_wconf 91' lang='lat' dir='ltr'><strong>tur</strong></span> <span class='ocrx_word' id='word_1_586' title='bbox 525 5116 734 5197; x_wconf 90' lang='lat' dir='ltr'><strong>poenis</strong></span> <span class='ocrx_word' id='word_1_587' title='bbox 765 5116 930 5197; x_wconf 78' lang='lat' dir='ltr'><strong>ejus,</strong></span> <span class='ocrx_word' id='word_1_588' title='bbox 955 5117 1171 5198; x_wconf 87' lang='lat' dir='ltr'><strong>Itaque</strong></span> <span class='ocrx_word' id='word_1_589' title='bbox 1191 5119 1571 5201; x_wconf 84' lang='lat' dir='ltr'><strong>compassivi</strong></span> <span class='ocrx_word' id='word_1_590' title='bbox 1605 5121 1803 5182; x_wconf 91' lang='lat' dir='ltr'><strong>simus</strong></span> <span class='ocrx_word' id='word_1_591' title='bbox 1826 5132 1888 5185; x_wconf 90' lang='lat' dir='ltr'><strong>et</strong></span> <span class='ocrx_word' id='word_1_592' title='bbox 1995 5132 2321 5207; x_wconf 88' lang='lat' dir='ltr'><strong>percurrat</strong></span> <span class='ocrx_word' id='word_1_593' title='bbox 2369 5124 2479 5205; x_wconf 91' lang='lat' dir='ltr'><strong>qui</strong></span> <span class='ocrx_word' id='word_1_594' title='bbox 2532 5124 2754 5203; x_wconf 86' lang='lat' dir='ltr'><strong>legerit</strong></span> <span class='ocrx_word' id='word_1_595' title='bbox 2798 5144 2966 5187; x_wconf 88' lang='lat' dir='ltr'><strong>eum.</strong></span> <span class='ocrx_word' id='word_1_596' title='bbox 3014 5126 3185 5188; x_wconf 84' lang='lat' dir='ltr'><strong>lsaiae</strong></span> <span class='ocrx_word' id='word_1_597' title='bbox 3233 5144 3489 5207; x_wconf 90' lang='lat' dir='ltr'><strong>quoque</strong></span> 
     </span>
     <span class='ocr_line' id='line_1_83' title="bbox 392 5213 3762 5305; baseline 0.006 -30"><span class='ocrx_word' id='word_1_598' title='bbox 392 5213 816 5293; x_wconf 78' lang='lat' dir='ltr'><strong>ignoscenteS,</strong></span> <span class='ocrx_word' id='word_1_599' title='bbox 851 5234 968 5278; x_wconf 89' lang='lat' dir='ltr'><strong>nec</strong></span> <span class='ocrx_word' id='word_1_600' title='bbox 1012 5216 1284 5279; x_wconf 88' lang='lat' dir='ltr'><strong>aliorum</strong></span> <span class='ocrx_word' id='word_1_601' title='bbox 1321 5217 1742 5282; x_wconf 82' lang='lat' dir='ltr'><strong>afflictionem</strong></span> <span class='ocrx_word' id='word_1_602' title='bbox 1776 5238 1887 5302; x_wconf 90' lang='lat' dir='ltr'><strong>op-</strong></span> <span class='ocrx_word' id='word_1_603' title='bbox 1990 5222 2254 5303; x_wconf 88' lang='lat' dir='ltr'><strong>jubetur</strong></span> <span class='ocrx_word' id='word_1_604' title='bbox 2302 5239 2316 5282; x_wconf 75' lang='grc' dir='ltr'>ε</span> <span class='ocrx_word' id='word_1_605' title='bbox 2357 5221 2547 5285; x_wconf 88' lang='lat' dir='ltr'><strong>Sume</strong></span> <span class='ocrx_word' id='word_1_606' title='bbox 2598 5221 2713 5283; x_wconf 92' lang='lat' dir='ltr'><strong>tibi</strong></span> <span class='ocrx_word' id='word_1_607' title='bbox 2764 5222 2999 5285; x_wconf 88' lang='lat' dir='ltr'><strong>librum</strong></span> <span class='ocrx_word' id='word_1_608' title='bbox 3046 5225 3372 5305; x_wconf 82' lang='lat' dir='ltr'><strong>grandem,</strong></span> <span class='ocrx_word' id='word_1_609' title='bbox 3426 5232 3489 5289; x_wconf 86' lang='lat' dir='ltr'><strong>et</strong></span> <span class='ocrx_word' id='word_1_610' title='bbox 3532 5250 3762 5302; x_wconf 48' lang='lat' dir='ltr'><strong>namn.</strong></span> 
     </span>
     <span class='ocr_line' id='line_1_84' title="bbox 391 5314 2444 5397; baseline 0.004 -24"><span class='ocrx_word' id='word_1_611' title='bbox 391 5318 622 5390; x_wconf 80' lang='lat' dir='ltr'><strong>temuS,</strong></span> <span class='ocrx_word' id='word_1_612' title='bbox 655 5331 766 5377; x_wconf 90' lang='lat' dir='ltr'><strong>seu</strong></span> <span class='ocrx_word' id='word_1_613' title='bbox 803 5314 1230 5397; x_wconf 89' lang='lat' dir='ltr'><strong>approbemus</strong></span> <span class='ocrx_word' id='word_1_614' title='bbox 1273 5324 1344 5377; x_wconf 86' lang='lat' dir='ltr'><strong>ut</strong></span> <span class='ocrx_word' id='word_1_615' title='bbox 1389 5334 1580 5397; x_wconf 87' lang='lat' dir='ltr'><strong>poena</strong></span> <span class='ocrx_word' id='word_1_616' title='bbox 1620 5326 1736 5395; x_wconf 88' lang='lat' dir='ltr'><strong>est,</strong></span> <span class='ocrx_word' id='word_1_617' title='bbox 1772 5319 1882 5381; x_wconf 88' lang='lat' dir='ltr'><strong>sed</strong></span> <span class='ocrx_word' id='word_1_618' title='bbox 1990 5319 2201 5383; x_wconf 88' lang='lat' dir='ltr'><strong>scribe</strong></span> <span class='ocrx_word' id='word_1_619' title='bbox 2240 5319 2307 5381; x_wconf 89' lang='lat' dir='ltr'><strong>in</strong></span> <span class='ocrx_word' id='word_1_620' title='bbox 2347 5338 2444 5383; x_wconf 79' lang='lat' dir='ltr'><strong>eo,</strong></span> 
     </span>
    </p>
   </div>
   <div class='ocr_carea' id='block_1_14' title="bbox 115 4344 368 4400">
    <p class='ocr_par' dir='ltr' id='par_1_20' title="bbox 115 4344 368 4400">
     <span class='ocr_line' id='line_1_85' title="bbox 115 4344 368 4400; baseline 0.036 -15"><span class='ocrx_word' id='word_1_621' title='bbox 115 4344 184 4387; x_wconf 69' lang='lat' dir='ltr'><strong>Pa.</strong></span> <span class='ocrx_word' id='word_1_622' title='bbox 199 4360 306 4400; x_wconf 69' lang='lat' dir='ltr'><strong>xxvi,</strong></span> <span class='ocrx_word' id='word_1_623' title='bbox 323 4352 368 4394; x_wconf 79' lang='lat'><strong>2.</strong></span> 
     </span>
    </p>
   </div>
  </div>
 </body>
</html>
