4309 6259
885 498 1002 564 372

1741 515 2087 563 ENARnA‘rlo
2127 516 2190 561 IN
2233 512 2369 560 cAP.
2416 512 2477 558 lv
2517 512 2643 557 1013.
2690 532 2771 541 —
2812 512 2953 557 ΛΒΤ.
3000 512 3106 557 xlv

886 690 1022 769 ejus
1053 696 1162 749 aut
1189 688 1540 768 angeli,vel
1572 687 1654 750 ob
1685 684 2212 749 comminationes
2236 702 2377 765 quae
2406 682 2457 743 A
2486 682 2829 764 praebeant,
2864 681 3030 743 sicut
3076 688 3141 743 et
3181 680 3465 743 Christus
3514 700 3629 742 sua
3674 678 3965 761 passione

885 785 1484 868 praefigurabantur.
1509 787 1852 862 Postremo,
1871 784 2221 847 secundum
2241 782 2381 844 Gre-

883 885 1157 964 gorium,
1207 903 1321 966 per
1361 885 1591 947 Vocem
1644 902 1814 945 aurae
1866 882 2050 958 leniS,
2098 880 2379 961 cognitio

887 983 1100 1045 Sancti
1161 984 1433 1065 Spiritus
1489 982 1880 1061 designatur,
1939 980 2053 1062 qui
2103 979 2380 1041 tenuiter

887 1089 1120 1144 nostrae
1149 1081 1350 1143 menti
1384 1080 1768 1142 infunditur.

966 1180 1205 1242 Deinde
1233 1179 1416 1260 ponit
1444 1179 1704 1260 Eliphaz
1733 1178 1903 1258 quod
1935 1176 2060 1239 sibi
2093 1176 2161 1237 in
2194 1174 2381 1239 visio-

885 1295 968 1339 ne
998 1277 1315 1359 prolatum
1347 1285 1463 1338 est.
1491 1277 1836 1355 Numquid
1863 1278 2046 1335 homo
2077 1276 2200 1335 Dei
2218 1294 2379 1333 com-

877 1378 1225 1451 paratione
1237 1376 1724 1451 justificabitur
1744 1375 1774 1433 ἓ
1804 1372 1984 1454 quasi
2016 1372 2207 1447 dicat,
2242 1371 2376 1433 Non

889 1473 1112 1553 utique
1147 1490 1161 1533 :
1199 1472 1347 1553 quia
1397 1471 1870 1553 quantumlibet-
1898 1488 2127 1550 magna
2157 1470 2240 1531 sit
2268 1470 2379 1531 ho-

887 1570 1080 1632 minis
1111 1570 1380 1650 justitia,
1408 1590 1444 1631 a
1475 1570 1711 1631 divinae
1741 1578 1952 1631 tamen
1981 1567 2377 1649 perfectione

885 1668 1150 1749 justitiae
1180 1668 1402 1731 deficit
1433 1666 1693 1730 infinite
1729 1685 1743 1729 :
1781 1668 1920 1729 ideo
1960 1666 2381 1749 comparatio-

889 1785 970 1829 ne
1001 1766 1196 1843 illius,
1221 1775 1316 1829 est
1345 1766 1584 1828 nullius
1615 1765 1944 1841 momenti,
1969 1774 2032 1827 et
2063 1764 2376 1845 injustitia

2487 780 2795 841 mundum
2836 780 3125 841 redemit.
3172 778 3350 840 Alius
3392 779 3646 841 demum
3690 786 3789 840 est
3830 796 3967 859 pro-

2486 897 2701 940 cessus
2744 877 2979 941 divinae
3014 877 3299 958 jus'titiae,
3332 896 3525 958 quam
3554 876 3871 951 humanae,
3904 884 3969 935 ut

2485 976 2712 1058 patuit.
2746 977 2855 1039 Vel
2903 977 3045 1039 ideo
3089 976 3245 1039 dicit
3275 975 3535 1057 Eliphaz
3578 975 3771 1039 verba
3811 974 3967 1047 haec,

2488 1082 2557 1136 ut
2604 1075 3015 1151 demonstret,
3048 1075 3219 1155 quod
3266 1073 3414 1136 licet
3458 1074 3574 1136 Job
3622 1073 3970 1135 secundum

2488 1191 2555 1235 56
2596 1173 2876 1235 humano
2906 1174 3093 1235 modo
3122 1172 3332 1252 justus
3372 1170 3621 1247 fuisset,
3654 1189 3977 1252 compara-

2486 1278 2588 1332 tus
2638 1279 2847 1333 tamen
2891 1272 2967 1332 ad
3011 1271 3231 1345 Deum,
3283 1268 3539 1332 defectu
3598 1288 3725 1331 non
3772 1269 3977 1331 caruit

2486 1368 2711 1450 culpae,
2745 1388 2936 1449 quam
2970 1370 3131 1430 Deus
3164 1367 3229 1429 in
3277 1386 3351 1431 eo
3391 1374 3636 1448 poterat
3663 1367 3833 1447 juste
3862 1385 3977 1447 pu-

2486 1467 2763 1544 nire;.et
2809 1468 2862 1528 si
2913 1487 2981 1529 56
3028 1467 3185 1530 dicit
3230 1467 3369 1529 sine
3414 1464 3604 1547 culpa
3649 1465 3972 1547 punitum,

2485 1566 2683 1628 Deum
2742 1564 3035 1627 affirmat
3094 1566 3427 1646 injustum.
3474 1564 3561 1627 Ac
3612 1565 3666 1625 si
3712 1563 3975 1646 Eliphaz

2486 1664 2656 1725 dicat
2681 1662 3017 1744 :Quisquis
3048 1664 3126 1726 de
3156 1662 3565 1745 percussione
3594 1672 3971 1739 murmurat,

2486 1762 2641 1842 quid
2673 1762 2847 1823 aliud
2878 1781 3069 1843 quam
3112 1761 3425 1843 justitiam
3470 1760 3761 1823 ferientis
3798 1780 3976 1823 accu—

888 1863 1101 1946 potius
1148 1883 1338 1945 quam
1388 1864 1656 1945 justitia,
1693 1864 1858 1925 sicut
1905 1862 2378 1943 comparatione
2416 1866 2462 1927 B
2489 1863 2627 1921 sat?
2658 1860 2978 1922 Puriorem
3012 1878 3162 1941 ergo
3182 1860 3281 1923 vir
3311 1858 3551 1922 factore
3572 1878 3688 1921 suo
3716 1878 3785 1921 se
3814 1860 3977 1921 aesti-

595 1988 859 2037 mmmm.
888 1962 998 2025 Dei
1031 1980 1218 2025 nemo
1250 1963 1454 2025 bonus
1485 1972 1595 2023 aut
1625 1962 1901 2044 sapiens.
1926 1962 2187 2043 Propter
2207 1962 2377 2041 quod

611 2086 796 2137 stum„
817 2089 858 2129 a,
889 2060 1173 2141 loquitur
1203 2060 1390 2122 lsaias
1419 2059 1644 2133 :Quasi
1675 2078 1924 2142 pannus
1946 2066 2372 2135 menstruatae,

889 2159 1203 2222 universae
1249 2158 1514 2239 justitiae
1561 2166 1814 2220 nostrae.
1867 2158 1942 2218 Et
1989 2156 2321 2218 Psalmista
2359 2175 2372 2219 :

596 2284 859 2335 p„02.,..‚2‚
889 2256 1021 2318 Non
1052 2255 1512 2337 ¹iustificabitur
1543 2256 1609 2317 in
1649 2264 1996 2337 conspectu
2029 2264 2136 2317 tuo
2168 2256 2376 2317 omnis

622 2384 771 2428 Eocli.
788 2398 858 2434 vn,

595 2450 634 2491 5.

618 3168 682 3211 1⁸.
695 3182 802 3219 mv,
816 3170 857 3221 6,

887 2355 1131 2418 vivens.
1166 2354 1646 2417 Ecclesiasticus
1676 2373 1933 2435 quoque
1973 2372 1986 2415 :
2020 2354 2251 2417 Non-te
2278 2355 2378 2436 ju-

887 2452 1132 2516 stifices
1161 2462 1308 2515 ante
1339 2453 1558 2515 Deum.
1579 2456 1713 2513 Aut
1733 2456 1975 2531 factore
2001 2473 2116 2511 suo
2140 2456 2377 2529 purior

883 2555 1008 2612 erit
1039 2554 1144 2611 vir
1164 2554 1194 2612 ?
1225 2552 1286 2612 id
1311 2560 1426 2627 est,
1453 2549 1850 2631 impossibile
1879 2568 2137 2631 prorsus
2170 2559 2285 2627 est,
2306 2559 2378 2613 ut

885 2649 1075 2712 homo
1126 2648 1518 2729 quicumque
1568 2655 1851 2710 creatore
1899 2668 2014 2711 suo
2062 2648 2142 2709 sit
2197 2667 2376 2710 mun-

884 2746 1045 2822 dior,
1091 2746 1370 2808 sanctior
1417 2746 1552 2810 sive
1599 2745 2048 2827 praestantior:
2085 2746 2214 2809 imo
2260 2746 2377 2808 im-

885 2864 1103 2908 mense
1159 2845 1352 2907 distat
1397 2864 1433 2906 a
1493 2845 1793 2926 puritate,
1847 2845 2261 2927 simplicitate
2313 2856 2375 2909 et

885 2944 1219 3006 sanctitate
1251 2944 1483 3006 mentis
1516 2944 1790 3016 divinae3
1823 2952 1888 3005 et
1919 2944 2233 3025 quidquid
2268 2965 2376 3027 pu-

2488 1966 2637 2034 mat,
2674 1958 2727 2019 si
2757 1967 2977 2020 contra
3022 1956 3349 2038 flagellum
3382 1957 3707 2039 querelam
3748 1966 3972 2039 parat3

2486 2075 2762 2137 eumque
2801 2056 2925 2118 sibi
2955 2056 3305 2138 postponit,
3342 2057 3525 2136 cujus
3547 2056 3863 2137 judicium
3896 2057 3975 2119 de

2486 2174 2597 2216 sua
2629 2154 2993 2217 afflictione
3016 2155 3357 2234 redarguit.

2576 2252 3051 2334 consequenter
3110 2253 3387 2316 ostendit
3450 2252 3776 2315 hominem
3836 2254 3973 2315 sine

2485 2360 2743 2432 peccato
2777 2371 2903 2414 non
2936 2371 3091 2428 esse,
3108 2351 3581 2433 comparatione
3610 2360 3855 2415 naturae
3876 2371 3975 2414 an-

2480 2450 2720 2528 gelicae.
2756 2453 2915 2511 Ecce
2942 2453 3059 2529 qui
3079 2452 3375 2510 serviunt
3402 2452 3489 2519 ei,
3508 2470 3638 2510 non
3664 2461 3819 2511 sunt
3854 2461 3973 2511 sta·

2483 2551 2661 2619 bileS,
2679 2549 2742 2610 id
2778 2557 2896 2625 est,
2922 2548 3094 2611 cives
3130 2548 3548 2630 superni,qui
3578 2548 3972 2612 incessabili-

2486 2656 2579 2708 ter
2598 2646 2877 2709 Creatori
2910 2647 3204 2709 laudibus
3238 2647 3417 2728 puris
3437 2647 3824 2725 deserviunt,
3845 2666 3971 2710 non

2482 2753 2631 2805 sunt
2659 2746 2916 2826 penitus
2948 2745 3379 2809 immutabiles
3418 2754 3481 2808 et
3520 2745 3971 2828 impeccabiles

2484 2863 2597 2925 per
2628 2854 2940 2921 naturam,
2966 2845 3075 2906 sed
3099 2844 3427 2907 vertibiles
3458 2854 3649 2927 atque
3680 2844 3975 2927 peccabi-

2482 2942 2595 3018 165,
2632 2943 2889 3023 quando
2922 2943 3046 3005 sibi
3082 2942 3239 3025 ipsis
3270 2942 3743 3025 relinquuntur,
3767 2944 3975 3024 gratia

887 3042 1092 3103 ritatis
1121 3051 1230 3103 aut
1257 3042 1558 3105 bonitatis
1590 3042 1873 3117 sortitur,
1897 3062 1933 3103 a
1964 3062 2078 3105 suo
2107 3043 2373 3125 adeptus
2402 3048 2447 3111 C
2481 3040 2791 3102 destituti.
2830 3041 3091 3122 Propter
3123 3042 3292 3122 quod
3338 3041 3619 3103 adstruit·
3648 3043 3973 3104 Damasce-

887 3147 981 3201 est
1010 3148 1313 3202 creatore.
1349 3140 1506 3202 Hinc
1537 3139 1728 3201 Isaias
1754 3139 1982 3201 asserit
2015 3158 2027 3201 :
2063 3140 2237 3203 Facti
2276 3162 2375 3203 su-

887 3257 1028 3299 mus
1061 3246 1131 3300 ut
1160 3238 1473 3300 immundi
1505 3257 1725 3301 omnes
1757 3257 1894 3301 nos
1929 3239 2003 3299 Et
2033 3258 2220 3316 nunc,
2258 3242 2373 3304 Do-

867 3337 1080 3412 -mine,
1116 3345 1294 3418 pater
1325 3345 1538 3399 noster
1567 3356 1656 3413 65,
1692 3355 1806 3399 ιιο5
1839 3355 1989 3399 vero
2015 3337 2244 3400 lutum.

951 3435 1038 3496 Ex
1059 3436 1294 3516 quibus
1314 3435 1572 3517 Eliphaz
1604 3436 1874 3517 probare
1895 3435 2369 3518 intendit,quod

880 3533 997 3595 Job
1027 3553 1155 3596 non
1188 3534 1326 3597 sine
1358 3554 1470 3595 sua
1500 3534 1685 3615 culpa
1717 3553 1754 3595 a
1783 3534 1909 3596 Deo
1940 3534 2202 3615 punitus
2235 3536 2317 3597 sit
2351 3554 2365 3597 :

881 3629 1123 3710 alioqui
1169 3631 1330 3693 Deus
1390 3639 1556 3693 esset
1606 3630 1906 3710 injustuS‚
1957 3648 2157 3712 quum
2208 3649 2369 3713 opus

875 3728 1140 3808 justitiae
1167 3728 1251 3791 sit
1281 3729 1542 3791 reddere
1582 3728 1930 3809 unicuique
1957 3729 2127 3810 quod
2167 3748 2369 3792 mere-

881 3834 1002 3888 tur.
1025 3827 1280 3889 Poenam
1303 3836 1515 3890 autem
1547 3845 1733 3888 nemo
1757 3836 2034 3889 meretur
2056 3826 2195 3889 sine
2218 3846 2369 3909 prae-

877 3925 977 3987 via
1022 3926 1230 4007 culpa.
1265 3925 1478 4006 Aliqui
1530 3944 1786 4006 quoquc
1835 3924 2126 3987 homines
2180 3934 2367 3988 tantae

875 4031 1026 4084 sunt
1073 4023 1415 4104 aequitatis,
1450 4024 1620 4104 quod
1669 4023 1916 4085 nullum
1965 4024 2190 4087 volunt
2237 4024 2365 4106 pla-

874 4139 1043 4201 gare,
1082 4121 1204 4183 nisi
1237 4140 1352 4203 pro
1385 4140 1497 4182 sua
1531 4121 1892 4202 iniquitat-e.
1929 4122 1993 4184 Si
2022 4140 2171 4202 ergo
2202 4123 2365 4185 Deus

2481 3158 2623 3215 nus,
2657 3140 2831 3220 quod
2870 3158 3060 3202 omne
3100 3149 3383 3202 creatum
3426 3140 3508 3201 sit
3542 3140 3858 3203 vertibile.
3894 3140 3973 3202 Et

2476 3236 2654 3317 juxta
2685 3237 2978 3301 divinum
3010 3237 3405 3318 Dionysium,
3440 3238 3648 3300 omnis
3679 3246 3972 3301 creatura

2479 3336 2872 3399 incessanter
2918 3344 3333 3399 conservatur
3377 3356 3415 3399 a
3460 3337 3605 3415 Dec,
3660 3356 3697 3399 a
3736 3357 3867 3418 quo
3912 3338 3967 3399 si

2479 3435 2731 3516 penitus
2774 3434 3264 3515 relinqueretur,
3298 3435 3365 3497 in
3410 3434 3685 3498 nihilum
3724 3436 3970 3499 labere-

2482 3540 2601 3593 tur.
2627 3533 3079 3596 Verumtamen
3099 3533 3311 3613 angeli
3342 3534 3542 3595 sancti
3564 3552 3677 3615 per
3694 3534 3967 3615 gratiam

2478 3630 2544 3692 in
2574 3632 2698 3693 Deo
2731 3640 2879 3693 sunt
2920 3630 3311 3707 confirmati,
3346 3640 3409 3695 et
3450 3632 3534 3694 ab
3561 3632 3738 3695 omni
3778 3633 3969 3715 culpa

2476 3729 2864 3810 praeservati.
2901 3730 3137 3793 Idcirco
3158 3748 3235 3792 ex
3262 3729 3363 3791 his
3392 3748 3520 3793 non
3552 3730 3843 3812 sequitur
3873 3750 3970 3793 er·-

2476 3847 2580 3891 ror
2610 3827 2919 3908 Origenis,
2953 3820 3223 3891 dicentis
3254 3828 3321 3889 in
3342 3829 3503 3891 coelo
3524 3846 3663 3891 6556
3692 3829 3961 3891 ruinam.

2474 3930 2558 3989 Ec
2588 3929 2661 3987 in
2690 3930 2938 4004 anqelis
2967 3930 3105 3987 suis
3133 3926 3519 4008 quibusdam
3548 3930 3787 4007 reperit
3810 3950 3968 4007 pra-

2474 4028 2735 4086 vitatem
2768 4025 3102 4107 superbiae,
3136 4034 3477 4106 antequam
3512 4025 3967 4089 confirmaren-

2474 4132 2575 4184 tur
2604 4123 2671 4185 in
2702 4124 2891 4200 bono,
2940 4122 3386 4193 fruerenturve
3422 4125 3547 4187 Deo
3583 4142 3596 4185 :
3630 4143 3821 4205 quem
3850 4125 3961 4205 qui

875 4238 1065 4299 quem
1107 4218 1295 4300 punit
1331 4218 1577 4298 absque
1621 4238 1736 4281 suo
1778 4220 2108 4297 demerito,
2152 4220 2364 4301 sequi-
2394 4223 2446 4286 D
2472 4222 2662 4284 semel
2697 4222 2762 4282 in
2811 4222 3015 4303 patria
3058 4240 3174 4302 per
3216 4222 3493 4303 speciem
3533 4222 3833 4286 beatifice
3878 4224 3964 4285 vi-

875 4326 997 4393 tur,
1031 4318 1240 4379 virum
1284 4316 1564 4397 aliquem
1605 4318 1729 4379 Deo
1772 4318 2120 4381 consistere
2151 4319 2364 4401 purio-

872 4434 1008 4476 rem
1038 4432 1148 4476 seu
1193 4414 1560 4494 aequiorem.
1596 4415 1737 4477 Haec
1783 4425 1998 4479 autem
2028 4434 2361 4496 argumen-

2468 4318 2652 4396 dcrit,
2688 4338 3015 4400 nunquam
3047 4319 3127 4381 ab
3156 4338 3232 4381 eo
3260 4320 3459 4382 averti
3486 4328 3596 4381 aut
3630 4338 3812 4383 ruere
3850 4340 3961 4403 po-

2468 4425 2610 4478 test.
2644 4419 2731 4480 De
2759 4438 2907 4479 casu
2939 4426 3152 4480 autem
3184 4418 3376 4500 primi
3406 4418 3616 4498 angeli
3646 4420 3954 4501 scriptum

2466 4524 2562 4576 est
2587 4516 2651 4577 in
2682 4516 2862 4592 lsaia,
2886 4524 2949 4578 et
2978 4515 3328 4593 Ezechiele,
3355 4515 3465 4577 ubi
3492 4517 3795 4580 Dominus
3824 4518 3951 4580 ait:
4016 4552 4085 4597 1,
4100 4557 4244 4597 mu.
4269 4538 4270 4541 ¹

2465 4614 2557 4675 Tu
2587 4614 2838 4677 Cherub
2868 4623 3160 4676 extentus
3194 4622 3255 4677 et
3285 4623 3641 4696 protegenS,
3670 4624 3735 4677 et
3766 4616 3950 4697 posui
3988 4616 4241 4661 ¹⁵=⁸=oe⁵·
4269 4634 4270 4693 ξ

2466 4719 2525 4773 te
2555 4710 2622 4773 in
2654 4720 2870 4775 monte
2900 4720 3121 4774 sancto
3148 4712 3281 4774 Dei.
3314 4712 3576 4794 Repleta
3614 4722 3763 4775 sunt
3792 4712 3954 4777 inte-
3980 4691 4149 4785 {5¹:¹2
4188 4681 4242 4721 μ’
4269 4698 4270 4715 ³

2464 4810 2631 4872 riora
2669 4818 2777 4871 tua
2816 4809 3189 4890 iniquitate3
3224 4818 3288 4873 et
3318 4810 3479 4891 ejeci
3522 4819 3580 4873 te
3618 4812 3699 4873 de
3736 4822 3953 4875 monte

2462 4917 2678 4970 sancto
2718 4907 2849 4983 Dei,
2876 4916 2938 4970 et
2968 4907 3216 4990 perdidi
3248 4917 3330 4971 te.
3360 4908 3693 4973 Elevatum
3722 4918 3819 4972 est
3841 4930 3953 4974 cor

2462 5014 2637 5067 tuum
2673 5006 2737 5067 in
2769 5007 2997 5069 decore
3033 5016 3164 5069 tuo.
3196 5006 3481 5069 Christus
3514 5007 3776 5089 insuper
3803 5008 3896 5070 ait
3934 5027 3947 5069 :
4269 5086 4270 5091 ἵ

2460 5103 2763 5167 Videbam
2814 5104 3107 5166 Satanam
3166 5104 3332 5166 sicut
3378 5103 3595 5185 fulgur
3652 5107 3731 5168 de
3787 5107 3953 5170 coelo
4014 5140 4243 5182 ham..

2458 5203 2805 5265 cadentem.
2826 5203 2899 5263 Et
2920 5202 3137 5265 Petrus
3164 5202 3229 5264 in
3250 5204 3527 5265 secunda
3550 5222 3665 5265 sua
3682 5204 3952 5267 Canoni-
4269 5204 4270 5209 ’

2458 5319 2529 5363 ca
2556 5317 2571 5361 ε
2596 5301 2758 5363 [)6ιι5
2776 5300 3019 5380 angelis
3042 5301 3456 5383 peccantibus
3478 5320 3605 5365 non
3635 5303 3949 5384 pepercit.
3978 5324 4022 5366 ιι
4038 5326 4241 5373 Petam.
4269 5308 4270 5317 ’

871 4512 1025 4574 tatio
1073 4521 1292 4575 contra
1338 4513 1453 4575 Job
1502 4531 1627 4575 non
1677 4514 2014 4591 concludit,
2051 4516 2356 4595 quoniam

867 4610 1036 4692 apud
1078 4610 1270 4672 Deum
1313 4630 1472 4693 opus
1509 4611 1775 4692 justitiae
1817 4632 1944 4675 non.
1987 4614 2194 4675 solum
2235 4623 2351 4691 est,

869 4710 1131 4772 reddere
1161 4728 1414 4791 poenam
1456 4728 1571 4791 pro
1616 4711 1826 4792 culpa,
1859 4730 1970 4773 seu
2017 4712 2351 4793 praemium

866 4826 981 4890 pro
1022 4808 1271 4884 merito,
1307 4808 1416 4870 sed
1457 4808 1650 4870 etiam
1695 4809 1930 4871 electos
1982 4809 2353 4873 innocentes

863 4906 1147 4969 adversis
1191 4924 1527 4987 exponere,
1568 4914 1636 4967 ut
1661 4905 2000 4985 gloriosius
2045 4926 2355 4971 coronen-

866 5012 988 5082 tur,
1022 5003 1300 5085 amplius
1339 5012 1726 5079 mereantur,
1763 5006 2169 5067 tentamentis
2204 5026 2347 5087 pro-

635 5131 781 5175 aceti.
864 5102 1116 5177 bentur,
1158 5100 1294 5181 (qui
1341 5100 1513 5162 enim
1558 5119 1684 5163 non
1727 5110 1821 5163 est
1861 5110 2159 5179 tentatuS‚
2194 5105 2347 5185 quid

569 5198 828 5246 ’‘³¹¹‘292ss-
862 5198 1234 5279 scitf)aliis
1285 5216 1542 5279 quoquc
1593 5198 1656 5259 in
1707 5201 2067 5281 exemplum
2120 5220 2351 5283 propo-

863 5306 1114 5374 nantur,
1150 5303 1258 5358 aut
1296 5295 1428 5356 suis
1464 5295 1932 5360 afflictionibus
1965 5317 2152 5380 opem
2197 5300 2343 5363 aliis
