<?xml version="1.0" encoding="UTF-8"?>
<!DOCTYPE html PUBLIC "-//W3C//DTD XHTML 1.0 Transitional//EN"
    "http://www.w3.org/TR/xhtml1/DTD/xhtml1-transitional.dtd">
<html xmlns="http://www.w3.org/1999/xhtml" xml:lang="en" lang="en">
 <head>
  <title>
</title>
<meta http-equiv="Content-Type" content="text/html;charset=utf-8" />
  <meta name='ocr-system' content='tesseract 3.04.00' />
  <meta name='ocr-capabilities' content='ocr_page ocr_carea ocr_par ocr_line ocrx_word'/>
</head>
<body>
  <div class='ocr_page' id='page_1' title='image "./doctorisecstati06unkngoog_0393.png"; bbox 0 0 4309 6259; ppageno 0'>
   <div class='ocr_carea' id='block_1_1' title="bbox 1225 527 2582 574">
    <p class='ocr_par' dir='ltr' id='par_1_1' title="bbox 1225 527 2582 574">
     <span class='ocr_line' id='line_1_1' title="bbox 1225 527 2582 574; baseline -0.001 0"><span class='ocrx_word' id='word_1_1' title='bbox 1225 527 1574 574; x_wconf 74' lang='lat' dir='ltr'><strong>ENARRATIO</strong></span> <span class='ocrx_word' id='word_1_2' title='bbox 1617 528 1678 573; x_wconf 81' lang='lat' dir='ltr'><strong>IN</strong></span> <span class='ocrx_word' id='word_1_3' title='bbox 1721 528 1857 573; x_wconf 76' lang='lat' dir='ltr'><strong>GAP.</strong></span> <span class='ocrx_word' id='word_1_4' title='bbox 1905 527 1974 572; x_wconf 87' lang='lat'><strong>111</strong></span> <span class='ocrx_word' id='word_1_5' title='bbox 2011 527 2138 572; x_wconf 74' lang='lat' dir='ltr'><strong>JOB.</strong></span> <span class='ocrx_word' id='word_1_6' title='bbox 2188 546 2262 555; x_wconf 94' lang='lat'><strong>—</strong></span> <span class='ocrx_word' id='word_1_7' title='bbox 2306 529 2447 573; x_wconf 69' lang='lat' dir='ltr'><strong>Aur.</strong></span> <span class='ocrx_word' id='word_1_8' title='bbox 2494 528 2582 574; x_wconf 76' lang='lat'><strong>111</strong></span> 
     </span>
    </p>
   </div>
   <div class='ocr_carea' id='block_1_2' title="bbox 3326 507 3443 571">
    <p class='ocr_par' dir='ltr' id='par_1_2' title="bbox 3326 507 3443 571">
     <span class='ocr_line' id='line_1_2' title="bbox 3326 507 3443 571; baseline 0 0"><span class='ocrx_word' id='word_1_9' title='bbox 3326 507 3443 571; x_wconf 77' lang='lat'><strong>359</strong></span> 
     </span>
    </p>
   </div>
   <div class='ocr_carea' id='block_1_3' title="bbox 347 696 3437 786">
    <p class='ocr_par' dir='ltr' id='par_1_3' title="bbox 347 696 3437 786">
     <span class='ocr_line' id='line_1_3' title="bbox 347 696 3437 786; baseline 0 -27"><span class='ocrx_word' id='word_1_10' title='bbox 347 716 460 761; x_wconf 89' lang='lat' dir='ltr'><strong>nes</strong></span> <span class='ocrx_word' id='word_1_11' title='bbox 509 699 805 781; x_wconf 84' lang='lat' dir='ltr'>oppressi</span> <span class='ocrx_word' id='word_1_12' title='bbox 863 698 1172 779; x_wconf 80' lang='lat' dir='ltr'><strong>angariiS,</strong></span> <span class='ocrx_word' id='word_1_13' title='bbox 1229 718 1376 783; x_wconf 25' lang='lat' dir='ltr'><strong>non·</strong></span> <span class='ocrx_word' id='word_1_14' title='bbox 1405 700 1843 759; x_wconf 50' lang='lat' dir='ltr'><strong>eet-audierunt</strong></span> <span class='ocrx_word' id='word_1_15' title='bbox 1872 696 1925 759; x_wconf 86' lang='grc' dir='ltr'><strong>Α</strong></span> <span class='ocrx_word' id='word_1_16' title='bbox 1956 716 2169 760; x_wconf 90' lang='lat' dir='ltr'><strong>rerum</strong></span> <span class='ocrx_word' id='word_1_17' title='bbox 2192 697 2477 786; x_wconf 84' lang='lat' dir='ltr'><strong>omnium</strong></span> <span class='ocrx_word' id='word_1_18' title='bbox 2506 698 2931 779; x_wconf 80' lang='lat' dir='ltr'>cognitionem</span> <span class='ocrx_word' id='word_1_19' title='bbox 2954 698 3013 760; x_wconf 92' lang='lat' dir='ltr'><strong>ei</strong></span> <span class='ocrx_word' id='word_1_20' title='bbox 3034 716 3161 761; x_wconf 90' lang='lat' dir='ltr'><strong>non</strong></span> <span class='ocrx_word' id='word_1_21' title='bbox 3191 698 3437 761; x_wconf 88' lang='lat' dir='ltr'><strong>tribuit.</strong></span> 
     </span>
    </p>
   </div>
   <div class='ocr_carea' id='block_1_4' title="bbox 349 795 1838 873">
    <p class='ocr_par' dir='ltr' id='par_1_4' title="bbox 349 795 1838 873">
     <span class='ocr_line' id='line_1_4' title="bbox 349 795 1838 873; baseline 0.001 -16"><span class='ocrx_word' id='word_1_22' title='bbox 349 818 560 858; x_wconf 84' lang='lat' dir='ltr'><strong>vocem</strong></span> <span class='ocrx_word' id='word_1_23' title='bbox 615 801 936 859; x_wconf 74' lang='lat' dir='ltr'><strong>exactoris</strong></span> <span class='ocrx_word' id='word_1_24' title='bbox 973 820 996 857; x_wconf 91' lang='lat'><strong>.·</strong></span> <span class='ocrx_word' id='word_1_25' title='bbox 1035 797 1385 861; x_wconf 87' lang='lat' dir='ltr'><strong>secundum</strong></span> <span class='ocrx_word' id='word_1_26' title='bbox 1437 797 1597 859; x_wconf 89' lang='lat' dir='ltr'><strong>illud</strong></span> <span class='ocrx_word' id='word_1_27' title='bbox 1647 795 1838 873; x_wconf 84' lang='lat' dir='ltr'><strong>Isaiae,</strong></span> 
     </span>
    </p>
   </div>
   <div class='ocr_carea' id='block_1_5' title="bbox 128 895 1844 977">
    <p class='ocr_par' dir='ltr' id='par_1_5' title="bbox 128 895 1844 977">
     <span class='ocr_line' id='line_1_5' title="bbox 128 895 1844 977; baseline 0.001 -22"><span class='ocrx_word' id='word_1_28' title='bbox 128 914 318 963; x_wconf 48' lang='lat' dir='ltr'><strong>ama.</strong></span> <span class='ocrx_word' id='word_1_29' title='bbox 345 895 674 969; x_wconf 87' lang='lat' dir='ltr'>Quomodo</span> <span class='ocrx_word' id='word_1_30' title='bbox 717 896 992 959; x_wconf 83' lang='lat' dir='ltr'><strong>cessavit</strong></span> <span class='ocrx_word' id='word_1_31' title='bbox 1041 905 1316 971; x_wconf 83' lang='lat' dir='ltr'><strong>exactor,</strong></span> <span class='ocrx_word' id='word_1_32' title='bbox 1353 896 1600 977; x_wconf 89' lang='lat' dir='ltr'><strong>quievit</strong></span> <span class='ocrx_word' id='word_1_33' title='bbox 1647 895 1844 957; x_wconf 86' lang='lat' dir='ltr'><strong>tribu-</strong></span> 
     </span>
    </p>
   </div>
   <div class='ocr_carea' id='block_1_6' title="bbox 337 992 1846 3049">
    <p class='ocr_par' dir='ltr' id='par_1_6' title="bbox 341 992 1844 1964">
     <span class='ocr_line' id='line_1_6' title="bbox 349 992 1840 1075; baseline -0.002 -18"><span class='ocrx_word' id='word_1_34' title='bbox 349 998 520 1057; x_wconf 73' lang='lat' dir='ltr'><strong>tum?</strong></span> <span class='ocrx_word' id='word_1_35' title='bbox 551 998 818 1056; x_wconf 77' lang='lat' dir='ltr'><em>Parvus</em></span> <span class='ocrx_word' id='word_1_36' title='bbox 835 1006 896 1055; x_wconf 76' lang='lat' dir='ltr'><strong>et</strong></span> <span class='ocrx_word' id='word_1_37' title='bbox 919 1016 1194 1073; x_wconf 72' lang='lat' dir='ltr'><strong>maynus</strong></span> <span class='ocrx_word' id='word_1_38' title='bbox 1223 998 1320 1054; x_wconf 69' lang='lat' dir='ltr'><strong>ibe?</strong></span> <span class='ocrx_word' id='word_1_39' title='bbox 1337 1006 1426 1056; x_wconf 81' lang='lat' dir='ltr'><strong>est</strong></span> <span class='ocrx_word' id='word_1_40' title='bbox 1448 1017 1470 1055; x_wconf 94' lang='grc'><strong>.·</strong></span> <span class='ocrx_word' id='word_1_41' title='bbox 1492 995 1556 1057; x_wconf 87' lang='lat' dir='ltr'><strong>id</strong></span> <span class='ocrx_word' id='word_1_42' title='bbox 1589 1000 1704 1070; x_wconf 87' lang='lat' dir='ltr'><strong>est,</strong></span> <span class='ocrx_word' id='word_1_43' title='bbox 1729 992 1840 1075; x_wconf 85' lang='lat' dir='ltr'><strong>qui</strong></span> 
     </span>
     <span class='ocr_line' id='line_1_7' title="bbox 345 1091 1844 1175; baseline -0.001 -20"><span class='ocrx_word' id='word_1_44' title='bbox 345 1093 450 1155; x_wconf 87' lang='lat' dir='ltr'><strong>hic</strong></span> <span class='ocrx_word' id='word_1_45' title='bbox 481 1091 882 1156; x_wconf 87' lang='lat' dir='ltr'><strong>differebant</strong></span> <span class='ocrx_word' id='word_1_46' title='bbox 911 1112 1026 1175; x_wconf 91' lang='lat' dir='ltr'><strong>per</strong></span> <span class='ocrx_word' id='word_1_47' title='bbox 1059 1093 1558 1173; x_wconf 84' lang='lat' dir='ltr'><strong>inaequalitatem</strong></span> <span class='ocrx_word' id='word_1_48' title='bbox 1593 1110 1844 1174; x_wconf 88' lang='lat' dir='ltr'><strong>prospe-</strong></span> 
     </span>
     <span class='ocr_line' id='line_1_8' title="bbox 346 1190 1844 1273; baseline -0.002 -20"><span class='ocrx_word' id='word_1_49' title='bbox 346 1190 552 1254; x_wconf 88' lang='lat' dir='ltr'><strong>ritatis</strong></span> <span class='ocrx_word' id='word_1_50' title='bbox 597 1200 890 1267; x_wconf 79' lang='lat' dir='ltr'><strong>terrenae,</strong></span> <span class='ocrx_word' id='word_1_51' title='bbox 925 1200 1076 1253; x_wconf 91' lang='lat' dir='ltr'><strong>sunt</strong></span> <span class='ocrx_word' id='word_1_52' title='bbox 1106 1191 1345 1273; x_wconf 88' lang='lat' dir='ltr'><strong>pariter</strong></span> <span class='ocrx_word' id='word_1_53' title='bbox 1377 1190 1507 1265; x_wconf 85' lang='lat' dir='ltr'><strong>ibi;</strong></span> <span class='ocrx_word' id='word_1_54' title='bbox 1555 1209 1672 1253; x_wconf 89' lang='lat' dir='ltr'><strong>nec</strong></span> <span class='ocrx_word' id='word_1_55' title='bbox 1705 1209 1844 1271; x_wconf 91' lang='lat' dir='ltr'><strong>par-</strong></span> 
     </span>
     <span class='ocr_line' id='line_1_9' title="bbox 345 1289 1844 1371; baseline -0.002 -19"><span class='ocrx_word' id='word_1_56' title='bbox 345 1290 507 1352; x_wconf 83' lang='lat' dir='ltr'><strong>vitas</strong></span> <span class='ocrx_word' id='word_1_57' title='bbox 555 1298 619 1352; x_wconf 89' lang='lat' dir='ltr'><strong>et</strong></span> <span class='ocrx_word' id='word_1_58' title='bbox 677 1289 1074 1368; x_wconf 80' lang='lat' dir='ltr'>magnitudo,</span> <span class='ocrx_word' id='word_1_59' title='bbox 1125 1290 1336 1371; x_wconf 87' lang='lat' dir='ltr'><strong>quoad</strong></span> <span class='ocrx_word' id='word_1_60' title='bbox 1385 1298 1654 1365; x_wconf 89' lang='lat' dir='ltr'><strong>terrena,</strong></span> <span class='ocrx_word' id='word_1_61' title='bbox 1692 1307 1844 1370; x_wconf 89' lang='lat' dir='ltr'><strong>pen-</strong></span> 
     </span>
     <span class='ocr_line' id='line_1_10' title="bbox 345 1387 1841 1465; baseline -0.001 -16"><span class='ocrx_word' id='word_1_62' title='bbox 345 1396 500 1465; x_wconf 89' lang='lat' dir='ltr'><strong>sata,</strong></span> <span class='ocrx_word' id='word_1_63' title='bbox 570 1387 730 1451; x_wconf 84' lang='lat' dir='ltr'><strong>facit</strong></span> <span class='ocrx_word' id='word_1_64' title='bbox 788 1388 879 1450; x_wconf 91' lang='lat' dir='ltr'><strong>ibi</strong></span> <span class='ocrx_word' id='word_1_65' title='bbox 943 1388 1336 1451; x_wconf 82' lang='lat' dir='ltr'><strong>distantiam.</strong></span> <span class='ocrx_word' id='word_1_66' title='bbox 1391 1388 1841 1451; x_wconf 78' lang='lat' dir='ltr'><strong>Verumtamen</strong></span> 
     </span>
     <span class='ocr_line' id='line_1_11' title="bbox 342 1484 1844 1568; baseline -0.002 -19"><span class='ocrx_word' id='word_1_67' title='bbox 342 1485 724 1549; x_wconf 78' lang='lat' dir='ltr'><strong>differentia</strong></span> <span class='ocrx_word' id='word_1_68' title='bbox 767 1486 1229 1567; x_wconf 81' lang='lat' dir='ltr'><strong>magnitudinis</strong></span> <span class='ocrx_word' id='word_1_69' title='bbox 1261 1494 1324 1549; x_wconf 89' lang='lat' dir='ltr'><strong>et</strong></span> <span class='ocrx_word' id='word_1_70' title='bbox 1365 1484 1718 1568; x_wconf 82' lang='lat' dir='ltr'><strong>parvitatiS‚</strong></span> <span class='ocrx_word' id='word_1_71' title='bbox 1753 1504 1844 1547; x_wconf 92' lang='lat' dir='ltr'><strong>se-</strong></span> 
     </span>
     <span class='ocr_line' id='line_1_12' title="bbox 341 1584 1842 1667; baseline -0.001 -19"><span class='ocrx_word' id='word_1_72' title='bbox 341 1586 628 1649; x_wconf 90' lang='lat' dir='ltr'><strong>cundum</strong></span> <span class='ocrx_word' id='word_1_73' title='bbox 661 1585 1024 1667; x_wconf 84' lang='lat' dir='ltr'><strong>spiritualia</strong></span> <span class='ocrx_word' id='word_1_74' title='bbox 1055 1586 1244 1663; x_wconf 89' lang='lat' dir='ltr'><strong>bona,</strong></span> <span class='ocrx_word' id='word_1_75' title='bbox 1273 1593 1558 1648; x_wconf 82' lang='lat' dir='ltr'><strong>remanet</strong></span> <span class='ocrx_word' id='word_1_76' title='bbox 1579 1584 1670 1647; x_wconf 94' lang='lat' dir='ltr'><strong>ibi</strong></span> <span class='ocrx_word' id='word_1_77' title='bbox 1691 1608 1706 1659; x_wconf 88' lang='lat'>;</span> <span class='ocrx_word' id='word_1_78' title='bbox 1731 1584 1842 1647; x_wconf 86' lang='lat' dir='ltr'><strong>sed</strong></span> 
     </span>
     <span class='ocr_line' id='line_1_13' title="bbox 343 1683 1842 1766; baseline -0.001 -19"><span class='ocrx_word' id='word_1_79' title='bbox 343 1686 421 1748; x_wconf 91' lang='lat' dir='ltr'><strong>de</strong></span> <span class='ocrx_word' id='word_1_80' title='bbox 451 1685 556 1747; x_wconf 90' lang='lat' dir='ltr'><strong>his</strong></span> <span class='ocrx_word' id='word_1_81' title='bbox 587 1685 781 1749; x_wconf 88' lang='lat' dir='ltr'><strong>modo</strong></span> <span class='ocrx_word' id='word_1_82' title='bbox 811 1704 938 1747; x_wconf 91' lang='lat' dir='ltr'><strong>non</strong></span> <span class='ocrx_word' id='word_1_83' title='bbox 970 1685 1221 1766; x_wconf 87' lang='lat' dir='ltr'><strong>loquor.</strong></span> <span class='ocrx_word' id='word_1_84' title='bbox 1245 1688 1330 1746; x_wconf 77' lang='lat' dir='ltr'><strong>Et</strong></span> <span class='ocrx_word' id='word_1_85' title='bbox 1360 1684 1454 1747; x_wconf 91' lang='lat' dir='ltr'><strong>ibi</strong></span> <span class='ocrx_word' id='word_1_86' title='bbox 1482 1704 1703 1745; x_wconf 76' lang='lat' dir='ltr'><strong>servas</strong></span> <span class='ocrx_word' id='word_1_87' title='bbox 1721 1683 1842 1746; x_wconf 87' lang='lat' dir='ltr'><strong>crit</strong></span> 
     </span>
     <span class='ocr_line' id='line_1_14' title="bbox 345 1780 1841 1846; baseline 0.001 -4"><span class='ocrx_word' id='word_1_88' title='bbox 345 1786 508 1844; x_wconf 77' lang='lat' dir='ltr'><strong>liber</strong></span> <span class='ocrx_word' id='word_1_89' title='bbox 535 1806 578 1845; x_wconf 90' lang='lat' dir='ltr'><strong>a</strong></span> <span class='ocrx_word' id='word_1_90' title='bbox 605 1786 870 1844; x_wconf 81' lang='lat' dir='ltr'><strong>domino</strong></span> <span class='ocrx_word' id='word_1_91' title='bbox 897 1804 1013 1844; x_wconf 80' lang='lat' dir='ltr'><strong>suo</strong></span> <span class='ocrx_word' id='word_1_92' title='bbox 1049 1801 1072 1843; x_wconf 95' lang='lat'><strong>.·</strong></span> <span class='ocrx_word' id='word_1_93' title='bbox 1109 1782 1252 1846; x_wconf 91' lang='lat' dir='ltr'><strong>ideo</strong></span> <span class='ocrx_word' id='word_1_94' title='bbox 1292 1801 1422 1845; x_wconf 91' lang='lat' dir='ltr'><strong>non</strong></span> <span class='ocrx_word' id='word_1_95' title='bbox 1461 1781 1721 1844; x_wconf 89' lang='lat' dir='ltr'><strong>habebit</strong></span> <span class='ocrx_word' id='word_1_96' title='bbox 1750 1780 1841 1843; x_wconf 92' lang='lat' dir='ltr'><strong>ibi</strong></span> 
     </span>
     <span class='ocr_line' id='line_1_15' title="bbox 343 1881 1437 1964; baseline 0 -20"><span class='ocrx_word' id='word_1_97' title='bbox 343 1882 557 1945; x_wconf 89' lang='lat' dir='ltr'><strong>locum</strong></span> <span class='ocrx_word' id='word_1_98' title='bbox 589 1882 837 1946; x_wconf 85' lang='lat' dir='ltr'><strong>exactio</strong></span> <span class='ocrx_word' id='word_1_99' title='bbox 869 1890 978 1944; x_wconf 89' lang='lat' dir='ltr'><strong>aut</strong></span> <span class='ocrx_word' id='word_1_100' title='bbox 1009 1881 1256 1964; x_wconf 86' lang='lat' dir='ltr'><strong>aliquid</strong></span> <span class='ocrx_word' id='word_1_101' title='bbox 1291 1881 1437 1944; x_wconf 88' lang='lat' dir='ltr'><strong>tale.</strong></span> 
     </span>
    </p>

    <p class='ocr_par' dir='ltr' id='par_1_7' title="bbox 337 1979 1846 3049">
     <span class='ocr_line' id='line_1_16' title="bbox 419 1979 1842 2062; baseline -0.001 -21"><span class='ocrx_word' id='word_1_102' title='bbox 419 1980 766 2062; x_wconf 87' lang='lat' dir='ltr'><strong>Postquam</strong></span> <span class='ocrx_word' id='word_1_103' title='bbox 815 1982 1162 2043; x_wconf 85' lang='lat' dir='ltr'><strong>detestatus</strong></span> <span class='ocrx_word' id='word_1_104' title='bbox 1212 1988 1309 2043; x_wconf 92' lang='lat' dir='ltr'><strong>est</strong></span> <span class='ocrx_word' id='word_1_105' title='bbox 1353 1979 1469 2043; x_wconf 85' lang='lat' dir='ltr'><strong>Job</strong></span> <span class='ocrx_word' id='word_1_106' title='bbox 1517 1979 1842 2061; x_wconf 89' lang='lat' dir='ltr'><strong>propriam</strong></span> 
     </span>
     <span class='ocr_line' id='line_1_17' title="bbox 339 2078 1844 2161; baseline -0.002 -18"><span class='ocrx_word' id='word_1_107' title='bbox 339 2080 565 2157; x_wconf 79' lang='lat' dir='ltr'><strong>vitam,</strong></span> <span class='ocrx_word' id='word_1_108' title='bbox 603 2098 778 2142; x_wconf 89' lang='lat' dir='ltr'><strong>nunc</strong></span> <span class='ocrx_word' id='word_1_109' title='bbox 816 2080 1166 2142; x_wconf 87' lang='lat' dir='ltr'><strong>detestatur</strong></span> <span class='ocrx_word' id='word_1_110' title='bbox 1207 2079 1399 2141; x_wconf 85' lang='lat' dir='ltr'><strong>totius</strong></span> <span class='ocrx_word' id='word_1_111' title='bbox 1439 2078 1692 2161; x_wconf 90' lang='lat' dir='ltr'><strong>generis</strong></span> <span class='ocrx_word' id='word_1_112' title='bbox 1733 2078 1844 2140; x_wconf 90' lang='lat' dir='ltr'><strong>hu-</strong></span> 
     </span>
     <span class='ocr_line' id='line_1_18' title="bbox 341 2178 1844 2259; baseline -0.001 -19"><span class='ocrx_word' id='word_1_113' title='bbox 341 2179 516 2241; x_wconf 88' lang='lat' dir='ltr'><strong>mani</strong></span> <span class='ocrx_word' id='word_1_114' title='bbox 548 2178 772 2256; x_wconf 88' lang='lat' dir='ltr'><strong>vitam,</strong></span> <span class='ocrx_word' id='word_1_115' title='bbox 798 2186 925 2241; x_wconf 88' lang='lat' dir='ltr'><strong>tam</strong></span> <span class='ocrx_word' id='word_1_116' title='bbox 957 2179 1166 2259; x_wconf 89' lang='lat' dir='ltr'><strong>quoad</strong></span> <span class='ocrx_word' id='word_1_117' title='bbox 1197 2195 1306 2241; x_wconf 90' lang='lat' dir='ltr'><strong>eos</strong></span> <span class='ocrx_word' id='word_1_118' title='bbox 1328 2178 1440 2258; x_wconf 88' lang='lat' dir='ltr'><strong>qui</strong></span> <span class='ocrx_word' id='word_1_119' title='bbox 1471 2196 1844 2259; x_wconf 90' lang='lat' dir='ltr'><strong>prosperan-</strong></span> 
     </span>
     <span class='ocr_line' id='line_1_19' title="bbox 339 2274 1843 2358; baseline -0.002 -20"><span class='ocrx_word' id='word_1_120' title='bbox 339 2286 462 2353; x_wconf 87' lang='lat' dir='ltr'><strong>tur,</strong></span> <span class='ocrx_word' id='word_1_121' title='bbox 518 2296 719 2358; x_wconf 87' lang='lat' dir='ltr'><strong>quam</strong></span> <span class='ocrx_word' id='word_1_122' title='bbox 770 2276 982 2358; x_wconf 88' lang='lat' dir='ltr'><strong>quoad</strong></span> <span class='ocrx_word' id='word_1_123' title='bbox 1029 2294 1136 2339; x_wconf 93' lang='lat' dir='ltr'><strong>eos</strong></span> <span class='ocrx_word' id='word_1_124' title='bbox 1191 2276 1305 2358; x_wconf 88' lang='lat' dir='ltr'><strong>qui</strong></span> <span class='ocrx_word' id='word_1_125' title='bbox 1352 2274 1843 2339; x_wconf 85' lang='lat' dir='ltr'><strong>adversitatibus</strong></span> 
     </span>
     <span class='ocr_line' id='line_1_20' title="bbox 339 2374 1841 2456; baseline -0.003 -18"><span class='ocrx_word' id='word_1_126' title='bbox 339 2383 723 2439; x_wconf 79' lang='lat' dir='ltr'><strong>exercentur</strong></span> <span class='ocrx_word' id='word_1_127' title='bbox 754 2393 768 2436; x_wconf 91' lang='lat'><strong>:</strong></span> <span class='ocrx_word' id='word_1_128' title='bbox 807 2394 844 2437; x_wconf 88' lang='lat' dir='ltr'><strong>a</strong></span> <span class='ocrx_word' id='word_1_129' title='bbox 873 2374 1109 2456; x_wconf 90' lang='lat' dir='ltr'><strong>quibus</strong></span> <span class='ocrx_word' id='word_1_130' title='bbox 1147 2376 1277 2456; x_wconf 88' lang='lat' dir='ltr'><strong>jam</strong></span> <span class='ocrx_word' id='word_1_131' title='bbox 1320 2374 1568 2455; x_wconf 80' lang='lat' dir='ltr'><strong>incipit.</strong></span> <span class='ocrx_word' id='word_1_132' title='bbox 1606 2377 1841 2443; x_wconf 82' lang='lat' dir='ltr'><strong>Quare,</strong></span> 
     </span>
     <span class='ocr_line' id='line_1_21' title="bbox 337 2472 1846 2555; baseline -0.001 -19"><span class='ocrx_word' id='word_1_133' title='bbox 337 2474 404 2537; x_wconf 88' lang='lat' dir='ltr'><strong>id</strong></span> <span class='ocrx_word' id='word_1_134' title='bbox 436 2483 540 2538; x_wconf 83' lang='lat' dir='ltr'><strong>est</strong></span> <span class='ocrx_word' id='word_1_135' title='bbox 573 2493 705 2555; x_wconf 86' lang='lat' dir='ltr'><strong>qua</strong></span> <span class='ocrx_word' id='word_1_136' title='bbox 736 2473 1031 2550; x_wconf 82' lang='lat' dir='ltr'><strong>utilitate,</strong></span> <span class='ocrx_word' id='word_1_137' title='bbox 1065 2477 1222 2534; x_wconf 78' lang='lat' dir='ltr'><strong>daca</strong></span> <span class='ocrx_word' id='word_1_138' title='bbox 1250 2483 1340 2534; x_wconf 76' lang='lat' dir='ltr'><strong>est</strong></span> <span class='ocrx_word' id='word_1_139' title='bbox 1369 2476 1621 2540; x_wconf 80' lang='lat' dir='ltr'><strong>misero,</strong></span> <span class='ocrx_word' id='word_1_140' title='bbox 1657 2472 1717 2534; x_wconf 89' lang='lat' dir='ltr'><strong>id</strong></span> <span class='ocrx_word' id='word_1_141' title='bbox 1749 2480 1846 2535; x_wconf 82' lang='lat' dir='ltr'><strong>est</strong></span> 
     </span>
     <span class='ocr_line' id='line_1_22' title="bbox 339 2570 1845 2655; baseline -0.002 -20"><span class='ocrx_word' id='word_1_142' title='bbox 339 2574 552 2655; x_wconf 87' lang='lat' dir='ltr'><strong>poenis</strong></span> <span class='ocrx_word' id='word_1_143' title='bbox 583 2572 898 2653; x_wconf 87' lang='lat' dir='ltr'><strong>subjecto,</strong></span> <span class='ocrx_word' id='word_1_144' title='bbox 923 2576 1040 2633; x_wconf 71' lang='lat' dir='ltr'><strong>lam</strong></span> <span class='ocrx_word' id='word_1_145' title='bbox 1069 2570 1476 2651; x_wconf 80' lang='lat' dir='ltr'><strong>cognitioniS‚</strong></span> <span class='ocrx_word' id='word_1_146' title='bbox 1498 2590 1699 2652; x_wconf 89' lang='lat' dir='ltr'><strong>quum</strong></span> <span class='ocrx_word' id='word_1_147' title='bbox 1731 2590 1845 2652; x_wconf 91' lang='lat' dir='ltr'><strong>per</strong></span> 
     </span>
     <span class='ocr_line' id='line_1_23' title="bbox 338 2668 1845 2751; baseline -0.003 -16"><span class='ocrx_word' id='word_1_148' title='bbox 338 2692 476 2735; x_wconf 86' lang='lat' dir='ltr'><strong>eam</strong></span> <span class='ocrx_word' id='word_1_149' title='bbox 519 2671 888 2735; x_wconf 79' lang='lat' dir='ltr'><strong>consideret</strong></span> <span class='ocrx_word' id='word_1_150' title='bbox 933 2670 1100 2733; x_wconf 89' lang='lat' dir='ltr'><strong>mala</strong></span> <span class='ocrx_word' id='word_1_151' title='bbox 1146 2670 1382 2751; x_wconf 89' lang='lat' dir='ltr'><strong>quibus</strong></span> <span class='ocrx_word' id='word_1_152' title='bbox 1413 2668 1751 2749; x_wconf 81' lang='lat' dir='ltr'><strong>affligitur,</strong></span> <span class='ocrx_word' id='word_1_153' title='bbox 1785 2680 1845 2731; x_wconf 80' lang='lat' dir='ltr'><strong>et</strong></span> 
     </span>
     <span class='ocr_line' id='line_1_24' title="bbox 339 2770 1845 2849; baseline -0.002 -19"><span class='ocrx_word' id='word_1_154' title='bbox 339 2774 478 2831; x_wconf 78' lang='lat' dir='ltr'><strong>vita</strong></span> <span class='ocrx_word' id='word_1_155' title='bbox 505 2772 616 2831; x_wconf 75' lang='lat' dir='ltr'><strong>his</strong></span> <span class='ocrx_word' id='word_1_156' title='bbox 643 2772 763 2849; x_wconf 79' lang='lat' dir='ltr'><strong>qui</strong></span> <span class='ocrx_word' id='word_1_157' title='bbox 793 2771 868 2829; x_wconf 77' lang='lat' dir='ltr'><strong>in</strong></span> <span class='ocrx_word' id='word_1_158' title='bbox 897 2771 1346 2829; x_wconf 74' lang='lat' dir='ltr'><strong>amaritudine</strong></span> <span class='ocrx_word' id='word_1_159' title='bbox 1373 2771 1614 2830; x_wconf 81' lang='lat' dir='ltr'><strong>animoe</strong></span> <span class='ocrx_word' id='word_1_160' title='bbox 1641 2777 1794 2828; x_wconf 75' lang='lat' dir='ltr'><strong>sunt</strong></span> <span class='ocrx_word' id='word_1_161' title='bbox 1815 2770 1845 2828; x_wconf 65' lang='grc' dir='ltr'><strong><em>ἒ</em></strong></span> 
     </span>
     <span class='ocr_line' id='line_1_25' title="bbox 337 2866 1837 2950; baseline -0.003 -19"><span class='ocrx_word' id='word_1_162' title='bbox 337 2870 491 2950; x_wconf 90' lang='lat' dir='ltr'><strong>quia</strong></span> <span class='ocrx_word' id='word_1_163' title='bbox 552 2887 668 2950; x_wconf 89' lang='lat' dir='ltr'><strong>per</strong></span> <span class='ocrx_word' id='word_1_164' title='bbox 725 2866 1216 2930; x_wconf 83' lang='lat' dir='ltr'><strong>amaritudinem</strong></span> <span class='ocrx_word' id='word_1_165' title='bbox 1268 2867 1414 2931; x_wconf 83' lang='lat' dir='ltr'><strong>vitae</strong></span> <span class='ocrx_word' id='word_1_166' title='bbox 1471 2866 1837 2943; x_wconf 84' lang='lat' dir='ltr'><strong>admixtam,</strong></span> 
     </span>
     <span class='ocr_line' id='line_1_26' title="bbox 341 2964 1843 3049; baseline -0.005 -20"><span class='ocrx_word' id='word_1_167' title='bbox 341 2967 556 3049; x_wconf 86' lang='lat' dir='ltr'><strong>ipsum</strong></span> <span class='ocrx_word' id='word_1_168' title='bbox 601 2967 820 3030; x_wconf 89' lang='lat' dir='ltr'><strong>vivere</strong></span> <span class='ocrx_word' id='word_1_169' title='bbox 873 2966 1200 3028; x_wconf 76' lang='lat' dir='ltr'><strong>taediosum</strong></span> <span class='ocrx_word' id='word_1_170' title='bbox 1230 2964 1540 3028; x_wconf 81' lang='lat' dir='ltr'><strong>efficitur.</strong></span> <span class='ocrx_word' id='word_1_171' title='bbox 1580 2967 1708 3035; x_wconf 76' lang='lat' dir='ltr'><strong>Qui</strong></span> <span class='ocrx_word' id='word_1_172' title='bbox 1735 2986 1843 3023; x_wconf 72' lang='lat' dir='ltr'><strong>ex-</strong></span> 
     </span>
    </p>
   </div>
   <div class='ocr_carea' id='block_1_7' title="bbox 1952 797 3443 1861">
    <p class='ocr_par' dir='ltr' id='par_1_8' title="bbox 1952 797 3443 1861">
     <span class='ocr_line' id='line_1_27' title="bbox 2036 797 3442 880; baseline -0.002 -20"><span class='ocrx_word' id='word_1_173' title='bbox 2036 798 2276 860; x_wconf 91' lang='lat' dir='ltr'><strong>Deinde</strong></span> <span class='ocrx_word' id='word_1_174' title='bbox 2320 798 2439 859; x_wconf 89' lang='lat' dir='ltr'><strong>ista</strong></span> <span class='ocrx_word' id='word_1_175' title='bbox 2480 798 2745 861; x_wconf 89' lang='lat' dir='ltr'><strong>adversa</strong></span> <span class='ocrx_word' id='word_1_176' title='bbox 2778 797 2902 860; x_wconf 93' lang='lat' dir='ltr'><strong>sibi</strong></span> <span class='ocrx_word' id='word_1_177' title='bbox 2938 797 3213 880; x_wconf 86' lang='lat' dir='ltr'><strong>adaptat.</strong></span> <span class='ocrx_word' id='word_1_178' title='bbox 3244 801 3442 859; x_wconf 83' lang='lat' dir='ltr'><strong>Ante-</strong></span> 
     </span>
     <span class='ocr_line' id='line_1_28' title="bbox 1953 896 3443 977; baseline 0 -20"><span class='ocrx_word' id='word_1_179' title='bbox 1953 918 2150 975; x_wconf 77' lang='lat' dir='ltr'><strong>quam</strong></span> <span class='ocrx_word' id='word_1_180' title='bbox 2198 901 2549 967; x_wconf 79' lang='lat' dir='ltr'><strong>comedam,</strong></span> <span class='ocrx_word' id='word_1_181' title='bbox 2596 899 2869 973; x_wconf 68' lang='lat' dir='ltr'><strong>suspiro,</strong></span> <span class='ocrx_word' id='word_1_182' title='bbox 2914 896 3293 977; x_wconf 86' lang='lat' dir='ltr'><strong>Suspirium,</strong></span> <span class='ocrx_word' id='word_1_183' title='bbox 3346 904 3443 958; x_wconf 86' lang='lat' dir='ltr'><strong>est</strong></span> 
     </span>
     <span class='ocr_line' id='line_1_29' title="bbox 1953 995 3435 1076; baseline 0.001 -19"><span class='ocrx_word' id='word_1_184' title='bbox 1953 996 2209 1076; x_wconf 88' lang='lat' dir='ltr'><strong>signum</strong></span> <span class='ocrx_word' id='word_1_185' title='bbox 2253 996 2593 1059; x_wconf 81' lang='lat' dir='ltr'><strong>moderatae</strong></span> <span class='ocrx_word' id='word_1_186' title='bbox 2635 995 2946 1069; x_wconf 80' lang='lat' dir='ltr'><strong>tristitiae3</strong></span> <span class='ocrx_word' id='word_1_187' title='bbox 2982 995 3225 1075; x_wconf 82' lang='lat' dir='ltr'><strong>rugitus</strong></span> <span class='ocrx_word' id='word_1_188' title='bbox 3263 1013 3435 1071; x_wconf 76' lang='lat' dir='ltr'><strong>vero,</strong></span> 
     </span>
     <span class='ocr_line' id='line_1_30' title="bbox 1953 1091 3442 1174; baseline -0.001 -19"><span class='ocrx_word' id='word_1_189' title='bbox 1953 1095 2208 1174; x_wconf 88' lang='lat' dir='ltr'><strong>signum</strong></span> <span class='ocrx_word' id='word_1_190' title='bbox 2241 1103 2336 1157; x_wconf 88' lang='lat' dir='ltr'><strong>est</strong></span> <span class='ocrx_word' id='word_1_191' title='bbox 2365 1093 2639 1156; x_wconf 51' lang='lat' dir='ltr'><strong>&#39;tristitiae</strong></span> <span class='ocrx_word' id='word_1_192' title='bbox 2668 1093 3062 1157; x_wconf 88' lang='lat' dir='ltr'><strong>vehementis</strong></span> <span class='ocrx_word' id='word_1_193' title='bbox 3089 1111 3102 1155; x_wconf 93' lang='lat'>:</span> <span class='ocrx_word' id='word_1_194' title='bbox 3130 1092 3273 1156; x_wconf 90' lang='lat' dir='ltr'><strong>ideo</strong></span> <span class='ocrx_word' id='word_1_195' title='bbox 3302 1091 3442 1154; x_wconf 92' lang='lat' dir='ltr'><strong>sub·</strong></span> 
     </span>
     <span class='ocr_line' id='line_1_31' title="bbox 1952 1192 3440 1271; baseline -0.002 -17"><span class='ocrx_word' id='word_1_196' title='bbox 1952 1192 2068 1269; x_wconf 89' lang='lat' dir='ltr'><strong>dit,</strong></span> <span class='ocrx_word' id='word_1_197' title='bbox 2103 1202 2163 1253; x_wconf 74' lang='lat' dir='ltr'><strong>et</strong></span> <span class='ocrx_word' id='word_1_198' title='bbox 2193 1196 2387 1271; x_wconf 83' lang='lat' dir='ltr'><strong>quasi</strong></span> <span class='ocrx_word' id='word_1_199' title='bbox 2424 1194 2815 1252; x_wconf 71' lang='lat' dir='ltr'><strong>inundantis</strong></span> <span class='ocrx_word' id='word_1_200' title='bbox 2842 1212 3027 1269; x_wconf 82' lang='lat' dir='ltr'><strong>aquae</strong></span> <span class='ocrx_word' id='word_1_201' title='bbox 3059 1194 3152 1251; x_wconf 83' lang='lat' dir='ltr'><strong>sie</strong></span> <span class='ocrx_word' id='word_1_202' title='bbox 3184 1192 3440 1268; x_wconf 63' lang='lat' dir='ltr'><strong>rugitus</strong></span> 
     </span>
     <span class='ocr_line' id='line_1_32' title="bbox 1953 1289 3441 1373; baseline -0.001 -22"><span class='ocrx_word' id='word_1_203' title='bbox 1953 1312 2151 1352; x_wconf 79' lang='lat' dir='ltr'><strong>meus,</strong></span> <span class='ocrx_word' id='word_1_204' title='bbox 2209 1290 2389 1373; x_wconf 86' lang='lat' dir='ltr'><strong>Aqua</strong></span> <span class='ocrx_word' id='word_1_205' title='bbox 2435 1290 2606 1353; x_wconf 91' lang='lat' dir='ltr'><strong>enim</strong></span> <span class='ocrx_word' id='word_1_206' title='bbox 2655 1290 2733 1353; x_wconf 88' lang='lat' dir='ltr'><strong>de</strong></span> <span class='ocrx_word' id='word_1_207' title='bbox 2794 1289 2967 1353; x_wconf 87' lang='lat' dir='ltr'><strong>facili</strong></span> <span class='ocrx_word' id='word_1_208' title='bbox 3015 1296 3327 1365; x_wconf 87' lang='lat' dir='ltr'><strong>movetur,</strong></span> <span class='ocrx_word' id='word_1_209' title='bbox 3378 1296 3441 1350; x_wconf 91' lang='lat' dir='ltr'><strong>et</strong></span> 
     </span>
     <span class='ocr_line' id='line_1_33' title="bbox 1953 1386 3441 1455; baseline -0.003 -4"><span class='ocrx_word' id='word_1_210' title='bbox 1953 1389 2301 1455; x_wconf 91' lang='lat' dir='ltr'><strong>murmuris</strong></span> <span class='ocrx_word' id='word_1_211' title='bbox 2334 1388 2547 1452; x_wconf 88' lang='lat' dir='ltr'><strong>efficit</strong></span> <span class='ocrx_word' id='word_1_212' title='bbox 2576 1407 2827 1450; x_wconf 90' lang='lat' dir='ltr'><strong>sonum.</strong></span> <span class='ocrx_word' id='word_1_213' title='bbox 2862 1386 2963 1450; x_wconf 91' lang='lat' dir='ltr'><strong>Sic</strong></span> <span class='ocrx_word' id='word_1_214' title='bbox 2991 1386 3182 1450; x_wconf 89' lang='lat' dir='ltr'><strong>homo</strong></span> <span class='ocrx_word' id='word_1_215' title='bbox 3214 1386 3277 1447; x_wconf 89' lang='lat' dir='ltr'><strong>in</strong></span> <span class='ocrx_word' id='word_1_216' title='bbox 3310 1405 3441 1447; x_wconf 89' lang='lat' dir='ltr'><strong>ma-</strong></span> 
     </span>
     <span class='ocr_line' id='line_1_34' title="bbox 1956 1482 3440 1570; baseline -0.002 -21"><span class='ocrx_word' id='word_1_217' title='bbox 1956 1506 2081 1568; x_wconf 89' lang='lat' dir='ltr'><strong>gna</strong></span> <span class='ocrx_word' id='word_1_218' title='bbox 2123 1488 2369 1570; x_wconf 88' lang='lat' dir='ltr'><strong>positus</strong></span> <span class='ocrx_word' id='word_1_219' title='bbox 2407 1486 2790 1562; x_wconf 85' lang='lat' dir='ltr'><strong>afflictione,</strong></span> <span class='ocrx_word' id='word_1_220' title='bbox 2825 1506 2901 1549; x_wconf 83' lang='lat' dir='ltr'><strong>ex</strong></span> <span class='ocrx_word' id='word_1_221' title='bbox 2944 1485 3071 1549; x_wconf 91' lang='lat' dir='ltr'><strong>levi</strong></span> <span class='ocrx_word' id='word_1_222' title='bbox 3102 1504 3231 1547; x_wconf 81' lang='lat' dir='ltr'><strong>suae</strong></span> <span class='ocrx_word' id='word_1_223' title='bbox 3276 1482 3440 1547; x_wconf 89' lang='lat' dir='ltr'><strong>cala-</strong></span> 
     </span>
     <span class='ocr_line' id='line_1_35' title="bbox 1955 1584 3441 1666; baseline -0.002 -19"><span class='ocrx_word' id='word_1_224' title='bbox 1955 1586 2196 1647; x_wconf 89' lang='lat' dir='ltr'><strong>mitatis</strong></span> <span class='ocrx_word' id='word_1_225' title='bbox 2228 1586 2534 1650; x_wconf 91' lang='lat' dir='ltr'><strong>memoria</strong></span> <span class='ocrx_word' id='word_1_226' title='bbox 2562 1586 2639 1648; x_wconf 94' lang='lat' dir='ltr'><strong>ad</strong></span> <span class='ocrx_word' id='word_1_227' title='bbox 2663 1584 2938 1666; x_wconf 87' lang='lat' dir='ltr'><strong>rugitum</strong></span> <span class='ocrx_word' id='word_1_228' title='bbox 2970 1603 3115 1647; x_wconf 85' lang='lat' dir='ltr'><strong>mox</strong></span> <span class='ocrx_word' id='word_1_229' title='bbox 3144 1602 3441 1666; x_wconf 88' lang='lat' dir='ltr'><strong>provoca-</strong></span> 
     </span>
     <span class='ocr_line' id='line_1_36' title="bbox 1956 1681 3440 1766; baseline -0.002 -21"><span class='ocrx_word' id='word_1_230' title='bbox 1956 1692 2078 1746; x_wconf 92' lang='lat' dir='ltr'><strong>tur.</strong></span> <span class='ocrx_word' id='word_1_231' title='bbox 2103 1684 2444 1766; x_wconf 86' lang='lat' dir='ltr'><strong>Additque,</strong></span> <span class='ocrx_word' id='word_1_232' title='bbox 2479 1683 2849 1746; x_wconf 86' lang='lat' dir='ltr'><strong>Inundantis</strong></span> <span class='ocrx_word' id='word_1_233' title='bbox 2880 1702 3080 1765; x_wconf 80' lang='lat' dir='ltr'><strong>aquae,</strong></span> <span class='ocrx_word' id='word_1_234' title='bbox 3114 1691 3186 1744; x_wconf 90' lang='lat' dir='ltr'><strong>ut</strong></span> <span class='ocrx_word' id='word_1_235' title='bbox 3214 1681 3440 1744; x_wconf 89' lang='lat' dir='ltr'><strong>amari-</strong></span> 
     </span>
     <span class='ocr_line' id='line_1_37' title="bbox 1955 1780 3440 1861; baseline -0.003 -16"><span class='ocrx_word' id='word_1_236' title='bbox 1955 1782 2197 1845; x_wconf 90' lang='lat' dir='ltr'><strong>tudinis</strong></span> <span class='ocrx_word' id='word_1_237' title='bbox 2237 1803 2367 1847; x_wconf 83' lang='lat' dir='ltr'><strong>suae</strong></span> <span class='ocrx_word' id='word_1_238' title='bbox 2404 1783 2888 1847; x_wconf 86' lang='lat' dir='ltr'><strong>continuitatem</strong></span> <span class='ocrx_word' id='word_1_239' title='bbox 2923 1781 3233 1845; x_wconf 87' lang='lat' dir='ltr'><strong>ostendat.</strong></span> <span class='ocrx_word' id='word_1_240' title='bbox 3262 1780 3440 1861; x_wconf 86' lang='lat' dir='ltr'><strong>Aqua</strong></span> 
     </span>
    </p>
   </div>
   <div class='ocr_carea' id='block_1_8' title="bbox 1879 1880 3442 1962">
    <p class='ocr_par' dir='ltr' id='par_1_9' title="bbox 1879 1880 3442 1962">
     <span class='ocr_line' id='line_1_38' title="bbox 1879 1880 3442 1962; baseline 0 -21"><span class='ocrx_word' id='word_1_241' title='bbox 1879 1880 1926 1941; x_wconf 90' lang='lat' dir='ltr'>B</span> <span class='ocrx_word' id='word_1_242' title='bbox 1953 1900 2231 1962; x_wconf 89' lang='lat' dir='ltr'><strong>namque</strong></span> <span class='ocrx_word' id='word_1_243' title='bbox 2263 1881 2581 1943; x_wconf 89' lang='lat' dir='ltr'><strong>inundans</strong></span> <span class='ocrx_word' id='word_1_244' title='bbox 2610 1889 2901 1944; x_wconf 84' lang='lat' dir='ltr'><strong>movetur</strong></span> <span class='ocrx_word' id='word_1_245' title='bbox 2929 1880 3231 1944; x_wconf 88' lang='lat' dir='ltr'><strong>continue</strong></span> <span class='ocrx_word' id='word_1_246' title='bbox 3258 1887 3321 1941; x_wconf 90' lang='lat' dir='ltr'><strong>et</strong></span> <span class='ocrx_word' id='word_1_247' title='bbox 3351 1897 3442 1941; x_wconf 89' lang='lat' dir='ltr'><strong>so·</strong></span> 
     </span>
    </p>
   </div>
   <div class='ocr_carea' id='block_1_9' title="bbox 1949 1976 3442 3027">
    <p class='ocr_par' dir='ltr' id='par_1_10' title="bbox 1949 1976 3442 3027">
     <span class='ocr_line' id='line_1_39' title="bbox 1952 1976 3439 2061; baseline -0.002 -19"><span class='ocrx_word' id='word_1_248' title='bbox 1952 2000 2107 2042; x_wconf 89' lang='lat' dir='ltr'><strong>num</strong></span> <span class='ocrx_word' id='word_1_249' title='bbox 2152 1980 2466 2061; x_wconf 88' lang='lat' dir='ltr'><strong>producit.</strong></span> <span class='ocrx_word' id='word_1_250' title='bbox 2499 1979 2689 2043; x_wconf 90' lang='lat' dir='ltr'><strong>Porro</strong></span> <span class='ocrx_word' id='word_1_251' title='bbox 2736 1979 2992 2042; x_wconf 92' lang='lat' dir='ltr'><strong>miseria</strong></span> <span class='ocrx_word' id='word_1_252' title='bbox 3036 1977 3315 2041; x_wconf 91' lang='lat' dir='ltr'><strong>hominis</strong></span> <span class='ocrx_word' id='word_1_253' title='bbox 3361 1976 3439 2039; x_wconf 88' lang='lat' dir='ltr'><strong>ad</strong></span> 
     </span>
     <span class='ocr_line' id='line_1_40' title="bbox 1952 2076 3440 2161; baseline -0.003 -20"><span class='ocrx_word' id='word_1_254' title='bbox 1952 2079 2443 2141; x_wconf 85' lang='lat' dir='ltr'><strong>amaritudinem</strong></span> <span class='ocrx_word' id='word_1_255' title='bbox 2489 2096 2864 2161; x_wconf 88' lang='lat' dir='ltr'><strong>provocans,</strong></span> <span class='ocrx_word' id='word_1_256' title='bbox 2901 2078 2969 2140; x_wconf 93' lang='lat' dir='ltr'><strong>in</strong></span> <span class='ocrx_word' id='word_1_257' title='bbox 3003 2076 3253 2139; x_wconf 89' lang='lat' dir='ltr'><strong>duobus</strong></span> <span class='ocrx_word' id='word_1_258' title='bbox 3291 2094 3440 2138; x_wconf 90' lang='lat' dir='ltr'><strong>con-</strong></span> 
     </span>
     <span class='ocr_line' id='line_1_41' title="bbox 1953 2175 3440 2256; baseline -0.002 -18"><span class='ocrx_word' id='word_1_259' title='bbox 1953 2176 2140 2253; x_wconf 89' lang='lat' dir='ltr'><strong>sistit,</strong></span> <span class='ocrx_word' id='word_1_260' title='bbox 2178 2177 2498 2251; x_wconf 87' lang='lat' dir='ltr'><strong>videlicet‚</strong></span> <span class='ocrx_word' id='word_1_261' title='bbox 2540 2176 2606 2239; x_wconf 93' lang='lat' dir='ltr'><strong>in</strong></span> <span class='ocrx_word' id='word_1_262' title='bbox 2636 2176 2885 2239; x_wconf 91' lang='lat' dir='ltr'><strong>damnis</strong></span> <span class='ocrx_word' id='word_1_263' title='bbox 2923 2194 3133 2239; x_wconf 90' lang='lat' dir='ltr'><strong>rerum</strong></span> <span class='ocrx_word' id='word_1_264' title='bbox 3166 2175 3266 2238; x_wconf 89' lang='lat' dir='ltr'><strong>vel</strong></span> <span class='ocrx_word' id='word_1_265' title='bbox 3298 2193 3440 2256; x_wconf 89' lang='lat' dir='ltr'><strong>per-</strong></span> 
     </span>
     <span class='ocr_line' id='line_1_42' title="bbox 1954 2272 3437 2352; baseline -0.002 -15"><span class='ocrx_word' id='word_1_266' title='bbox 1954 2293 2146 2352; x_wconf 81' lang='lat' dir='ltr'><strong>sonae,</strong></span> <span class='ocrx_word' id='word_1_267' title='bbox 2200 2284 2263 2338; x_wconf 89' lang='lat' dir='ltr'><strong>et</strong></span> <span class='ocrx_word' id='word_1_268' title='bbox 2314 2275 2379 2337; x_wconf 92' lang='lat' dir='ltr'><strong>in</strong></span> <span class='ocrx_word' id='word_1_269' title='bbox 2427 2274 2948 2338; x_wconf 87' lang='lat' dir='ltr'><strong>dehonoratione.</strong></span> <span class='ocrx_word' id='word_1_270' title='bbox 3000 2274 3313 2347; x_wconf 88' lang='lat' dir='ltr'><strong>Quantum</strong></span> <span class='ocrx_word' id='word_1_271' title='bbox 3358 2272 3437 2334; x_wconf 93' lang='lat' dir='ltr'><strong>ad</strong></span> 
     </span>
     <span class='ocr_line' id='line_1_43' title="bbox 1952 2373 3439 2457; baseline -0.002 -22"><span class='ocrx_word' id='word_1_272' title='bbox 1952 2374 2255 2457; x_wconf 88' lang='lat' dir='ltr'><strong>primum,</strong></span> <span class='ocrx_word' id='word_1_273' title='bbox 2291 2374 2401 2451; x_wconf 90' lang='lat' dir='ltr'><strong>ait,</strong></span> <span class='ocrx_word' id='word_1_274' title='bbox 2445 2376 2605 2453; x_wconf 81' lang='lat' dir='ltr'><strong>quia</strong></span> <span class='ocrx_word' id='word_1_275' title='bbox 2648 2376 2839 2435; x_wconf 73' lang='lat' dir='ltr'><strong>timor</strong></span> <span class='ocrx_word' id='word_1_276' title='bbox 2879 2393 3067 2452; x_wconf 79' lang='lat' dir='ltr'><strong>quem</strong></span> <span class='ocrx_word' id='word_1_277' title='bbox 3114 2373 3439 2441; x_wconf 74' lang='lat' dir='ltr'><strong>timebam,</strong></span> 
     </span>
     <span class='ocr_line' id='line_1_44' title="bbox 1951 2469 3437 2551; baseline 0 -20"><span class='ocrx_word' id='word_1_278' title='bbox 1951 2476 2165 2533; x_wconf 74' lang='lat' dir='ltr'><strong>evenit</strong></span> <span class='ocrx_word' id='word_1_279' title='bbox 2196 2475 2383 2543; x_wconf 74' lang='lat' dir='ltr'><strong>milei,</strong></span> <span class='ocrx_word' id='word_1_280' title='bbox 2437 2472 2501 2533; x_wconf 91' lang='lat' dir='ltr'><strong>id</strong></span> <span class='ocrx_word' id='word_1_281' title='bbox 2548 2479 2666 2547; x_wconf 87' lang='lat' dir='ltr'><strong>est,</strong></span> <span class='ocrx_word' id='word_1_282' title='bbox 2714 2490 2855 2551; x_wconf 84' lang='lat' dir='ltr'><strong>quae</strong></span> <span class='ocrx_word' id='word_1_283' title='bbox 2903 2470 3226 2547; x_wconf 88' lang='lat' dir='ltr'><strong>timebam,</strong></span> <span class='ocrx_word' id='word_1_284' title='bbox 3278 2469 3437 2531; x_wconf 92' lang='lat' dir='ltr'><strong>mihi</strong></span> 
     </span>
     <span class='ocr_line' id='line_1_45' title="bbox 1949 2569 3439 2651; baseline -0.001 -19"><span class='ocrx_word' id='word_1_285' title='bbox 1949 2572 2080 2651; x_wconf 82' lang='lat' dir='ltr'><strong>jam</strong></span> <span class='ocrx_word' id='word_1_286' title='bbox 2119 2570 2504 2633; x_wconf 89' lang='lat' dir='ltr'><strong>acciderunt.</strong></span> <span class='ocrx_word' id='word_1_287' title='bbox 2537 2570 2669 2645; x_wconf 89' lang='lat' dir='ltr'><strong>Quo</strong></span> <span class='ocrx_word' id='word_1_288' title='bbox 2713 2569 2883 2632; x_wconf 90' lang='lat' dir='ltr'><strong>enim</strong></span> <span class='ocrx_word' id='word_1_289' title='bbox 2929 2587 3199 2651; x_wconf 90' lang='lat' dir='ltr'><strong>persona</strong></span> <span class='ocrx_word' id='word_1_290' title='bbox 3238 2575 3439 2631; x_wconf 89' lang='lat' dir='ltr'><strong>exstat</strong></span> 
     </span>
     <span class='ocr_line' id='line_1_46' title="bbox 1950 2666 3442 2751; baseline -0.001 -21"><span class='ocrx_word' id='word_1_291' title='bbox 1950 2669 2340 2751; x_wconf 89' lang='lat' dir='ltr'><strong>prudentior,</strong></span> <span class='ocrx_word' id='word_1_292' title='bbox 2361 2676 2533 2731; x_wconf 90' lang='lat' dir='ltr'><strong>tanto</strong></span> <span class='ocrx_word' id='word_1_293' title='bbox 2557 2678 2837 2750; x_wconf 87' lang='lat' dir='ltr'><strong>tempore</strong></span> <span class='ocrx_word' id='word_1_294' title='bbox 2858 2666 3295 2749; x_wconf 87' lang='lat' dir='ltr'><strong>prosperitatis</strong></span> <span class='ocrx_word' id='word_1_295' title='bbox 3316 2686 3442 2728; x_wconf 92' lang='lat' dir='ltr'><strong>ma-</strong></span> 
     </span>
     <span class='ocr_line' id='line_1_47' title="bbox 1949 2764 3438 2849; baseline -0.001 -21"><span class='ocrx_word' id='word_1_296' title='bbox 1949 2767 2047 2847; x_wconf 90' lang='lat' dir='ltr'><strong>gis</strong></span> <span class='ocrx_word' id='word_1_297' title='bbox 2085 2768 2475 2849; x_wconf 83' lang='lat' dir='ltr'><strong>praecogitat,</strong></span> <span class='ocrx_word' id='word_1_298' title='bbox 2520 2786 2663 2847; x_wconf 85' lang='lat' dir='ltr'><strong>quae</strong></span> <span class='ocrx_word' id='word_1_299' title='bbox 2710 2774 2993 2847; x_wconf 89' lang='lat' dir='ltr'><strong>tempore</strong></span> <span class='ocrx_word' id='word_1_300' title='bbox 3040 2764 3438 2828; x_wconf 88' lang='lat' dir='ltr'><strong>adversitatis</strong></span> 
     </span>
     <span class='ocr_line' id='line_1_48' title="bbox 1952 2863 3441 2946; baseline 0 -20"><span class='ocrx_word' id='word_1_301' title='bbox 1952 2865 2077 2928; x_wconf 90' lang='lat' dir='ltr'><strong>sibi</strong></span> <span class='ocrx_word' id='word_1_302' title='bbox 2105 2865 2393 2929; x_wconf 88' lang='lat' dir='ltr'><strong>accidere</strong></span> <span class='ocrx_word' id='word_1_303' title='bbox 2421 2873 2688 2946; x_wconf 89' lang='lat' dir='ltr'><strong>queunt,</strong></span> <span class='ocrx_word' id='word_1_304' title='bbox 2730 2866 2909 2946; x_wconf 85' lang='lat' dir='ltr'><strong>juxta</strong></span> <span class='ocrx_word' id='word_1_305' title='bbox 2936 2864 3096 2926; x_wconf 90' lang='lat' dir='ltr'><strong>illud</strong></span> <span class='ocrx_word' id='word_1_306' title='bbox 3132 2863 3441 2927; x_wconf 87' lang='lat' dir='ltr'><strong>Ecclesia-</strong></span> 
     </span>
     <span class='ocr_line' id='line_1_49' title="bbox 1951 2962 3441 3027; baseline 0 -2"><span class='ocrx_word' id='word_1_307' title='bbox 1951 2964 2095 3026; x_wconf 88' lang='lat' dir='ltr'><strong>stici</strong></span> <span class='ocrx_word' id='word_1_308' title='bbox 2121 2981 2135 3025; x_wconf 76' lang='grc' dir='ltr'>ε</span> <span class='ocrx_word' id='word_1_309' title='bbox 2161 2964 2228 3025; x_wconf 89' lang='lat' dir='ltr'><strong>ln</strong></span> <span class='ocrx_word' id='word_1_310' title='bbox 2257 2963 2362 3026; x_wconf 94' lang='lat' dir='ltr'><strong>die</strong></span> <span class='ocrx_word' id='word_1_311' title='bbox 2390 2964 2701 3027; x_wconf 91' lang='lat' dir='ltr'><strong>bonorum</strong></span> <span class='ocrx_word' id='word_1_312' title='bbox 2733 2982 2813 3026; x_wconf 92' lang='lat' dir='ltr'><strong>ne</strong></span> <span class='ocrx_word' id='word_1_313' title='bbox 2833 2963 3167 3025; x_wconf 89' lang='lat' dir='ltr'><strong>immemor</strong></span> <span class='ocrx_word' id='word_1_314' title='bbox 3196 2962 3282 3024; x_wconf 90' lang='lat' dir='ltr'><strong>sis</strong></span> <span class='ocrx_word' id='word_1_315' title='bbox 3310 2982 3441 3025; x_wconf 85' lang='lat' dir='ltr'><strong>ma-</strong></span> 
     </span>
    </p>
   </div>
   <div class='ocr_carea' id='block_1_10' title="bbox 3508 2992 3731 3046">
    <p class='ocr_par' dir='ltr' id='par_1_11' title="bbox 3508 2992 3731 3046">
     <span class='ocr_line' id='line_1_50' title="bbox 3508 2992 3731 3046; baseline -0.004 -10"><span class='ocrx_word' id='word_1_316' title='bbox 3508 2992 3660 3038; x_wconf 72' lang='lat' dir='ltr'><strong>E&#39;oolt‘.</strong></span> <span class='ocrx_word' id='word_1_317' title='bbox 3670 3006 3731 3046; x_wconf 70' lang='lat' dir='ltr'><strong>xi,</strong></span> 
     </span>
    </p>
   </div>
   <div class='ocr_carea' id='block_1_11' title="bbox 337 3054 3536 3144">
    <p class='ocr_par' dir='ltr' id='par_1_12' title="bbox 337 3054 3536 3144">
     <span class='ocr_line' id='line_1_51' title="bbox 337 3054 3536 3144; baseline -0.001 -17"><span class='ocrx_word' id='word_1_318' title='bbox 337 3076 632 3144; x_wconf 76' lang='lat' dir='ltr'><strong>spectant</strong></span> <span class='ocrx_word' id='word_1_319' title='bbox 679 3075 969 3136; x_wconf 74' lang='lat' dir='ltr'><strong>mortem,</strong></span> <span class='ocrx_word' id='word_1_320' title='bbox 1021 3073 1080 3124; x_wconf 81' lang='lat' dir='ltr'><strong>et</strong></span> <span class='ocrx_word' id='word_1_321' title='bbox 1121 3085 1251 3125; x_wconf 78' lang='lat' dir='ltr'><strong>non</strong></span> <span class='ocrx_word' id='word_1_322' title='bbox 1297 3067 1498 3132; x_wconf 82' lang='lat' dir='ltr'><strong>venit,</strong></span> <span class='ocrx_word' id='word_1_323' title='bbox 1541 3071 1667 3125; x_wconf 86' lang='lat' dir='ltr'><strong>tam</strong></span> <span class='ocrx_word' id='word_1_324' title='bbox 1716 3063 1841 3126; x_wconf 88' lang='lat' dir='ltr'><strong>cito</strong></span> <span class='ocrx_word' id='word_1_325' title='bbox 1877 3054 1923 3119; x_wconf 87' lang='lat' dir='ltr'>C</span> <span class='ocrx_word' id='word_1_326' title='bbox 1953 3063 2174 3125; x_wconf 89' lang='lat' dir='ltr'><strong>lorum.</strong></span> <span class='ocrx_word' id='word_1_327' title='bbox 2198 3062 2409 3135; x_wconf 81' lang='lat' dir='ltr'><strong>Quoad</strong></span> <span class='ocrx_word' id='word_1_328' title='bbox 2432 3061 3253 3143; x_wconf 79' lang='lat' dir='ltr'><strong>secundum,subjungit‚et</strong></span> <span class='ocrx_word' id='word_1_329' title='bbox 3272 3064 3441 3143; x_wconf 83' lang='lat' dir='ltr'><strong>quod</strong></span> <span class='ocrx_word' id='word_1_330' title='bbox 3466 3058 3536 3101; x_wconf 78' lang='lat'><strong>²⁷·</strong></span> 
     </span>
    </p>
   </div>
   <div class='ocr_carea' id='block_1_12' title="bbox 339 3164 1848 4210">
    <p class='ocr_par' dir='ltr' id='par_1_13' title="bbox 339 3164 1848 4210">
     <span class='ocr_line' id='line_1_52' title="bbox 341 3164 1842 3246; baseline -0.004 -19"><span class='ocrx_word' id='word_1_331' title='bbox 341 3174 408 3227; x_wconf 85' lang='lat' dir='ltr'><strong>ut</strong></span> <span class='ocrx_word' id='word_1_332' title='bbox 455 3164 757 3246; x_wconf 89' lang='lat' dir='ltr'><strong>cupiunt,</strong></span> <span class='ocrx_word' id='word_1_333' title='bbox 798 3165 990 3243; x_wconf 73' lang='lat' dir='ltr'><strong>quasi</strong></span> <span class='ocrx_word' id='word_1_334' title='bbox 1032 3164 1397 3241; x_wconf 71' lang='lat' dir='ltr'><strong>effodientes</strong></span> <span class='ocrx_word' id='word_1_335' title='bbox 1449 3164 1842 3231; x_wconf 76' lang='lat' dir='ltr'><strong>thesaurum,</strong></span> 
     </span>
     <span class='ocr_line' id='line_1_53' title="bbox 341 3259 1837 3345; baseline -0.003 -20"><span class='ocrx_word' id='word_1_336' title='bbox 341 3283 576 3345; x_wconf 81' lang='lat' dir='ltr'><strong>nempe</strong></span> <span class='ocrx_word' id='word_1_337' title='bbox 599 3262 715 3343; x_wconf 91' lang='lat' dir='ltr'><strong>qui</strong></span> <span class='ocrx_word' id='word_1_338' title='bbox 741 3281 885 3324; x_wconf 90' lang='lat' dir='ltr'><strong>cum</strong></span> <span class='ocrx_word' id='word_1_339' title='bbox 915 3260 1141 3341; x_wconf 88' lang='lat' dir='ltr'><strong>grandi</strong></span> <span class='ocrx_word' id='word_1_340' title='bbox 1170 3259 1487 3323; x_wconf 88' lang='lat' dir='ltr'><strong>desiderio</strong></span> <span class='ocrx_word' id='word_1_341' title='bbox 1513 3259 1837 3341; x_wconf 72' lang='lat' dir='ltr'><strong>quaeritur.</strong></span> 
     </span>
     <span class='ocr_line' id='line_1_54' title="bbox 341 3357 1838 3443; baseline -0.004 -20"><span class='ocrx_word' id='word_1_342' title='bbox 341 3362 416 3424; x_wconf 88' lang='lat' dir='ltr'><strong>Et</strong></span> <span class='ocrx_word' id='word_1_343' title='bbox 462 3360 778 3443; x_wconf 86' lang='lat' dir='ltr'><strong>quoniam</strong></span> <span class='ocrx_word' id='word_1_344' title='bbox 824 3358 1216 3421; x_wconf 79' lang='lat' dir='ltr'><strong>desiderium</strong></span> <span class='ocrx_word' id='word_1_345' title='bbox 1260 3359 1411 3420; x_wconf 91' lang='lat' dir='ltr'><strong>dum</strong></span> <span class='ocrx_word' id='word_1_346' title='bbox 1462 3357 1838 3438; x_wconf 89' lang='lat' dir='ltr'><strong>completur,</strong></span> 
     </span>
     <span class='ocr_line' id='line_1_55' title="bbox 339 3457 1845 3541; baseline -0.005 -18"><span class='ocrx_word' id='word_1_347' title='bbox 339 3460 652 3541; x_wconf 83' lang='lat' dir='ltr'><strong>gaudium</strong></span> <span class='ocrx_word' id='word_1_348' title='bbox 692 3458 881 3540; x_wconf 86' lang='lat' dir='ltr'><strong>parit,</strong></span> <span class='ocrx_word' id='word_1_349' title='bbox 919 3457 1275 3539; x_wconf 90' lang='lat' dir='ltr'><strong>subjungit,</strong></span> <span class='ocrx_word' id='word_1_350' title='bbox 1301 3460 1716 3535; x_wconf 74' lang='lat' dir='ltr'><strong>qaudencque</strong></span> <span class='ocrx_word' id='word_1_351' title='bbox 1747 3477 1845 3516; x_wconf 87' lang='lat' dir='ltr'><strong>ve-</strong></span> 
     </span>
     <span class='ocr_line' id='line_1_56' title="bbox 340 3554 1842 3637; baseline -0.002 -17"><span class='ocrx_word' id='word_1_352' title='bbox 340 3563 670 3621; x_wconf 77' lang='lat' dir='ltr'><strong>hementer</strong></span> <span class='ocrx_word' id='word_1_353' title='bbox 696 3578 902 3637; x_wconf 78' lang='lat' dir='ltr'><strong>quum</strong></span> <span class='ocrx_word' id='word_1_354' title='bbox 939 3557 1312 3617; x_wconf 73' lang='lat' dir='ltr'><strong>invenerint</strong></span> <span class='ocrx_word' id='word_1_355' title='bbox 1358 3559 1750 3633; x_wconf 77' lang='lat' dir='ltr'><strong>sepulcrum,</strong></span> <span class='ocrx_word' id='word_1_356' title='bbox 1780 3554 1842 3617; x_wconf 91' lang='lat' dir='ltr'><strong>id</strong></span> 
     </span>
     <span class='ocr_line' id='line_1_57' title="bbox 339 3651 1839 3737; baseline -0.003 -19"><span class='ocrx_word' id='word_1_357' title='bbox 339 3664 456 3730; x_wconf 80' lang='lat' dir='ltr'><strong>est,</strong></span> <span class='ocrx_word' id='word_1_358' title='bbox 504 3672 714 3737; x_wconf 90' lang='lat' dir='ltr'><strong>quum</strong></span> <span class='ocrx_word' id='word_1_359' title='bbox 761 3652 1042 3715; x_wconf 88' lang='lat' dir='ltr'><strong>viderint</strong></span> <span class='ocrx_word' id='word_1_360' title='bbox 1088 3651 1502 3734; x_wconf 82' lang='lat' dir='ltr'><strong>supervenire</strong></span> <span class='ocrx_word' id='word_1_361' title='bbox 1549 3660 1839 3727; x_wconf 91' lang='lat' dir='ltr'><strong>mortem,</strong></span> 
     </span>
     <span class='ocr_line' id='line_1_58' title="bbox 341 3749 1846 3835; baseline -0.002 -21"><span class='ocrx_word' id='word_1_362' title='bbox 341 3772 454 3835; x_wconf 90' lang='lat' dir='ltr'><strong>per</strong></span> <span class='ocrx_word' id='word_1_363' title='bbox 480 3771 684 3834; x_wconf 88' lang='lat' dir='ltr'><strong>quam</strong></span> <span class='ocrx_word' id='word_1_364' title='bbox 710 3750 1040 3815; x_wconf 89' lang='lat' dir='ltr'><strong>inveniant</strong></span> <span class='ocrx_word' id='word_1_365' title='bbox 1062 3757 1571 3813; x_wconf 89' lang='lat' dir='ltr'><strong>monumentum.</strong></span> <span class='ocrx_word' id='word_1_366' title='bbox 1597 3749 1672 3809; x_wconf 91' lang='lat' dir='ltr'><strong>Et</strong></span> <span class='ocrx_word' id='word_1_367' title='bbox 1692 3768 1846 3830; x_wconf 90' lang='lat' dir='ltr'><strong>quo-</strong></span> 
     </span>
     <span class='ocr_line' id='line_1_59' title="bbox 343 3848 1847 3932; baseline -0.003 -19"><span class='ocrx_word' id='word_1_368' title='bbox 343 3853 516 3914; x_wconf 86' lang='lat' dir='ltr'><strong>niam</strong></span> <span class='ocrx_word' id='word_1_369' title='bbox 561 3849 696 3913; x_wconf 92' lang='lat' dir='ltr'><strong>dici</strong></span> <span class='ocrx_word' id='word_1_370' title='bbox 735 3849 959 3932; x_wconf 87' lang='lat' dir='ltr'><strong>possit,</strong></span> <span class='ocrx_word' id='word_1_371' title='bbox 994 3849 1166 3930; x_wconf 88' lang='lat' dir='ltr'><strong>quod</strong></span> <span class='ocrx_word' id='word_1_372' title='bbox 1197 3848 1331 3910; x_wconf 88' lang='lat' dir='ltr'><strong>vita</strong></span> <span class='ocrx_word' id='word_1_373' title='bbox 1375 3848 1559 3910; x_wconf 90' lang='lat' dir='ltr'><strong>detur</strong></span> <span class='ocrx_word' id='word_1_374' title='bbox 1604 3848 1847 3910; x_wconf 90' lang='lat' dir='ltr'><strong>utiliter</strong></span> 
     </span>
     <span class='ocr_line' id='line_1_60' title="bbox 344 3945 1848 4031; baseline -0.003 -20"><span class='ocrx_word' id='word_1_375' title='bbox 344 3950 442 4011; x_wconf 90' lang='lat' dir='ltr'><strong>his</strong></span> <span class='ocrx_word' id='word_1_376' title='bbox 489 3948 608 4031; x_wconf 87' lang='lat' dir='ltr'><strong>qui</strong></span> <span class='ocrx_word' id='word_1_377' title='bbox 653 3956 1133 4029; x_wconf 89' lang='lat' dir='ltr'><strong>prosperantur,</strong></span> <span class='ocrx_word' id='word_1_378' title='bbox 1183 3946 1304 4010; x_wconf 87' lang='lat' dir='ltr'><strong>hoc</strong></span> <span class='ocrx_word' id='word_1_379' title='bbox 1355 3964 1709 4021; x_wconf 81' lang='lat' dir='ltr'><strong>removenS,</strong></span> <span class='ocrx_word' id='word_1_380' title='bbox 1761 3945 1848 4008; x_wconf 90' lang='lat' dir='ltr'><strong>di-</strong></span> 
     </span>
     <span class='ocr_line' id='line_1_61' title="bbox 343 4044 1841 4123; baseline -0.004 -12"><span class='ocrx_word' id='word_1_381' title='bbox 343 4048 430 4111; x_wconf 84' lang='lat' dir='ltr'><strong>cit</strong></span> <span class='ocrx_word' id='word_1_382' title='bbox 463 4066 478 4110; x_wconf 89' lang='lat'><strong>:</strong></span> <span class='ocrx_word' id='word_1_383' title='bbox 525 4050 682 4109; x_wconf 78' lang='lat' dir='ltr'><strong>Viro</strong></span> <span class='ocrx_word' id='word_1_384' title='bbox 716 4048 904 4123; x_wconf 80' lang='lat' dir='ltr'><strong>cujus</strong></span> <span class='ocrx_word' id='word_1_385' title='bbox 932 4047 1304 4106; x_wconf 75' lang='lat' dir='ltr'><strong>abscondita</strong></span> <span class='ocrx_word' id='word_1_386' title='bbox 1333 4055 1422 4106; x_wconf 80' lang='lat' dir='ltr'><strong>est</strong></span> <span class='ocrx_word' id='word_1_387' title='bbox 1455 4046 1586 4117; x_wconf 73' lang='lat' dir='ltr'><strong>via,</strong></span> <span class='ocrx_word' id='word_1_388' title='bbox 1621 4044 1683 4106; x_wconf 93' lang='lat' dir='ltr'><strong>id</strong></span> <span class='ocrx_word' id='word_1_389' title='bbox 1724 4052 1841 4120; x_wconf 87' lang='lat' dir='ltr'><strong>est,</strong></span> 
     </span>
     <span class='ocr_line' id='line_1_62' title="bbox 341 4142 1843 4210; baseline -0.005 0"><span class='ocrx_word' id='word_1_390' title='bbox 341 4167 456 4210; x_wconf 87' lang='lat' dir='ltr'><strong>cur</strong></span> <span class='ocrx_word' id='word_1_391' title='bbox 489 4146 604 4209; x_wconf 92' lang='lat' dir='ltr'><strong>tali</strong></span> <span class='ocrx_word' id='word_1_392' title='bbox 637 4146 786 4208; x_wconf 85' lang='lat' dir='ltr'><strong>data</strong></span> <span class='ocrx_word' id='word_1_393' title='bbox 813 4152 910 4207; x_wconf 90' lang='lat' dir='ltr'><strong>est</strong></span> <span class='ocrx_word' id='word_1_394' title='bbox 931 4144 1064 4207; x_wconf 87' lang='lat' dir='ltr'><strong>vita</strong></span> <span class='ocrx_word' id='word_1_395' title='bbox 1093 4152 1159 4206; x_wconf 87' lang='lat' dir='ltr'><strong>ct</strong></span> <span class='ocrx_word' id='word_1_396' title='bbox 1189 4144 1330 4205; x_wconf 68' lang='lat' dir='ltr'><strong>lux?</strong></span> <span class='ocrx_word' id='word_1_397' title='bbox 1361 4142 1604 4206; x_wconf 88' lang='lat' dir='ltr'><strong>Dicitur</strong></span> <span class='ocrx_word' id='word_1_398' title='bbox 1633 4149 1843 4205; x_wconf 91' lang='lat' dir='ltr'><strong>autem</strong></span> 
     </span>
    </p>
   </div>
   <div class='ocr_carea' id='block_1_13' title="bbox 1952 3160 3446 4225">
    <p class='ocr_par' dir='ltr' id='par_1_14' title="bbox 1952 3160 3446 4225">
     <span class='ocr_line' id='line_1_63' title="bbox 1952 3160 3442 3241; baseline 0.001 -20"><span class='ocrx_word' id='word_1_399' title='bbox 1952 3164 2240 3231; x_wconf 81' lang='lat' dir='ltr'><strong>verebar,</strong></span> <span class='ocrx_word' id='word_1_400' title='bbox 2268 3163 2507 3222; x_wconf 73' lang='lat' dir='ltr'><strong>accidit</strong></span> <span class='ocrx_word' id='word_1_401' title='bbox 2529 3182 2551 3221; x_wconf 88' lang='lat'><strong>.·</strong></span> <span class='ocrx_word' id='word_1_402' title='bbox 2590 3169 2686 3223; x_wconf 88' lang='lat' dir='ltr'><strong>est</strong></span> <span class='ocrx_word' id='word_1_403' title='bbox 2714 3160 2887 3230; x_wconf 87' lang='lat' dir='ltr'><strong>enim</strong></span> <span class='ocrx_word' id='word_1_404' title='bbox 2912 3160 3292 3224; x_wconf 87' lang='lat' dir='ltr'><strong>verecundia</strong></span> <span class='ocrx_word' id='word_1_405' title='bbox 3316 3161 3442 3241; x_wconf 88' lang='lat' dir='ltr'><strong>(se-</strong></span> 
     </span>
     <span class='ocr_line' id='line_1_64' title="bbox 1952 3258 3444 3340; baseline -0.001 -17"><span class='ocrx_word' id='word_1_406' title='bbox 1952 3260 2235 3323; x_wconf 91' lang='lat' dir='ltr'><strong>cundum</strong></span> <span class='ocrx_word' id='word_1_407' title='bbox 2264 3258 2747 3340; x_wconf 89' lang='lat' dir='ltr'><strong>Philosophum)</strong></span> <span class='ocrx_word' id='word_1_408' title='bbox 2777 3259 2967 3321; x_wconf 89' lang='lat' dir='ltr'><strong>timor</strong></span> <span class='ocrx_word' id='word_1_409' title='bbox 3018 3258 3444 3322; x_wconf 88' lang='lat' dir='ltr'><strong>inhonoratio·</strong></span> 
     </span>
     <span class='ocr_line' id='line_1_65' title="bbox 1953 3357 3441 3439; baseline 0 -19"><span class='ocrx_word' id='word_1_410' title='bbox 1953 3358 2076 3420; x_wconf 80' lang='lat' dir='ltr'><strong>nis,</strong></span> <span class='ocrx_word' id='word_1_411' title='bbox 2111 3358 2225 3420; x_wconf 87' lang='lat' dir='ltr'><strong>Per</strong></span> <span class='ocrx_word' id='word_1_412' title='bbox 2265 3358 2435 3438; x_wconf 89' lang='lat' dir='ltr'><strong>quod</strong></span> <span class='ocrx_word' id='word_1_413' title='bbox 2472 3357 2769 3433; x_wconf 89' lang='lat' dir='ltr'><strong>ostendit,</strong></span> <span class='ocrx_word' id='word_1_414' title='bbox 2804 3357 2973 3438; x_wconf 90' lang='lat' dir='ltr'><strong>quod</strong></span> <span class='ocrx_word' id='word_1_415' title='bbox 3003 3365 3148 3439; x_wconf 89' lang='lat' dir='ltr'><strong>post</strong></span> <span class='ocrx_word' id='word_1_416' title='bbox 3172 3357 3441 3437; x_wconf 84' lang='lat' dir='ltr'><strong>gloriam</strong></span> 
     </span>
     <span class='ocr_line' id='line_1_66' title="bbox 1953 3456 3445 3538; baseline 0 -19"><span class='ocrx_word' id='word_1_417' title='bbox 1953 3474 2248 3537; x_wconf 87' lang='lat' dir='ltr'><strong>magnam</strong></span> <span class='ocrx_word' id='word_1_418' title='bbox 2287 3456 2631 3538; x_wconf 89' lang='lat' dir='ltr'><strong>opprobria</strong></span> <span class='ocrx_word' id='word_1_419' title='bbox 2658 3465 2723 3519; x_wconf 88' lang='lat' dir='ltr'><strong>et</strong></span> <span class='ocrx_word' id='word_1_420' title='bbox 2750 3456 3281 3520; x_wconf 88' lang='lat' dir='ltr'><strong>dehonorationes</strong></span> <span class='ocrx_word' id='word_1_421' title='bbox 3312 3477 3445 3519; x_wconf 90' lang='lat' dir='ltr'><strong>sus-</strong></span> 
     </span>
     <span class='ocr_line' id='line_1_67' title="bbox 1953 3554 3438 3636; baseline 0 -18"><span class='ocrx_word' id='word_1_422' title='bbox 1953 3556 2167 3619; x_wconf 92' lang='lat' dir='ltr'><strong>tinuit.</strong></span> <span class='ocrx_word' id='word_1_423' title='bbox 2212 3555 2288 3615; x_wconf 80' lang='lat' dir='ltr'><strong>Et</strong></span> <span class='ocrx_word' id='word_1_424' title='bbox 2329 3554 2499 3636; x_wconf 89' lang='lat' dir='ltr'><strong>quod</strong></span> <span class='ocrx_word' id='word_1_425' title='bbox 2546 3555 2665 3617; x_wconf 89' lang='lat' dir='ltr'><strong>hoc</strong></span> <span class='ocrx_word' id='word_1_426' title='bbox 2708 3573 2835 3617; x_wconf 91' lang='lat' dir='ltr'><strong>non</strong></span> <span class='ocrx_word' id='word_1_427' title='bbox 2878 3555 3131 3632; x_wconf 90' lang='lat' dir='ltr'><strong>meruit,</strong></span> <span class='ocrx_word' id='word_1_428' title='bbox 3176 3554 3438 3618; x_wconf 87' lang='lat' dir='ltr'><strong>subdit:</strong></span> 
     </span>
     <span class='ocr_line' id='line_1_68' title="bbox 1955 3652 3441 3733; baseline -0.003 -14"><span class='ocrx_word' id='word_1_429' title='bbox 1955 3658 2187 3719; x_wconf 83' lang='lat' dir='ltr'><strong>Nonne</strong></span> <span class='ocrx_word' id='word_1_430' title='bbox 2204 3655 2624 3715; x_wconf 73' lang='lat' dir='ltr'><strong>dissimulavi</strong></span> <span class='ocrx_word' id='word_1_431' title='bbox 2645 3652 2948 3733; x_wconf 86' lang='lat' dir='ltr'><strong>injuriam</strong></span> <span class='ocrx_word' id='word_1_432' title='bbox 2980 3652 3139 3715; x_wconf 88' lang='lat' dir='ltr'><strong>mihi</strong></span> <span class='ocrx_word' id='word_1_433' title='bbox 3161 3653 3399 3716; x_wconf 86' lang='lat' dir='ltr'><strong>illatam</strong></span> <span class='ocrx_word' id='word_1_434' title='bbox 3418 3658 3441 3715; x_wconf 68' lang='lat'>3</span> 
     </span>
     <span class='ocr_line' id='line_1_69' title="bbox 1954 3750 3445 3835; baseline -0.001 -19"><span class='ocrx_word' id='word_1_435' title='bbox 1954 3754 2241 3834; x_wconf 87' lang='lat' dir='ltr'><strong>Denique</strong></span> <span class='ocrx_word' id='word_1_436' title='bbox 2269 3771 2523 3835; x_wconf 86' lang='lat' dir='ltr'><strong>poenam</strong></span> <span class='ocrx_word' id='word_1_437' title='bbox 2554 3751 2783 3813; x_wconf 90' lang='lat' dir='ltr'><strong>mereri</strong></span> <span class='ocrx_word' id='word_1_438' title='bbox 2814 3750 2960 3832; x_wconf 90' lang='lat' dir='ltr'><strong>quis</strong></span> <span class='ocrx_word' id='word_1_439' title='bbox 2998 3759 3207 3832; x_wconf 90' lang='lat' dir='ltr'><strong>potest</strong></span> <span class='ocrx_word' id='word_1_440' title='bbox 3236 3752 3445 3833; x_wconf 90' lang='lat' dir='ltr'><strong>dupli-</strong></span> 
     </span>
     <span class='ocr_line' id='line_1_70' title="bbox 1956 3848 3444 3931; baseline -0.002 -16"><span class='ocrx_word' id='word_1_441' title='bbox 1956 3852 2134 3915; x_wconf 89' lang='lat' dir='ltr'><strong>citer.</strong></span> <span class='ocrx_word' id='word_1_442' title='bbox 2168 3851 2400 3927; x_wconf 89' lang='lat' dir='ltr'><strong>Primo,</strong></span> <span class='ocrx_word' id='word_1_443' title='bbox 2431 3850 2583 3912; x_wconf 92' lang='lat' dir='ltr'><strong>dum</strong></span> <span class='ocrx_word' id='word_1_444' title='bbox 2624 3868 2699 3912; x_wconf 85' lang='lat' dir='ltr'><strong>ex</strong></span> <span class='ocrx_word' id='word_1_445' title='bbox 2743 3848 2939 3911; x_wconf 89' lang='lat' dir='ltr'><strong>illatis</strong></span> <span class='ocrx_word' id='word_1_446' title='bbox 2981 3848 3235 3931; x_wconf 90' lang='lat' dir='ltr'><strong>injuriis</strong></span> <span class='ocrx_word' id='word_1_447' title='bbox 3277 3849 3444 3912; x_wconf 92' lang='lat' dir='ltr'><strong>ultra</strong></span> 
     </span>
     <span class='ocr_line' id='line_1_71' title="bbox 1956 3946 3446 4030; baseline 0 -19"><span class='ocrx_word' id='word_1_448' title='bbox 1956 3950 2217 4011; x_wconf 91' lang='lat' dir='ltr'><strong>modum</strong></span> <span class='ocrx_word' id='word_1_449' title='bbox 2248 3955 2626 4030; x_wconf 86' lang='lat' dir='ltr'><strong>provocatur</strong></span> <span class='ocrx_word' id='word_1_450' title='bbox 2655 3946 2731 4008; x_wconf 90' lang='lat' dir='ltr'><strong>ad</strong></span> <span class='ocrx_word' id='word_1_451' title='bbox 2763 3946 3072 4008; x_wconf 90' lang='lat' dir='ltr'><strong>ultionem</strong></span> <span class='ocrx_word' id='word_1_452' title='bbox 3107 3964 3120 4007; x_wconf 76' lang='grc' dir='ltr'>ε</span> <span class='ocrx_word' id='word_1_453' title='bbox 3154 3947 3325 4027; x_wconf 89' lang='lat' dir='ltr'><strong>quod</strong></span> <span class='ocrx_word' id='word_1_454' title='bbox 3359 3967 3446 4011; x_wconf 89' lang='lat' dir='ltr'><strong>rc-</strong></span> 
     </span>
     <span class='ocr_line' id='line_1_72' title="bbox 1961 4043 3445 4123; baseline 0 -14"><span class='ocrx_word' id='word_1_455' title='bbox 1961 4056 2193 4123; x_wconf 87' lang='lat' dir='ltr'><strong>movet‚</strong></span> <span class='ocrx_word' id='word_1_456' title='bbox 2254 4046 2494 4120; x_wconf 79' lang='lat' dir='ltr'><strong>dicenS,</strong></span> <span class='ocrx_word' id='word_1_457' title='bbox 2546 4044 2767 4107; x_wconf 88' lang='lat' dir='ltr'><strong>Nonne</strong></span> <span class='ocrx_word' id='word_1_458' title='bbox 2812 4043 3255 4106; x_wconf 66' lang='lat' dir='ltr'><strong>dissimulavi?</strong></span> <span class='ocrx_word' id='word_1_459' title='bbox 3305 4044 3445 4109; x_wconf 85' lang='lat' dir='ltr'><strong>Alio</strong></span> 
     </span>
     <span class='ocr_line' id='line_1_73' title="bbox 1961 4140 3442 4225; baseline -0.003 -18"><span class='ocrx_word' id='word_1_460' title='bbox 1961 4145 2171 4221; x_wconf 91' lang='lat' dir='ltr'><strong>modo,</strong></span> <span class='ocrx_word' id='word_1_461' title='bbox 2204 4145 2355 4205; x_wconf 91' lang='lat' dir='ltr'><strong>dum</strong></span> <span class='ocrx_word' id='word_1_462' title='bbox 2394 4142 2693 4225; x_wconf 90' lang='lat' dir='ltr'><strong>primitus</strong></span> <span class='ocrx_word' id='word_1_463' title='bbox 2734 4140 2929 4204; x_wconf 94' lang='lat' dir='ltr'><strong>alium</strong></span> <span class='ocrx_word' id='word_1_464' title='bbox 2976 4142 3113 4223; x_wconf 91' lang='lat' dir='ltr'><strong>ipse</strong></span> <span class='ocrx_word' id='word_1_465' title='bbox 3142 4140 3442 4220; x_wconf 88' lang='lat' dir='ltr'><strong>offendit,</strong></span> 
     </span>
    </p>
   </div>
   <div class='ocr_carea' id='block_1_14' title="bbox 347 4239 3449 4323">
    <p class='ocr_par' dir='ltr' id='par_1_15' title="bbox 347 4239 3449 4323">
     <span class='ocr_line' id='line_1_74' title="bbox 347 4239 3449 4323; baseline -0.002 -17"><span class='ocrx_word' id='word_1_466' title='bbox 347 4245 450 4307; x_wconf 83' lang='lat' dir='ltr'><strong>via</strong></span> <span class='ocrx_word' id='word_1_467' title='bbox 479 4243 608 4307; x_wconf 87' lang='lat' dir='ltr'><strong>viri</strong></span> <span class='ocrx_word' id='word_1_468' title='bbox 635 4241 1030 4319; x_wconf 88' lang='lat' dir='ltr'><strong>abscondita,</strong></span> <span class='ocrx_word' id='word_1_469' title='bbox 1055 4241 1209 4323; x_wconf 88' lang='lat' dir='ltr'><strong>quia</strong></span> <span class='ocrx_word' id='word_1_470' title='bbox 1238 4241 1520 4303; x_wconf 89' lang='lat' dir='ltr'><strong>nescitur</strong></span> <span class='ocrx_word' id='word_1_471' title='bbox 1547 4259 1676 4321; x_wconf 86' lang='lat' dir='ltr'><strong>quo</strong></span> <span class='ocrx_word' id='word_1_472' title='bbox 1701 4258 1849 4321; x_wconf 81' lang='lat' dir='ltr'><strong>prae-</strong></span> <span class='ocrx_word' id='word_1_473' title='bbox 1878 4240 1928 4302; x_wconf 93' lang='lat' dir='ltr'>D</span> <span class='ocrx_word' id='word_1_474' title='bbox 1961 4251 2070 4305; x_wconf 93' lang='lat' dir='ltr'><strong>aut</strong></span> <span class='ocrx_word' id='word_1_475' title='bbox 2113 4241 2325 4304; x_wconf 87' lang='lat' dir='ltr'><strong>verbis</strong></span> <span class='ocrx_word' id='word_1_476' title='bbox 2360 4258 2373 4301; x_wconf 92' lang='lat'><strong>:</strong></span> <span class='ocrx_word' id='word_1_477' title='bbox 2408 4240 2581 4322; x_wconf 88' lang='lat' dir='ltr'><strong>quod</strong></span> <span class='ocrx_word' id='word_1_478' title='bbox 2624 4247 2928 4315; x_wconf 88' lang='lat' dir='ltr'><strong>removet,</strong></span> <span class='ocrx_word' id='word_1_479' title='bbox 2961 4239 3200 4316; x_wconf 73' lang='lat' dir='ltr'><strong>dicem,</strong></span> <span class='ocrx_word' id='word_1_480' title='bbox 3234 4260 3449 4301; x_wconf 81' lang='lat' dir='ltr'><strong>nonne</strong></span> 
     </span>
    </p>
   </div>
   <div class='ocr_carea' id='block_1_15' title="bbox 345 4326 1849 4423">
    <p class='ocr_par' dir='ltr' id='par_1_16' title="bbox 345 4326 1849 4423">
     <span class='ocr_line' id='line_1_75' title="bbox 345 4326 1849 4423; baseline -0.003 -20"><span class='ocrx_word' id='word_1_481' title='bbox 345 4342 546 4405; x_wconf 89' lang='lat' dir='ltr'><strong>sentis</strong></span> <span class='ocrx_word' id='word_1_482' title='bbox 579 4326 1024 4423; x_wconf 80' lang='lat' dir='ltr'><strong>prosperitatis</strong></span> <span class='ocrx_word' id='word_1_483' title='bbox 1053 4349 1254 4402; x_wconf 90' lang='lat' dir='ltr'><strong>status</strong></span> <span class='ocrx_word' id='word_1_484' title='bbox 1286 4338 1638 4421; x_wconf 88' lang='lat' dir='ltr'><strong>perveniat,</strong></span> <span class='ocrx_word' id='word_1_485' title='bbox 1672 4338 1849 4419; x_wconf 84' lang='lat' dir='ltr'><strong>juxta</strong></span> 
     </span>
    </p>
   </div>
   <div class='ocr_carea' id='block_1_16' title="bbox 125 4436 1848 4507">
    <p class='ocr_par' dir='ltr' id='par_1_17' title="bbox 125 4436 1848 4507">
     <span class='ocr_line' id='line_1_76' title="bbox 125 4436 1848 4507; baseline 0.002 -12"><span class='ocrx_word' id='word_1_486' title='bbox 125 4456 320 4507; x_wconf 51' lang='lat' dir='ltr'><strong>amam.</strong></span> <span class='ocrx_word' id='word_1_487' title='bbox 347 4440 506 4504; x_wconf 90' lang='lat' dir='ltr'><strong>illud</strong></span> <span class='ocrx_word' id='word_1_488' title='bbox 549 4438 1042 4502; x_wconf 83' lang='lat' dir='ltr'><strong>Proverbiorum</strong></span> <span class='ocrx_word' id='word_1_489' title='bbox 1078 4457 1091 4500; x_wconf 73' lang='grc' dir='ltr'><strong><em>ε</em></strong></span> <span class='ocrx_word' id='word_1_490' title='bbox 1139 4438 1324 4501; x_wconf 90' lang='lat' dir='ltr'><strong>Risus</strong></span> <span class='ocrx_word' id='word_1_491' title='bbox 1368 4437 1584 4499; x_wconf 91' lang='lat' dir='ltr'><strong>dolore</strong></span> <span class='ocrx_word' id='word_1_492' title='bbox 1624 4436 1848 4499; x_wconf 91' lang='lat' dir='ltr'><strong>misce-</strong></span> 
     </span>
    </p>
   </div>
   <div class='ocr_carea' id='block_1_17' title="bbox 107 4520 154 4557">
    <p class='ocr_par' dir='ltr' id='par_1_18' title="bbox 107 4520 154 4557">
     <span class='ocr_line' id='line_1_77' title="bbox 107 4520 154 4557; baseline 0 -1"><span class='ocrx_word' id='word_1_493' title='bbox 107 4520 154 4557; x_wconf 78' lang='lat'><strong>13.</strong></span> 
     </span>
    </p>
   </div>
   <div class='ocr_carea' id='block_1_18' title="bbox 347 4534 1851 4616">
    <p class='ocr_par' dir='ltr' id='par_1_19' title="bbox 347 4534 1851 4616">
     <span class='ocr_line' id='line_1_78' title="bbox 347 4534 1851 4616; baseline -0.004 -15"><span class='ocrx_word' id='word_1_494' title='bbox 347 4539 544 4615; x_wconf 89' lang='lat' dir='ltr'><strong>bitur,</strong></span> <span class='ocrx_word' id='word_1_495' title='bbox 571 4545 639 4600; x_wconf 91' lang='lat' dir='ltr'><strong>et</strong></span> <span class='ocrx_word' id='word_1_496' title='bbox 669 4544 949 4599; x_wconf 85' lang='lat' dir='ltr'><strong>extrema</strong></span> <span class='ocrx_word' id='word_1_497' title='bbox 969 4536 1184 4616; x_wconf 89' lang='lat' dir='ltr'><strong>gaudii</strong></span> <span class='ocrx_word' id='word_1_498' title='bbox 1219 4536 1429 4598; x_wconf 91' lang='lat' dir='ltr'><strong>luctus</strong></span> <span class='ocrx_word' id='word_1_499' title='bbox 1458 4542 1748 4615; x_wconf 82' lang='lat' dir='ltr'><strong>occupat.</strong></span> <span class='ocrx_word' id='word_1_500' title='bbox 1775 4534 1851 4595; x_wconf 90' lang='lat' dir='ltr'><strong>Et</strong></span> 
     </span>
    </p>
   </div>
   <div class='ocr_carea' id='block_1_19' title="bbox 1959 4337 3448 4618">
    <p class='ocr_par' dir='ltr' id='par_1_20' title="bbox 1959 4337 3448 4618">
     <span class='ocr_line' id='line_1_79' title="bbox 1959 4337 3447 4420; baseline 0 -19"><span class='ocrx_word' id='word_1_501' title='bbox 1959 4343 2143 4407; x_wconf 76' lang='lat' dir='ltr'><strong>silui,</strong></span> <span class='ocrx_word' id='word_1_502' title='bbox 2167 4359 2203 4401; x_wconf 88' lang='lat' dir='ltr'><strong>a</strong></span> <span class='ocrx_word' id='word_1_503' title='bbox 2226 4338 2437 4403; x_wconf 87' lang='lat' dir='ltr'><strong>verbis</strong></span> <span class='ocrx_word' id='word_1_504' title='bbox 2468 4337 2948 4401; x_wconf 88' lang='lat' dir='ltr'><strong>contumeliosis</strong></span> <span class='ocrx_word' id='word_1_505' title='bbox 2976 4347 3038 4401; x_wconf 91' lang='lat' dir='ltr'><strong>et</strong></span> <span class='ocrx_word' id='word_1_506' title='bbox 3060 4338 3308 4420; x_wconf 65' lang='lat' dir='ltr'><strong>impiis?</strong></span> <span class='ocrx_word' id='word_1_507' title='bbox 3338 4346 3447 4401; x_wconf 90' lang='lat' dir='ltr'><strong>aut</strong></span> 
     </span>
     <span class='ocr_line' id='line_1_80' title="bbox 1964 4437 3448 4519; baseline -0.001 -18"><span class='ocrx_word' id='word_1_508' title='bbox 1964 4439 2146 4503; x_wconf 88' lang='lat' dir='ltr'><strong>factis</strong></span> <span class='ocrx_word' id='word_1_509' title='bbox 2182 4456 2195 4500; x_wconf 90' lang='lat'>:</span> <span class='ocrx_word' id='word_1_510' title='bbox 2229 4438 2401 4519; x_wconf 89' lang='lat' dir='ltr'><strong>quod</strong></span> <span class='ocrx_word' id='word_1_511' title='bbox 2444 4456 2481 4499; x_wconf 98' lang='lat' dir='ltr'><strong>a</strong></span> <span class='ocrx_word' id='word_1_512' title='bbox 2522 4456 2591 4500; x_wconf 87' lang='lat' dir='ltr'><strong>se</strong></span> <span class='ocrx_word' id='word_1_513' title='bbox 2634 4454 2987 4513; x_wconf 81' lang='lat' dir='ltr'><strong>removenS,</strong></span> <span class='ocrx_word' id='word_1_514' title='bbox 3021 4437 3258 4513; x_wconf 89' lang='lat' dir='ltr'><strong>subdit,</strong></span> <span class='ocrx_word' id='word_1_515' title='bbox 3297 4458 3448 4499; x_wconf 78' lang='lat' dir='ltr'><strong>non-</strong></span> 
     </span>
     <span class='ocr_line' id='line_1_81' title="bbox 1963 4534 3443 4618; baseline -0.001 -20"><span class='ocrx_word' id='word_1_516' title='bbox 1963 4558 2042 4599; x_wconf 81' lang='lat' dir='ltr'><strong>ne</strong></span> <span class='ocrx_word' id='word_1_517' title='bbox 2069 4539 2311 4618; x_wconf 69' lang='lat' dir='ltr'><strong>quievi,</strong></span> <span class='ocrx_word' id='word_1_518' title='bbox 2339 4535 2417 4598; x_wconf 90' lang='lat' dir='ltr'><strong>ab</strong></span> <span class='ocrx_word' id='word_1_519' title='bbox 2448 4554 2639 4617; x_wconf 89' lang='lat' dir='ltr'><strong>opere</strong></span> <span class='ocrx_word' id='word_1_520' title='bbox 2670 4535 2879 4598; x_wconf 70' lang='lat' dir='ltr'><strong>malo?</strong></span> <span class='ocrx_word' id='word_1_521' title='bbox 2930 4534 3102 4609; x_wconf 89' lang='lat' dir='ltr'><strong>Quod</strong></span> <span class='ocrx_word' id='word_1_522' title='bbox 3137 4536 3287 4597; x_wconf 88' lang='lat' dir='ltr'><strong>mali</strong></span> <span class='ocrx_word' id='word_1_523' title='bbox 3318 4555 3443 4599; x_wconf 92' lang='lat' dir='ltr'><strong>non</strong></span> 
     </span>
    </p>
   </div>
   <div class='ocr_carea' id='block_1_20' title="bbox 105 4632 1859 5205">
    <p class='ocr_par' dir='ltr' id='par_1_21' title="bbox 105 4632 1859 5205">
     <span class='ocr_line' id='line_1_82' title="bbox 113 4632 1845 4713; baseline -0.001 -19"><span class='ocrx_word' id='word_1_524' title='bbox 113 4654 186 4695; x_wconf 58' lang='grc' dir='ltr'><strong>ιω.</strong></span> <span class='ocrx_word' id='word_1_525' title='bbox 209 4660 320 4707; x_wconf 61' lang='lat' dir='ltr'><strong>ma.</strong></span> <span class='ocrx_word' id='word_1_526' title='bbox 351 4638 414 4700; x_wconf 90' lang='lat' dir='ltr'><strong>in</strong></span> <span class='ocrx_word' id='word_1_527' title='bbox 452 4635 736 4701; x_wconf 73' lang='lat' dir='ltr'><strong>Ieremia</strong></span> <span class='ocrx_word' id='word_1_528' title='bbox 770 4653 786 4697; x_wconf 74' lang='grc' dir='ltr'>ε</span> <span class='ocrx_word' id='word_1_529' title='bbox 831 4634 964 4697; x_wconf 92' lang='lat' dir='ltr'><strong>Non</strong></span> <span class='ocrx_word' id='word_1_530' title='bbox 1006 4642 1102 4697; x_wconf 90' lang='lat' dir='ltr'><strong>est</strong></span> <span class='ocrx_word' id='word_1_531' title='bbox 1142 4634 1208 4695; x_wconf 91' lang='lat' dir='ltr'><strong>in</strong></span> <span class='ocrx_word' id='word_1_532' title='bbox 1250 4632 1509 4696; x_wconf 87' lang='lat' dir='ltr'><strong>homine</strong></span> <span class='ocrx_word' id='word_1_533' title='bbox 1542 4632 1647 4696; x_wconf 89' lang='lat' dir='ltr'><strong>via</strong></span> <span class='ocrx_word' id='word_1_534' title='bbox 1684 4633 1845 4713; x_wconf 80' lang='lat' dir='ltr'><strong>ejus,</strong></span> 
     </span>
     <span class='ocr_line' id='line_1_83' title="bbox 105 4730 1852 4807; baseline 0.001 -15"><span class='ocrx_word' id='word_1_535' title='bbox 105 4749 322 4800; x_wconf 51' lang='lat' dir='ltr'><strong>eatena.</strong></span> <span class='ocrx_word' id='word_1_536' title='bbox 349 4736 416 4798; x_wconf 86' lang='lat' dir='ltr'><strong>ln</strong></span> <span class='ocrx_word' id='word_1_537' title='bbox 447 4734 840 4800; x_wconf 87' lang='lat' dir='ltr'><strong>Ecclesiaste</strong></span> <span class='ocrx_word' id='word_1_538' title='bbox 873 4732 1066 4797; x_wconf 89' lang='lat' dir='ltr'><strong>etiam</strong></span> <span class='ocrx_word' id='word_1_539' title='bbox 1096 4750 1109 4795; x_wconf 91' lang='lat'>:</span> <span class='ocrx_word' id='word_1_540' title='bbox 1143 4732 1305 4807; x_wconf 89' lang='lat' dir='ltr'><strong>Quid</strong></span> <span class='ocrx_word' id='word_1_541' title='bbox 1331 4750 1588 4794; x_wconf 89' lang='lat' dir='ltr'><strong>necesse</strong></span> <span class='ocrx_word' id='word_1_542' title='bbox 1620 4739 1714 4794; x_wconf 89' lang='lat' dir='ltr'><strong>est</strong></span> <span class='ocrx_word' id='word_1_543' title='bbox 1742 4730 1852 4793; x_wconf 92' lang='lat' dir='ltr'><strong>ho-</strong></span> 
     </span>
     <span class='ocr_line' id='line_1_84' title="bbox 353 4829 1853 4915; baseline -0.005 -18"><span class='ocrx_word' id='word_1_544' title='bbox 353 4834 516 4897; x_wconf 89' lang='lat' dir='ltr'><strong>mini</strong></span> <span class='ocrx_word' id='word_1_545' title='bbox 575 4834 827 4915; x_wconf 84' lang='lat' dir='ltr'><strong>majora</strong></span> <span class='ocrx_word' id='word_1_546' title='bbox 875 4852 942 4895; x_wconf 91' lang='lat' dir='ltr'><strong>se</strong></span> <span class='ocrx_word' id='word_1_547' title='bbox 989 4850 1296 4914; x_wconf 81' lang='lat' dir='ltr'><strong>quaerere,</strong></span> <span class='ocrx_word' id='word_1_548' title='bbox 1354 4849 1550 4910; x_wconf 91' lang='lat' dir='ltr'><strong>quum</strong></span> <span class='ocrx_word' id='word_1_549' title='bbox 1607 4829 1853 4908; x_wconf 84' lang='lat' dir='ltr'><strong>ignoret</strong></span> 
     </span>
     <span class='ocr_line' id='line_1_85' title="bbox 351 4927 1856 5015; baseline -0.005 -19"><span class='ocrx_word' id='word_1_550' title='bbox 351 4933 509 5015; x_wconf 88' lang='lat' dir='ltr'><strong>quid</strong></span> <span class='ocrx_word' id='word_1_551' title='bbox 541 4932 864 4997; x_wconf 86' lang='lat' dir='ltr'><strong>conducat</strong></span> <span class='ocrx_word' id='word_1_552' title='bbox 887 4930 946 4995; x_wconf 90' lang='lat' dir='ltr'><strong>ei</strong></span> <span class='ocrx_word' id='word_1_553' title='bbox 979 4930 1046 4992; x_wconf 89' lang='lat' dir='ltr'><strong>in</strong></span> <span class='ocrx_word' id='word_1_554' title='bbox 1070 4930 1201 4995; x_wconf 86' lang='lat' dir='ltr'><strong>vita</strong></span> <span class='ocrx_word' id='word_1_555' title='bbox 1229 4932 1377 4991; x_wconf 64' lang='lat' dir='ltr'><strong>sua?</strong></span> <span class='ocrx_word' id='word_1_556' title='bbox 1400 4927 1724 5002; x_wconf 90' lang='lat' dir='ltr'><strong>Quomodo</strong></span> <span class='ocrx_word' id='word_1_557' title='bbox 1755 4946 1856 4989; x_wconf 92' lang='lat' dir='ltr'><strong>au-</strong></span> 
     </span>
     <span class='ocr_line' id='line_1_86' title="bbox 355 5026 1859 5105; baseline -0.007 -11"><span class='ocrx_word' id='word_1_558' title='bbox 355 5040 482 5094; x_wconf 74' lang='lat' dir='ltr'><strong>tem</strong></span> <span class='ocrx_word' id='word_1_559' title='bbox 521 5031 632 5096; x_wconf 81' lang='lat' dir='ltr'><strong>via</strong></span> <span class='ocrx_word' id='word_1_560' title='bbox 670 5029 1046 5093; x_wconf 74' lang='lat' dir='ltr'><strong>abscondita</strong></span> <span class='ocrx_word' id='word_1_561' title='bbox 1083 5028 1188 5105; x_wconf 87' lang='lat' dir='ltr'><strong>sit,</strong></span> <span class='ocrx_word' id='word_1_562' title='bbox 1232 5026 1469 5103; x_wconf 86' lang='lat' dir='ltr'><strong>subdit,</strong></span> <span class='ocrx_word' id='word_1_563' title='bbox 1503 5036 1562 5086; x_wconf 73' lang='lat' dir='ltr'><strong>et</strong></span> <span class='ocrx_word' id='word_1_564' title='bbox 1591 5029 1859 5086; x_wconf 76' lang='lat' dir='ltr'><strong>eircum-</strong></span> 
     </span>
     <span class='ocr_line' id='line_1_87' title="bbox 353 5122 1859 5205; baseline -0.005 -14"><span class='ocrx_word' id='word_1_565' title='bbox 353 5132 536 5191; x_wconf 79' lang='lat' dir='ltr'><strong>dedic</strong></span> <span class='ocrx_word' id='word_1_566' title='bbox 577 5150 724 5189; x_wconf 78' lang='lat' dir='ltr'><strong>eum</strong></span> <span class='ocrx_word' id='word_1_567' title='bbox 763 5132 928 5189; x_wconf 81' lang='lat' dir='ltr'><strong>Deus</strong></span> <span class='ocrx_word' id='word_1_568' title='bbox 963 5128 1237 5187; x_wconf 80' lang='lat' dir='ltr'><strong>tenebris</strong></span> <span class='ocrx_word' id='word_1_569' title='bbox 1277 5124 1673 5205; x_wconf 64' lang='lat' dir='ltr'><strong>ignorantiae,</strong></span> <span class='ocrx_word' id='word_1_570' title='bbox 1707 5122 1859 5205; x_wconf 88' lang='lat' dir='ltr'><strong>quia</strong></span> 
     </span>
    </p>
   </div>
   <div class='ocr_carea' id='block_1_21' title="bbox 1964 4633 3739 5204">
    <p class='ocr_par' dir='ltr' id='par_1_22' title="bbox 1965 4633 3739 4815">
     <span class='ocr_line' id='line_1_88' title="bbox 1965 4633 3739 4717; baseline -0.002 -19"><span class='ocrx_word' id='word_1_571' title='bbox 1965 4636 2255 4717; x_wconf 90' lang='lat' dir='ltr'><strong>implent,</strong></span> <span class='ocrx_word' id='word_1_572' title='bbox 2288 4653 2487 4715; x_wconf 89' lang='lat' dir='ltr'><strong>quum</strong></span> <span class='ocrx_word' id='word_1_573' title='bbox 2535 4634 2600 4695; x_wconf 91' lang='lat' dir='ltr'><strong>in</strong></span> <span class='ocrx_word' id='word_1_574' title='bbox 2645 4634 2803 4695; x_wconf 88' lang='lat' dir='ltr'><strong>lsaia</strong></span> <span class='ocrx_word' id='word_1_575' title='bbox 2832 4633 3139 4715; x_wconf 89' lang='lat' dir='ltr'><strong>scriptum</strong></span> <span class='ocrx_word' id='word_1_576' title='bbox 3172 4634 3292 4697; x_wconf 88' lang='lat' dir='ltr'><strong>sit:</strong></span> <span class='ocrx_word' id='word_1_577' title='bbox 3329 4634 3448 4697; x_wconf 89' lang='lat' dir='ltr'><strong>Cor</strong></span> <span class='ocrx_word' id='word_1_578' title='bbox 3474 4654 3739 4705; x_wconf 56' lang='lat' dir='ltr'><strong>zamma.</strong></span> 
     </span>
     <span class='ocr_line' id='line_1_89' title="bbox 1965 4729 3450 4815; baseline -0.001 -19"><span class='ocrx_word' id='word_1_579' title='bbox 1965 4733 2146 4815; x_wconf 91' lang='lat' dir='ltr'><strong>impii</strong></span> <span class='ocrx_word' id='word_1_580' title='bbox 2195 4732 2378 4814; x_wconf 88' lang='lat' dir='ltr'><strong>quasi</strong></span> <span class='ocrx_word' id='word_1_581' title='bbox 2426 4750 2601 4794; x_wconf 87' lang='lat' dir='ltr'><strong>mare</strong></span> <span class='ocrx_word' id='word_1_582' title='bbox 2650 4729 2924 4806; x_wconf 81' lang='lat' dir='ltr'><strong>fervenS,</strong></span> <span class='ocrx_word' id='word_1_583' title='bbox 2956 4732 3125 4813; x_wconf 88' lang='lat' dir='ltr'><strong>quod</strong></span> <span class='ocrx_word' id='word_1_584' title='bbox 3164 4732 3450 4813; x_wconf 88' lang='lat' dir='ltr'><strong>quiesce-</strong></span> 
     </span>
    </p>

    <p class='ocr_par' dir='ltr' id='par_1_23' title="bbox 1965 4828 3561 5005">
     <span class='ocr_line' id='line_1_90' title="bbox 1965 4828 3561 4912; baseline -0.001 -19"><span class='ocrx_word' id='word_1_585' title='bbox 1965 4852 2032 4894; x_wconf 88' lang='lat' dir='ltr'><strong>re</strong></span> <span class='ocrx_word' id='word_1_586' title='bbox 2075 4850 2202 4893; x_wconf 90' lang='lat' dir='ltr'><strong>non</strong></span> <span class='ocrx_word' id='word_1_587' title='bbox 2244 4837 2474 4912; x_wconf 90' lang='lat' dir='ltr'><strong>potest.</strong></span> <span class='ocrx_word' id='word_1_588' title='bbox 2512 4832 2597 4890; x_wconf 77' lang='lat' dir='ltr'><strong>Et</strong></span> <span class='ocrx_word' id='word_1_589' title='bbox 2632 4828 2925 4910; x_wconf 87' lang='lat' dir='ltr'><strong>quamvis</strong></span> <span class='ocrx_word' id='word_1_590' title='bbox 2971 4829 3277 4893; x_wconf 88' lang='lat' dir='ltr'><strong>innocens</strong></span> <span class='ocrx_word' id='word_1_591' title='bbox 3325 4830 3443 4906; x_wconf 89' lang='lat' dir='ltr'><strong>fui,</strong></span> <span class='ocrx_word' id='word_1_592' title='bbox 3548 4859 3561 4867; x_wconf 77' lang='lat'><em>-</em></span> 
     </span>
     <span class='ocr_line' id='line_1_91' title="bbox 1965 4928 3450 5005; baseline -0.001 -12"><span class='ocrx_word' id='word_1_593' title='bbox 1965 4940 2175 4993; x_wconf 83' lang='lat' dir='ltr'><strong>tamen</strong></span> <span class='ocrx_word' id='word_1_594' title='bbox 2222 4931 2398 4989; x_wconf 72' lang='lat' dir='ltr'><strong>venit</strong></span> <span class='ocrx_word' id='word_1_595' title='bbox 2442 4948 2634 5005; x_wconf 81' lang='lat' dir='ltr'><strong>saper</strong></span> <span class='ocrx_word' id='word_1_596' title='bbox 2676 4948 2772 4987; x_wconf 83' lang='lat' dir='ltr'><strong>me</strong></span> <span class='ocrx_word' id='word_1_597' title='bbox 2814 4930 3211 5005; x_wconf 74' lang='lat' dir='ltr'><strong>indiynaeio,</strong></span> <span class='ocrx_word' id='word_1_598' title='bbox 3245 4928 3308 4990; x_wconf 89' lang='lat' dir='ltr'><strong>id</strong></span> <span class='ocrx_word' id='word_1_599' title='bbox 3355 4937 3450 4991; x_wconf 85' lang='lat' dir='ltr'><strong>est</strong></span> 
     </span>
    </p>

    <p class='ocr_par' dir='ltr' id='par_1_24' title="bbox 1964 5024 3452 5111">
     <span class='ocr_line' id='line_1_92' title="bbox 1964 5024 3452 5111; baseline -0.001 -21"><span class='ocrx_word' id='word_1_600' title='bbox 1964 5046 2153 5111; x_wconf 89' lang='lat' dir='ltr'><strong>poena</strong></span> <span class='ocrx_word' id='word_1_601' title='bbox 2182 5046 2218 5088; x_wconf 86' lang='lat' dir='ltr'><strong>a</strong></span> <span class='ocrx_word' id='word_1_602' title='bbox 2250 5027 2397 5103; x_wconf 90' lang='lat' dir='ltr'><strong>Deo,</strong></span> <span class='ocrx_word' id='word_1_603' title='bbox 2447 5026 2512 5087; x_wconf 91' lang='lat' dir='ltr'><strong>in</strong></span> <span class='ocrx_word' id='word_1_604' title='bbox 2545 5044 2671 5106; x_wconf 89' lang='lat' dir='ltr'><strong>quo</strong></span> <span class='ocrx_word' id='word_1_605' title='bbox 2716 5024 2809 5086; x_wconf 91' lang='lat' dir='ltr'><strong>ira</strong></span> <span class='ocrx_word' id='word_1_606' title='bbox 2837 5044 2965 5087; x_wconf 88' lang='lat' dir='ltr'><strong>non</strong></span> <span class='ocrx_word' id='word_1_607' title='bbox 2995 5025 3254 5108; x_wconf 89' lang='lat' dir='ltr'><strong>ponitur</strong></span> <span class='ocrx_word' id='word_1_608' title='bbox 3280 5044 3452 5089; x_wconf 89' lang='lat' dir='ltr'><strong>com-</strong></span> 
     </span>
    </p>

    <p class='ocr_par' dir='ltr' id='par_1_25' title="bbox 1967 5122 2868 5204">
     <span class='ocr_line' id='line_1_93' title="bbox 1967 5122 2868 5204; baseline -0.004 -15"><span class='ocrx_word' id='word_1_609' title='bbox 1967 5126 2164 5189; x_wconf 89' lang='lat' dir='ltr'><strong>motio</strong></span> <span class='ocrx_word' id='word_1_610' title='bbox 2194 5124 2416 5201; x_wconf 90' lang='lat' dir='ltr'><strong>animi,</strong></span> <span class='ocrx_word' id='word_1_611' title='bbox 2453 5124 2562 5185; x_wconf 90' lang='lat' dir='ltr'><strong>scd</strong></span> <span class='ocrx_word' id='word_1_612' title='bbox 2595 5122 2868 5204; x_wconf 77' lang='lat' dir='ltr'><strong>punitio,</strong></span> 
     </span>
    </p>
   </div>
  </div>
 </body>
</html>
