4309 6259
582 1595 713 1638 Pror.
728 1610 750 1644 i,
766 1598 833 1644 28,

570 1661 637 1700 29.

572 2085 646 2128 Ps.
662 2099 759 2134 xvii,
770 2087 831 2128 42.

583 2963 645 3007 1⁸.
664 2977 748 3015 xxi,
768 2967 835 3006 ¹2.

856 503 979 566 678-

1648 523 1993 569 ENARRATIO
2037 525 2097 568 IN
2141 525 2276 568 CAP.
2325 523 2492 569 XXXV
2533 523 2656 569 JOB.
2703 543 2783 553 —
2823 525 2966 570 ΛΒΤ.
3013 523 3157 569 Lxm

859 703 1164 767 eve-runt3
1213 699 1585 758 clamabunt
1616 695 1827 757 vitiosi
1868 704 2059 774 atque
2105 695 2347 757 feroces
2378 693 2427 756 Α
2460 715 2495 755 a
2525 715 2801 776 superna
2829 715 2980 758 cura
3011 697 3364 776 negligitur.
3385 698 3562 778 Saepe
3581 697 3754 759 enim
3777 699 3938 777 quod

858 791 1068 870 dignis
1103 792 1306 875 plagis
1338 793 1643 876 percussi,
1668 804 1726 853 et
1760 813 1883 854 non
1916 796 2221 853 eoeaudiet
2241 813 2348 855 eos

862 891 1045 964 Deus,
1072 903 1337 969 propter
1374 895 1741 969 superbiam
1772 896 2114 961 malorum,
2146 892 2210 953 id
2255 901 2344 953 est

862 997 1121 1068 propter
1149 1009 1367 1052 eorum
1400 990 1821 1068 arrogantiam
1854 991 1919 1051 in
1950 1009 2078 1071 qua
2106 1010 2351 1053 manse-

863 1095 1030 1162 runt,
1065 1106 1136 1149 ac
1180 1089 1417 1150 divinis
1463 1089 1793 1169 praeceptis
1844 1088 2104 1150 suerunt
2154 1090 2351 1151 rebel-

862 1184 951 1245 les
988 1202 1002 1245 ε
1038 1185 1124 1246 ita
1152 1188 1322 1266 quod
1366 1206 1491 1250 non
1538 1187 1973 1268 poenituerunt
2013 1189 2344 1264 veraciter,

862 1301 977 1344 nec
1007 1302 1081 1346 ex
1102 1303 1316 1347 amore
1346 1285 1476 1359 Dei,
1514 1286 1621 1347 sed
1648 1305 1723 1346 ex
1754 1285 2001 1366 privato
2031 1305 2246 1348 amore
2276 1306 2348 1349 ac

862 1382 1081 1444 servili
1134 1384 1359 1446 timore
1404 1385 1687 1466 procedit
1735 1385 1973 1446 clamor
2020 1386 2348 1466 oratioque

864 1479 1171 1560 ipsorum.
1204 1480 1380 1544 Unde
1428 1481 1493 1542 in
1522 1481 1881 1544 Proverbiis
1926 1483 2227 1544 Dominus
2270 1484 2348 1545 de

865 1576 1097 1639 talibus
1145 1588 1527 1659 prote-statur
1564 1597 1575 1641 :
1611 1581 1786 1642 Tunc
1820 1580 2091 1657 (scilicet
2136 1581 2202 1642 in
2243 1583 2350 1642 ad-

861 1675 1182 1737 versitatis
1224 1677 1747 1758 necessitatisque
1782 1683 2091 1759 tempore)
2119 1680 2350 1742 clama-

862 1773 1043 1848 bunt,
1076 1783 1139 1836 et
1170 1794 1295 1837 non
1330 1775 1692 1849 exaudiam;
1726 1795 1910 1837 mane
1939 1787 2344 1856 consurgent,

2463 793 2715 874 impleri
2747 794 3051 856 velociter
3081 795 3380 876 petimuS,
3413 814 3489 858 ex
3518 795 3658 877 ipsa
3691 797 3940 858 tardita-

2465 900 2523 953 te
2552 892 2780 954 melius
2812 903 3242 975 prosperatur.

2539 996 2764 1053 Etiam
2795 1014 3018 1071 quum,
3050 1012 3088 1056 o
3124 993 3260 1068 Job,
3302 996 3576 1064 dixer-258,
3617 996 3768 1056 Non
3809 1015 3943 1054 con-

2459 1091 2723 1162 siderat,
2773 1090 2836 1151 id
2877 1098 2995 1166 est,
3041 1092 3204 1153 Deus
3253 1091 3582 1154 hominum
3627 1101 3772 1154 acta
3821 1111 3942 1154 non

2463 1194 2705 1266 pensat,
2728 1205 2844 1248 nec
2871 1185 3144 1266 judicat:
3154 1188 3464 1263 judicare
3481 1207 3700 1249 coram
3721 1191 3859 1260 illo,
3881 1189 3942 1250 id

2460 1291 2570 1358 est,
2588 1302 2796 1346 coram
2828 1284 2954 1346 Deo
2983 1284 3200 1365 judica
3229 1303 3342 1365 per
3370 1293 3604 1346 rectam
3634 1285 3940 1348 rationem

2465 1391 2523 1443 te
2569 1382 2803 1462 ipsum,
2826 1382 3040 1443 omnia
3084 1391 3190 1443 'tua
3229 1381 3652 1460 discutiend0‚
3679 1392 3742 1446 et
3775 1384 3946 1446 inve-

2463 1480 2598 1542 nies
2641 1480 2805 1561 quod
2849 1480 3007 1542 Deus
3049 1481 3512 1562 providentiam
3542 1491 3802 1544 actuum
3841 1483 3947 1545 ha-

2461 1577 2606 1639 beat
2634 1578 3066 1652 humanorum,
3081 1587 3144 1640 et
3166 1579 3330 1659 quod
3355 1597 3468 1660 per
3491 1587 3630 1641 tuos
3652 1598 3944 1642 excessus

2457 1677 2630 1756 justo
2661 1675 2802 1756 ejus
2829 1676 3070 1756 judicio
3099 1677 3186 1738 sis
3217 1697 3578 1758 percussuS.
3613 1678 3752 1755 Vel,
3783 1681 3946 1743 Judi-

2461 1793 2604 1836 care
2633 1791 2845 1836 coram
2878 1775 3012 1851 illo,
3057 1775 3120 1835 id
3167 1783 3285 1846 est,
3320 1774 3400 1836 ab
3427 1794 3503 1837 eo
3531 1776 3756 1857 utique
3784 1778 3946 1858 judi-

862 1879 925 1934 et
954 1890 1078 1934 non
1114 1872 1443 1935 invenient
1474 1892 1597 1945 me,
1631 1893 1705 1935 eo
1748 1876 1916 1955 quod
1956 1895 2208 1937 exosam
2243 1877 2350 1938 ha·
2385 1874 2432 1935 B
2461 1873 2728 1948 caberis,
2765 1882 2828 1934 et
2856 1892 2969 1953 per
2997 1873 3424 1936 damnationis
3461 1882 3584 1936 tuae
3621 1877 3944 1957 experien-

863 1971 1119 2032 lmerint
1164 1970 1591 2054 disciplinam,
1644 1982 1707 2034 et
1756 1974 2045 2035 timorem
2099 1974 2346 2036 Domini

863 2088 988 2131 non
1018 2071 1436 2150 susceperint.
1462 2071 1535 2132 Et
1566 2071 1897 2134 Psalmista
1926 2071 2194 2134 fatetur:
2219 2073 2351 2135 Cla-

863 2176 1216 2241 maverunt‚
1255 2186 1371 2230 nec
1407 2177 1541 2230 erat
1572 2169 1684 2249 qui
1716 2170 1923 2232 salvos
1959 2170 2236 2248 faceret3
2270 2173 2348 2233 ad

862 2265 1221 2342 Dominum,
1256 2285 1373 2328 nec
1418 2268 1741 2330 exaudivit
1786 2287 1914 2330 eos
1965 2269 2203 2349 ltaque,
2238 2270 2346 2348 qui

861 2364 1132 2444 desuper
1181 2365 1355 2445 cupit
1408 2365 1638 2439 audiri,
1696 2385 2098 2447 nequaquam
2151 2388 2352 2430 rema-

862 2470 1006 2522 neat
1052 2462 1115 2523 in
1158 2462 1397 2524 affectu
1446 2465 1710 2544 peccati,
1748 2483 1863 2526 nec
1914 2465 1977 2525 in
2026 2465 2351 2528 voluntate.

861 2560 1165 2640 peccandi
1194 2584 1207 2632 3
1244 2562 1352 2622 sed
1384 2580 1459 2622 ex
1489 2563 1680 2623 corde
1713 2562 2014 2643 poeniteat
2048 2570 2109 2622 et
2139 2582 2352 2624 emen-

860 2657 988 2729 det,
1041 2663 1233 2737 atque
1282 2657 1359 2718 ad
1412 2657 1601 2719 Deum
1652 2657 2015 2718 mentaliter
2064 2677 2352 2722 amorose

862 2772 1230 2830 conversuS,
1268 2773 1339 2816 ac
1375 2753 1687 2835 justitiam
1732 2754 1967 2831 zelanS,
2016 2775 2234 2836 preces
2279 2757 2352 2819 fi-

863 2850 1198 2913 ducialiter
1259 2850 1489 2913 fundat
1546 2851 2001 2914 indesinenter.
2068 2854 2226 2917 Hinc
2285 2855 2350 2916 in

864 2948 1020 3010 lsaia
1044 2949 1353 3012 Dominus
1385 2949 1665 3029 loquitur
1700 2967 1713 3010 :
1750 2949 1813 3012 Si
1845 2952 2151 3032 quieritiS,
2187 2972 2354 3033 quae-

2465 1970 2614 2032 tiam
2655 1971 2838 2044 scies,
2874 1972 3042 2050 quod
3083 1971 3244 2032 Deus
3286 1980 3516 2035 cuncta
3561 1974 3938 2037 consideret.

2462 2069 2603 2130 ldeo
2664 2068 2959 2130 subditur
3014 2087 3027 2129 ε
3079 2080 3139 2129 et
3196 2081 3486 2148 exspecta
3533 2091 3704 2132 eum.
3759 2071 3940 2145 Quasi

2462 2167 2650 2242 dicat,
2678 2167 2986 2247 Tempore
3017 2185 3132 2228 suo
3164 2167 3412 2229 videbis
3440 2178 3750 2249 quantum
3783 2189 3946 2233 erra-

2463 2264 2629 2326 veris
2667 2282 2681 2324 :
2714 2265 2890 2344 juxta
2923 2264 3082 2326 illud
3113 2265 3632 2342 Machabaeorum,
3667 2267 3942 2348 Sustine,
3975 2293 4234 2338 nuceam.

2461 2372 2524 2424 et
2557 2360 2803 2425 videbis
2835 2362 3109 2444 qualiter
3143 2372 3202 2426 te
3233 2364 3393 2426 Deus
3427 2367 3770 2445 torquebit.
3979 2359 4042 2398 ¹³·

2545 2463 2738 2522 Nunc
2775 2463 2952 2521 enim
2991 2483 3120 2522 non
3161 2463 3366 2538 infert
3401 2464 3694 2539 furorem
3729 2487 3947 2536 suum,

2465 2559 2526 2619 id
2571 2566 2686 2632 est,
2725 2559 2790 2620 in
2841 2560 2958 2621 hac
3007 2559 3138 2620 vita
3187 2559 3349 2621 Deus
3401 2570 3764 2641 peccatores
3817 2564 3954 2626 lon-

2461 2657 2802 2736 ganimiter
2845 2658 3089 2733 tolerat,
3125 2667 3185 2720 et
3239 2659 3682 2738 poenitentiam
3731 2680 3950 2724 eorum

2462 2755 2778 2837 patienter
2823 2756 3166 2838 exspectat.
3203 2756 3476 2836 Flagella
3515 2777 3770 2840 quoque
3811 2779 3956 2842 quae

2465 2853 2568 2914 hic
2615 2853 2831 2930 infert,
2885 2874 2962 2916 ex
3013 2855 3450 2918 misericordia
3500 2859 3837 2938 prodeunt,
3893 2869 3956 2921 et

2464 2953 2541 3014 ad
2573 2953 3031 3015 correctionem
3058 2953 3388 3016 hominum
3416 2957 3843 3019 communiter
3863 2976 3958 3020 or-

868 3049 1024 3122 rite3
1070 3047 1517 3110 convertimini
1563 3057 1624 3110 et
1665 3049 1875 3111 venite
1911 3067 1925 3110 τ
1970 3050 2089 3113 hoc
2134 3060 2252 3128 est,
2297 3054 2350 3114 si
2387 3055 2431 3117 (J
2465 3051 2768 3112 dinantur
2804 3069 2817 3112 ε
2855 3051 3158 3131 quoniam
3201 3068 3404 3132 poenae
3446 3053 3592 3116 vitae
3620 3057 3954 3135 praesentis

864 3165 965 3208 me
994 3145 1303 3226 quaeritiS‚
1339 3152 1487 3208 vere
1515 3155 1577 3208 et
1604 3165 1681 3208 ex
1712 3148 1900 3209 corde
1934 3167 2033 3209 me
2059 3150 2346 3230 quaerite.

944 3246 1088 3306 Non
1138 3245 1313 3304 enim
1358 3246 1613 3320 frustra
1659 3248 1879 3306 audiet
1927 3249 2117 3308 Deus.
2157 3247 2352 3329 Supe-

864 3341 996 3403 rius
1027 3340 1206 3415 dixit,
1240 3343 1409 3421 quod
1450 3342 1833 3404 calumniam
1878 3345 2192 3426 patientes
2239 3367 2350 3408 seu

864 3438 1554 3518 injuriati,clamabunt
1583 3449 1645 3502 ct
1674 3441 2004 3520 ejulabunt
2035 3462 2346 3523 :quorum

862 3539 1023 3600 Deus
1043 3539 1218 3600 audit
1242 3539 1597 3603 clamorem.
1616 3541 1851 3605 Deinde
1874 3543 2164 3624 subjecit,
2183 3547 2343 3624 quod

860 3639 1020 3700 Deus
1060 3637 1323 3700 vitiosos
1352 3647 1415 3700 et
1454 3658 1861 3720 oppressores
1901 3640 2171 3703 aliorum
2218 3662 2342 3705 non

858 3736 1071 3798 audiet
1116 3755 1129 3798 :
1174 3738 1359 3818 cujus
1406 3738 1715 3799 rationem
1766 3738 2121 3818 assignam,
2176 3761 2345 3803 nunc

856 3835 965 3908 ait,
1002 3835 1134 3897 Non
1182 3836 1353 3898 enim
1397 3835 1630 3897 frustra
1667 3837 1881 3898 audiet
1914 3838 2096 3900 Deus,
2133 3840 2347 3920 ltaque

859 3952 1084 3994 sensus
1116 3942 1230 4009 est,
1269 3934 1441 4014 quod
1482 3935 1643 3995 Deus
1684 3952 1809 3996 non
1857 3934 2089 3996 frustra
2132 3937 2348 4000 audiet

860 4033 1225 4108 clamorem,
1279 4051 1530 4113 precem
1591 4039 1651 4093 et
1702 4033 2009 4110 gemitum
2068 4035 2348 4099 afflicto-

860 4149 1042 4204 rum3
1088 4131 1196 4193 sed
1244 4131 1349 4212 pie
1398 4139 1587 4210 atque
1632 4131 1971 4194 salubriter
2013 4152 2119 4196 eos
2164 4155 2348 4196 exau-

2463 3150 2878 3212 medicinales
2927 3149 3250 3227 dicuntur,
3287 3158 3584 3231 tanquam
3629 3153 3706 3214 ad
3749 3171 3956 3216 corre-

2463 3247 2738 3309 ctionem
2770 3247 3150 3329 patientium
3173 3247 3508 3323 ordinatae3
3531 3250 3828 3329 quamvis
3859 3252 3954 3312 in-

2463 3347 2708 3408 terdum
2763 3347 3091 3424 contingat
3147 3346 3510 3427 oppositum
3563 3348 3627 3408 in
3677 3349 3948 3428 quibus-

2461 3447 2628 3520 dam,
2677 3463 2834 3526 quos
2885 3444 3048 3506 Deus
3095 3444 3160 3504 in
3209 3446 3338 3506 vita
3384 3444 3500 3506 hac
3551 3445 3947 3510 horribiliter

2463 3544 2694 3625 plagat,
2729 3551 2789 3604 et
2831 3542 3214 3604 :eternaliter
3259 3543 3519 3624 insuper
3559 3544 3840 3621 damnat,
3877 3557 3942 3608 ut

2462 3643 2526 3702 in
2577 3641 2898 3703 Pharaone
2939 3650 3002 3704 et
3043 3640 3198 3715 suis,
3237 3641 3298 3702 iu
3346 3641 3580 3704 Dathan
3611 3650 3676 3703 et
3702 3643 3942 3707 Abii-on
4001 3666 4222 3706 emm

2462 3738 2820 3801 innotescit..
2859 3742 2991 3801 Nec
3019 3741 3356 3799 ulciscitur
3391 3744 3586 3799 scelus·
3623 3745 3837 3806 valde.
3878 3743 3942 3803 id
3973 3729 4050 3830 Ξῖ
4089 3727 4220 3830 ,⁸3¹2

2459 3845 2572 3911 est,
2608 3845 2864 3918 peccata
2892 3836 3221 3898 hominum
3266 3836 3330 3898 in
3374 3836 3604 3900 saeculo
3649 3838 3770 3900 isto
3813 3857 3942 3902 non
3973 3823 4064 3893 ³³s

2459 3936 2738 4000 vindicat
2782 3936 3131 3997 secundum
3173 3935 3442 4013 rigorem
3485 3955 3614 3997 suae
3650 3937 3938 4017 justitias,

2459 4053 2574 4096 nec
2607 4032 2878 4094 multum
2905 4033 3211 4108 districte,
3237 4033 3346 4094 sed
3368 4033 3524 4095 citra
3553 4035 3940 4114 condignum

2459 4143 2520 4196 et
2551 4133 2654 4214 pie
2687 4151 2856 4194 nunc
2885 4131 3069 4212 punit
3099 4141 3160 4193 et
3191 4132 3490 4194 admonet
3521 4151 3631 4214 per
3649 4132 3935 4211 adversa,

860 4231 993 4292 diet
1028 4248 1041 4291 :
1076 4248 1346 4311 quorum
1396 4229 1737 4292 clamorem
1791 4231 2024 4292 frustra
2071 4235 2341 4310 audiret,
2375 4236 2424 4296 D
2455 4232 2632 4312 juxta
2663 4229 2819 4291 illud
2853 4229 3189 4310 Sapientiae
3223 4247 3236 4290 :
3271 4229 3582 4292 Misereris
3625 4231 3936 4303 omnium,
3969 4253 4217 4308 smmi.

862 4328 912 4388 si
958 4336 1016 4389 et
1062 4345 1469 4408 oppressores
1514 4346 1731 4390 eorum
1772 4328 1837 4389 in
1878 4330 2009 4391 suis
2048 4332 2344 4412 precibus

861 4425 1207 4500 exaudiret,
1245 4426 1593 4506 praesertim
1636 4426 1786 4506 quia
1816 4429 1910 4504 (ut
1952 4429 2190 4491 dictum
2223 4435 2348 4512 est)

860 4522 1169 4605 oppressi,
1216 4543 1289 4584 ex
1328 4523 1462 4586 zelo
1500 4524 1763 4603 justitiae
1804 4535 1985 4588 orant
2022 4528 2243 4604 Deum,
2279 4539 2346 4591 ut

860 4620 1365 4684 adversariorum
1412 4640 1670 4684 suorum
1718 4623 2107 4704 impietatem
2145 4645 2219 4688 ac
2259 4626 2346 4688 se-

861 4719 1093 4781 rociam
1144 4719 1356 4781 debite
1408 4719 1769 4783 ulciscatur.
1807 4725 1893 4782 E!
1936 4727 2346 4800 Omnipotens

854 4839 1078 4878 causas
1115 4820 1527 4894 sinyulorum
1571 4821 1951 4892 intuebitur,
1984 4820 2047 4882 id
2093 4830 2210 4896 est,
2245 4843 2346 4885 ac-

856 4925 977 4988 tuS,
1014 4915 1287 4995 negotia,
1325 4917 1753 4992 necessitates,
1798 4926 1965 4993 vota,
2014 4938 2234 4999 preces
2282 4930 2344 4982 et

854 5016 1061 5076 studia
1098 5014 1399 5076 omnium
1450 5015 1898 5089 considerabit,
1934 5017 2061 5080 imo
2110 5018 2344 5080 indesi-

854 5122 1079 5175 nenter
1121 5112 1501 5186 considerat,
1538 5120 1607 5172 ut
1643 5113 1855 5175 omnia
1893 5115 2062 5193 juste
2099 5117 2337 5196 judicet

854 5220 915 5272 et
946 5211 1262 5293 disponat.
1298 5210 1478 5272 Circa
1508 5211 1678 5291 quod
1713 5211 1935 5273 scribit
1963 5212 2336 5292 Gregorius:

852 5308 1046 5370 Ncmo
1089 5308 1200 5388 qui
1245 5308 1483 5370 tardius
1522 5308 1877 5384 exauditur,
1914 5312 2125 5372 credat
2168 5314 2338 5391 quod

2461 4329 2744 4403 Domine,
2781 4328 3081 4408 quoniam
3131 4327 3346 4390 omnia
3395 4338 3598 4409 poteS,
3647 4337 3709 4392 et
3756 4331 3944 4392 dissi-

2461 4427 2663 4488 mulas
2698 4435 2952 4508 peccata
2984 4426 3312 4488 hominum
3347 4435 3605 4508 propter
3635 4429 3944 4509 poeniten-

2460 4525 2633 4586 tiam.
2659 4525 2798 4586 Haec
2827 4533 3038 4586 autem
3071 4524 3212 4586 Eliu
3249 4523 3588 4586 introducit
3617 4535 3840 4588 contra
3869 4547 3942 4589 ea

2457 4643 2600 4704 quae
2631 4624 2922 4704 superius
2950 4623 3067 4685 Job
3097 4623 3365 4698 induxit,
3403 4624 3466 4686 in
3500 4624 3736 4704 quibus
3771 4645 3944 4688 asse—

2461 4722 2583 4783 ruit
2626 4741 2692 4784 se
2731 4721 2896 4783 ultra
2935 4739 3122 4802 quam
3163 4720 3394 4782 meruit
3427 4721 3844 4800 flagellatum,
3879 4733 3942 4786 et

2456 4821 2627 4901 quod
2675 4829 2896 4882 contra
2943 4839 3088 4881 eum
3139 4817 3312 4881 furor
3357 4819 3460 4880 Dei
3507 4829 3673 4882 esset.
3717 4821 3938 4884 iratus,

2454 4918 2777 4987 Praeterea‚
2809 4918 2984 4996 juxta
3016 4916 3407 4996 Gregorium‚
3434 4918 3596 4979 Deus
3627 4919 3736 4981 diu
3771 4939 3942 4982 nunc

2457 5015 2687 5097 impios
2722 5015 2966 5092 tole-rat,
3003 5015 3306 5096 quoniam
3347 5016 3730 5080 aeternaliter
3767 5019 3944 5080 dam-

2456 5123 2602 5186 nat3
2647 5122 2705 5175 et
2741 5113 3020 5175 furorem
3055 5133 3240 5175 suum
3275 5133 3443 5176 nunc
3487 5115 3722 5178 inferre.
3759 5117 3944 5178 dissi-

2453 5212 2673 5286 mulat,
2709 5213 2859 5292 quia
2895 5211 3361 5274 effundendum
3395 5213 3532 5276 sine
3567 5213 3701 5276 sine
3731 5215 3796 5275 in
3829 5235 3942 5297 po-

2453 5320 2690 5373 sterum
2733 5319 2961 5372 servat.
2997 5311 3158 5372 Eant.
3188 5329 3338 5391 ergo
3371 5331 3539 5374 nunc
3573 5313 3850 5392 reprobi,
3877 5323 3937 5376 et
