4309 6259
855 487 974 549 268

1183 508 1528 556 malumno
1572 510 1634 554 IN
1677 510 1814 556 CAP.
1859 510 2028 556 XXXV
2070 510 2228 555 LIBRI
2270 510 2521 556 SECUNDI
2562 508 3090 555 PARAMPOMENON.
3135 528 3215 539 —
3256 508 3399 553 ΛΒΤ.
3443 505 3609 551 XXXV

853 681 1080 739 anima
1109 700 1255 749 sua,
1275 681 1638 761 faceretque
1665 703 1807 760 quoe
1824 685 2066 760 scripta
2085 692 2237 741 sunt
2268 684 2337 741 in
2371 680 2419 743 A
2450 700 2592 761 quae
2642 680 2874 743 multas
2919 681 3209 761 regiones
3246 680 3741 743 Chananaeorum
3784 677 3937 738 inde

855 779 1183 837 volumine
1203 780 1316 838 illo
1337 782 1507 858 quod
1530 783 1786 857 legerat.
1811 781 2175 857 Adjuravil
2194 800 2341 858 quo-

849 894 970 953 que
998 896 1189 953 super
1209 880 1324 937 lzoo
1353 898 1566 938 omnes
1585 882 1702 957 qui
1719 882 1958 955 reperti
1976 880 2243 955 fuerant
2266 881 2339 938 in

845 976 1204 1035 Jerusalem
1219 985 1278 1035 el
1293 980 1428 1036 Ben
1421 978 1660 1053 jamin.
1679 980 1765 1037 El
1779 980 2072 1054 fecerunt
2097 980 2252 1037 habi
2257 987 2339 1037 la-

853 1080 1012 1132 tores
1030 1076 1388 1133 Jerusalem
1405 1076 1614 1151 juaela
1629 1086 1898 1152 pactum
1923 1078 2191 1135 Domini
2220 1078 2340 1135 Dei

845 1180 1116 1247 patrum
1146 1193 1434 1234 suorum.
1466 1176 1750 1234 Abstulit
1781 1194 1926 1249 erqo
1953 1176 2163 1236 Josias
2183 1195 2339 1234 eun-

851 1279 983 1329 clas
1003 1272 1508 1331 abominationes
1531 1276 1610 1331 de
1627 1275 1950 1333 universis
1969 1275 2338 1349 reqionibus

849 1369 1142 1443 filiorum
1162 1371 1384 1440 Israel,
1411 1369 1473 1431 id
1502 1377 1598 1431 est
1628 1371 1705 1432 de
1736 1377 1866 1432 tota
1898 1378 2062 1433 terra
2090 1389 2333 1447 eorum,

2448 780 2605 843 olim
2636 781 2981 861 ejectorum
3018 778 3417 852 includebat3
3450 787 3510 838 ec
3535 780 3687 854 feeit
3718 796 3935 837 omnes

2448 880 2565 957 qui
2583 880 2833 938 residui
2840 888 3037 939 erant
3060 880 3131 937 in
3152 881 3377 947 Israel,
3400 878 3639 936 servire
3658 876 3933 935 Domino

2446 981 2574 1038 Deo
2604 998 2735 1037 suo,
2760 979 3019 1037 Cunctis
3036 978 3260 1037 diebus
3282 978 3348 1035 vi
3352 986 3429 1037 ια’
3447 996 3579 1036 sua’
3596 994 3725 1033 non
3744 992 3937 1032 reces-

2444 1086 2666 1136 serunt
2696 1096 2737 1135 a
2762 1079 3035 1136 Domino
3062 1079 3189 1135 Deo
3210 1085 3479 1151 patrum
3506 1093 3797 1141 suorum,
3820 1090 3933 1152 per

2448 1173 2895 1250 idololatriam,
2932 1181 3040 1235 aut
3071 1191 3183 1255 per
3220 1172 3579 1251 generalem
3618 1168 3935 1232 deforma-

2446 1272 2709 1334 tionem.
2734 1271 2868 1345 Quo
2888 1279 3157 1348 constat,
3183 1279 3423 1353 quanta
3452 1270 3619 1332 bona
3646 1268 3835 1331 faeiat
3862 1268 3933 1329 in

2445 1387 2635 1451 grege
2666 1369 2789 1431 sibi
2829 1369 3168 1432 commisso
3208 1368 3555 1450 praesidens
3586 1366 3931 1429 virtuosus,

1871 1747 2520 1833 ARTICULUS
2598 1749 2915 1831 XXXV

901 1993 1212 2039 Expost'rlo
1253 1994 1524 2039 CAPITULI
1566 1994 1868 2039 Tntcsssmt
1908 1994 2112 2048 QUINTI
2145 1995 2160 2038 :
2202 1994 2375 2039 Ft-:ct'r
2416 1994 2619 2040 Auri-:u
2660 1994 2863 2040 Joslas
2906 1995 2967 2039 IN
3003 1996 3351 2042 JERUSALEM
3390 1998 3589 2041 PuASE
3630 1996 3878 2041 DomNO.

985 2246 1478 2311 ESCRIBITUR
1523 2246 1589 2309 in
1628 2247 1748 2310 hoe
1787 2247 1926 2309 loco
1969 2248 2340 2311 solennissi-
2377 2246 2423 2306 B
2451 2248 2709 2309 domum
2735 2247 2947 2309 Holdae
2980 2248 3391 2330 prophetissae
3411 2256 3677 2330 portata,
3702 2256 3763 2311 et
3786 2248 3937 2311 inde

1008 2365 1108 2408 ma
1140 2346 1390 2409 Pasehae
1421 2346 1766 2409 celebratio
1799 2346 1968 2409 facta
1996 2366 2032 2409 a
2063 2366 2210 2426 rege
2237 2348 2337 2409 Jo-

850 2445 946 2507 sia
990 2446 1416 2522 sanctissime,
1449 2454 1511 2508 et
1555 2447 2018 2509 consummatio
2063 2447 2204 2528 ejus
2248 2448 2343 2509 lu-

852 2552 1092 2607 ctuosa.
1141 2547 1318 2607 Fecit
1361 2554 1578 2605 autem
1619 2546 1826 2605 Josias
1875 2548 1947 2605 in
1987 2550 2343 2608 Jerusalem

855 2646 1064 2705 Please
1111 2647 1408 2713 Domino,
1461 2642 1526 2705 id
1582 2650 1678 2704 est
1737 2644 2032 2724 paschale
2091 2644 2341 2707 sacrifi-

856 2741 1051 2818 cium,
1085 2749 1149 2805 et
1198 2741 1528 2804 constituit
1579 2742 1934 2805 sacerdotes
1983 2743 2048 2804 in
2098 2743 2341 2807 officiis

861 2841 1017 2917 suiS,
1052 2840 1479 2922 praecipiendo
1519 2840 1633 2917 eiS,
1669 2848 1738 2901 ut
1774 2840 1952 2921 juxta
1990 2841 2345 2906 distinetio-

581 2948 825 2999 tPar-xxnv.
860 2958 1004 3001 nem
1037 2957 1256 3001 eorum
1289 2958 1324 2999 a
1345 2937 1539 3001 David
1573 2938 1951 3017 institutam,
1987 2960 2054 3003 se
2084 2941 2346 3005 colloca-

569 3014 592 3053 3
613 3014 656 3053 et
672 3022 765 3065 neq.

859 3045 1021 3113 rent,
1058 3045 1120 3099 et
1151 3056 1264 3099 sua
1293 3037 1518 3101 devote
1549 3036 1774 3099 officia
1800 3050 2337 3119 exsequerentur:

857 3135 998 3198 ideo
1021 3135 1334 3211 subditur,
1360 3139 1530 3215 quod
1549 3138 1956 3198 immolatum
1976 3149 2064 3197 est
2087 3149 2345 3217 quarta-

854 3238 1105 3296 decima
1134 3237 1242 3294 die
1269 3237 1502 3295 mensis
1527 3237 1756 3311 primi.
1781 3239 1862 3297 Ec
1891 3239 2225 3297 constituit
2244 3260 2343 3299 sa-

855 3336 1130 3394 cerdotes
1179 3335 1246 3393 in
1307 3335 1531 3409 officiis
1583 3336 1745 3403 suis,
1791 3337 2205 3414 hortatusque
2254 3348 2342 3399 esc

2453 2347 2571 2408 sub
2600 2347 2767 2409 Josia
2809 2348 2887 2409 ad
2933 2347 3241 2429 templum
3288 2348 3503 2410 relata.
3538 2348 3755 2410 Glossa
3784 2365 3937 2411 vero

2453 2445 2757 2507 chraica
2784 2446 2959 2522 dicit,
2994 2447 3164 2527 quod
3195 2464 3339 2509 arca
3377 2465 3503 2509 non
3538 2444 3660 2508 fuit
3685 2446 3763 2508 de
3793 2446 3935 2509 loco

2453 2563 2569 2606 suo
2610 2544 3016 2625 transposita,
3064 2545 3172 2607 sed
3215 2563 3329 2626 per
3367 2544 3685 2607 Manassen
3735 2554 3937 2607 tracta

2452 2643 2529 2704 ad
2576 2651 2843 2723 partem,
2877 2652 3193 2724 quatenus
3232 2643 3297 2704 in
3338 2643 3477 2706 loco
3520 2643 3658 2723 ejus
3691 2643 3933 2706 idolum

2452 2741 2622 2823 quod
2654 2740 2967 2805 Manasses
3005 2741 3226 2819 coluit,
3260 2751 3622 2823 poneretur.
3654 2741 3935 2803 Primum

2452 2842 2678 2903 horum
2720 2840 3013 2922 reprobat
3043 2840 3223 2921 Lyra,
3257 2840 3409 2922 quia
3438 2840 3491 2901 si
3521 2859 3665 2902 arca
3708 2839 3937 2902 fuisset

2453 2940 2659 3023 posita
2702 2948 2878 3001 extra
2910 2938 3216 3020 templum
3262 2939 3380 3001 sub
3409 2938 3633 3012 Achaz,
3668 2957 3795 3001 non
3836 2948 3939 3001 est

2453 3038 2801 3105 verisimile
2848 3037 3006 3119 quin
3054 3038 3317 3100 devotus
3364 3056 3471 3100 rex
3508 3037 3801 3099 Ezechias
3844 3038 3937 3100 l'e-

2452 3138 2643 3201 cisset
2672 3155 2809 3199 eam
2843 3136 3082 3198 reduci.
3118 3136 3477 3199 Secundum
3508 3135 3695 3199 etiam
3731 3155 3939 3218 repre-

2452 3236 2695 3313 hendit,
2730 3234 2886 3317 quia
2916 3235 2969 3297 si
3010 3254 3157 3297 arca
3184 3235 3521 3298 mansisset
3552 3235 3616 3297 in
3649 3243 3939 3297 sanctua-

2452 3336 2568 3412 rio,
2603 3334 2802 3397 Josias
2837 3352 2963 3397 non
2992 3333 3288 3415 jussisset
3316 3333 3551 3396 Levitis
3589 3335 3757 3416 quod
3792 3354 3935 3397 eam

854 3452 975 3503 eos,
1011 3442 1084 3492 uc
1127 3434 1578 3493 ministrarent
1607 3435 1678 3491 in
1711 3436 1896 3494 domo
1927 3436 2221 3503 Domini,
2251 3454 2344 3497 sa·
2376 3427 2421 3490 C
2454 3435 2517 3497 in
2551 3432 2911 3496 sanctuario
2944 3440 3271 3514 ponerent,
3307 3432 3607 3513 quoniam
3652 3441 3941 3494 sanctua-

855 3529 1208 3593 cril'icando
1238 3538 1301 3591 et
1331 3530 1662 3592 incensum
1694 3531 2012 3611 ponend0,
2042 3551 2114 3593 ac
2136 3533 2343 3595 eonsi-

855 3628 1035 3691 milia
1078 3629 1154 3691 ad
1203 3646 1423 3691 eorum
1467 3626 1761 3691 officium
1810 3630 2193 3710 pertinentia
2243 3652 2343 3694 ex-

855 3727 1178 3809 sequendo
1233 3726 1300 3787 in
1353 3726 1610 3808 templo.
1661 3730 1903 3788 Levitis
1951 3750 2221 3807 quoque,
2256 3735 2343 3791 ad

853 3848 1130 3907 quorum
1167 3828 1596 3886 eruditionem
1628 3828 1838 3886 omnis
1866 3831 2071 3886 Israel
2111 3831 2341 3889 sancti-

852 3928 1172 4003 fi'cabatur
1199 3926 1498 3995 Domine,
1548 3924 1610 3985 id
1661 3932 1756 3986 est
1797 3922 1954 3986 siliis
2006 3924 2179 4001 Levi,
2227 3927 2337 4007 qui

852 4042 1256 4087 communem
1309 4023 1614 4105 populum
1663 4024 2016 4085 docuerunt
2063 4023 2341 4105 qualiter

851 4142 918 4186 se
941 4130 1321 4204 praepararet
1339 4122 1417 4183 ad
1435 4121 1878 4185 solennitatem
1897 4122 2148 4185 Paschae
2164 4142 2343 4204 agen-

850 4221 1020 4298 dam,
1057 4226 1301 4282 locutus
1349 4230 1437 4280 est
1475 4242 1497 4280 .·
1537 4223 1773 4283 Ponite
1811 4242 2033 4282 arcam
2073 4225 2144 4282 in
2194 4244 2343 4283 san-

849 4321 1102 4379 ctuario
1149 4320 1392 4396 templi,
1429 4322 1598 4398 quod
1641 4322 1993 4396 (edificavit
2033 4324 2335 4383 Salomon

851 4421 900 4489 fi
906 4419 1034 4476 lius
1051 4420 1188 4476 Dav
1199 4419 1266 4475 id
1285 4438 1400 4475 rea>
1417 4420 1633 4477 Israel.
1661 4416 1894 4479 Levitae
1913 4417 2090 4498 juxta
2111 4420 2343 4501 praeha-

851 4514 986 4576 bita
1006 4534 1122 4577 nec
1145 4514 1466 4591 Sanctum,
1493 4534 1608 4578 nec
1630 4515 1924 4579 Sanctum
1950 4527 2337 4593 sanctornm,

2456 3533 2617 3595 rium
2652 3532 2916 3593 introire
2946 3549 3074 3593 non
3104 3530 3288 3593 licuit
3318 3530 3431 3593 eis.
3456 3531 3615 3594 Hine
3648 3530 3940 3612 probabi-

2453 3632 2575 3694 lius
2605 3631 2924 3714 opinatur,
2958 3631 3128 3711 quod
3171 3639 3454 3711 tempore
3484 3630 3777 3693 Manassae
3812 3628 3837 3691 l'
3842 3632 3939 3692 uit

2451 3739 2627 3793 extra
2676 3728 2981 3810 templum
3036 3736 3303 3809 portata,
3335 3736 3399 3791 et
3444 3728 3563 3791 sub
3608 3729 3775 3792 Josia
3822 3748 3939 3810 per

2452 3828 2699 3893 Levitas
2740 3835 3059 3910 reportata
3086 3846 3291 3908 usque
3324 3827 3403 3888 ad
3446 3827 3663 3908 templi
3696 3826 3941 3908 ingres-

2452 3948 2615 4003 sum,
2648 3936 2839 4009 atque
2869 3927 2948 3990 ab
2980 3926 3091 3989 illo
3122 3926 3263 3988 loeo
3296 3944 3407 4007 per
3446 3926 3799 3989 sacerdotes
3830 3926 3940 3989 de-

2452 4026 2598 4100 lata,
2647 4033 2709 4086 et
2760 4024 2822 4086 in
2876 4024 3234 4087 sanctuario
3284 4022 3511 4106 posita.
3562 4023 3703 4087 Haec
3750 4024 3934 4105 Lyra.

2453 4124 2570 4187 Sed
2622 4123 2879 4194 mirum,
2928 4123 2979 4183 si
3024 4122 3317 4185 Manassae
3370 4122 3759 4204 temporibus
3810 4119 3938 4183 suit

2452 4223 2615 4285 elata
2645 4223 2723 4284 de
2763 4220 3025 4302 temp10,
3058 4221 3229 4302 quod
3271 4221 3409 4302 ipse
3436 4221 3745 4283 Manasses
3790 4228 3937 4302 post

2452 4341 2630 4383 suam
2668 4319 3149 4383 conversionem
3197 4337 3323 4381 non
3370 4317 3523 4380 feeit
3565 4337 3769 4381 arcam
3816 4338 3935 4380 suo

2451 4419 2701 4481 restitui
2740 4418 2900 4494 loco,
2938 4417 3287 4500 praesertim
3316 4436 3513 4499 quum
3558 4436 3745 4498 supra
3785 4416 3937 4478 seri-

2452 4528 2631 4600 ptum
2677 4516 2761 4578 sit
2796 4534 2808 4577 :
2845 4515 3122 4578 Abstulit
3150 4516 3463 4578 Manasses
3502 4516 3651 4578 deos
3692 4514 3933 4577 alienos

854 4612 917 4675 id
949 4620 1046 4675 est
1077 4631 1192 4674 nec
1224 4613 1596 4676 exteriorem
1639 4633 1755 4676 nec
1787 4614 2152 4678 interiorem
2189 4623 2344 4678 tem·
2374 4618 2423 4679 D
2452 4623 2513 4679 et
2544 4615 2884 4677 simulacra
2913 4615 2990 4677 de
3019 4615 3208 4676 domo
3237 4614 3510 4689 Domini,
3546 4622 3609 4675 et
3636 4613 3937 4675 instaura—

854 4712 944 4793 pli
969 4720 1211 4792 partem
1234 4711 1551 4774 intrabant
1575 4730 1589 4773 ε
1614 4714 1934 4793 quomodo
1955 4732 2104 4795 ergo
2127 4713 2343 4795 praeci-

854 4810 1028 4893 pitur
1056 4809 1170 4887 eiS,
1197 4828 1434 4892 ponere
1462 4829 1672 4872 arcam
1707 4811 1771 4872 in
1803 4812 2165 4874 sanctuario
2199 4820 2346 4874 tem-

854 4907 968 4991 pli,
995 4907 1058 4970 id
1080 4917 1176 4970 est
1198 4908 1260 4969 in
1286 4908 1513 4971 Sancto
1537 4913 1936 4971 sanctorum?
1957 4909 2263 4990 Denique,
2290 4909 2341 4971 si

854 5007 1151 5088 ponenda
1181 5014 1316 5068 erat
1347 5006 1608 5083 ibidem,
1637 5007 1766 5088 jam
1800 5016 1976 5070 extra
2005 5006 2163 5069 illud
2199 5006 2341 5070 fuit.

933 5105 1115 5169 Circa
1144 5105 1264 5167 hoc
1296 5104 1492 5168 refert
1523 5105 1684 5188 Lyra
1726 5124 1740 5167 :
1779 5105 1966 5168 Libro
2010 5106 2089 5168 de
2119 5106 2349 5168 Hebra-

860 5202 974 5265 icis
1025 5203 1488 5284 quaestionibus
1537 5203 1793 5280 dieitur,
1840 5205 2011 5286 quod
2065 5213 2348 5285 tempore

863 5301 1067 5364 Achaz
1113 5301 1478 5379 idololatrae,
1525 5321 1671 5365 area
1716 5302 1842 5364 fuit
1874 5303 1952 5365 de
1994 5303 2232 5386 templo
2272 5305 2348 5367 ad

2453 4714 2546 4775 vit
2582 4713 2780 4775 altare
2810 4711 3084 4789 Domini,
3126 4720 3246 4774 etc.
3279 4712 3493 4775 Potius
3535 4711 3725 4792 igitur
3768 4729 3929 4785 reor,

2453 4812 2622 4893 quod
2653 4811 2771 4873 sub
2806 4810 3187 4893 impiissimo
3212 4810 3545 4873 idololatra
3564 4810 3762 4873 Arnon
3796 4810 3936 4872 silio

2454 4910 2750 4973 Manassae
2799 4908 3005 4991 potuit
3038 4907 3182 4970 fieri
3228 4908 3584 4990 deportatio
3628 4907 3737 4969 illa
3778 4926 3937 4969 areae

2454 5016 2630 5071 extra
2659 5006 2987 5090 proprium
3011 5007 3245 5069 locum.

2540 5110 2966 5185 Nequaquam
2996 5108 3173 5165 enim
3202 5126 3341 5166 eam
3374 5108 3551 5165 ultra
3574 5105 3938 5182 portabitis,

2459 5206 2522 5268 id
2556 5213 2672 5281 est,
2709 5224 2855 5266 arc-a
2884 5204 2961 5266 de
2992 5212 3201 5267 cetero
3234 5204 3363 5265 fixa
3392 5202 3675 5265 manebit
3704 5202 3766 5263 in
3798 5202 3939 5264 loco

2458 5321 2595 5381 sue,
2631 5322 2748 5367 nee
2779 5310 3036 5385 propter
3079 5310 3189 5365 aut
3218 5321 3330 5385 per
3368 5300 3733 5365 idololatras
3760 5298 3939 5365 aufe-

4018 4534 4057 4576 11
4090 4535 4209 4575 Par.

3965 4610 4119 4643 xxxin,
4150 4600 4217 4641 ¹1».

3966 4662 4033 4702 16.
