4309 6259
113 1480 294 1523 ,llic-h.
323 1496 400 1533 ιιι,

71 2271 194 2315 Lae.
210 2276 394 2323 nna-¹5.

119 2470 196 2515 Is.
221 2486 290 2523 xl,
315 2474 369 2516 5.

79 4553 204 4595 Ibid.
219 4554 380 4600 ηιξ-’.4.

81 4752 224 4795 Prot.
239 4753 380 4799 ³322,

1297 502 1648 550 manna-luo
1690 504 1753 549 ιΝ
1795 504 1930 551 m.
1977 504 2065 551 111
2105 508 2232 554 son.
2276 529 2357 540 —
2398 511 2540 556 aar.
2586 510 2714 558 xxx
3432 502 3548 566 487

445 682 584 737 tum
631 676 981 755 ducuntur,
1027 676 1239 740 media
1287 673 1432 753 fini,
1485 676 1637 737 vilia
1688 676 1946 758 optimis
1977 676 2028 739 A
2059 678 2466 744 tiosissimam
2520 704 2697 747 suam
2739 706 2813 749 ac
2862 688 3173 751 lubricam
3222 689 3417 752 vitam
3466 690 3550 753 ab

443 772 886 855 praeferenteS.
921 781 1006 839 Ec
1030 777 1294 854 judices
1333 778 1400 835 in
1443 784 1788 853 stuporem.
1821 776 1948 839 Hoc
2055 779 2355 842 omnibus
2415 791 2934 862 contemnuntur,
2994 787 3437 865 diffamantur,
3488 798 3552 851 et

441 870 546 949 fit,
602 874 756 936 dum
809 876 932 939 Deo
979 876 1148 957 juste
1195 874 1466 949 sinente,
1512 873 1834 956 principes
1885 883 1948 937 et
2056 877 2271 940 debita
2327 879 2516 944 honis
2576 884 3031 962 sacerdotibuS,
3084 886 3213 950 imo
3261 895 3324 950 et
3383 889 3551 951 ordi-

439 972 697 1053 praelati
725 974 884 1037 alios
913 973 1287 1056 judicaturi,
1314 992 1443 1035 non
1478 973 1810 1050 rationem,
1837 974 1944 1036 sed
2056 977 2122 1037 ni
2176 980 2510 1043 sacerdotii
2560 982 2764 1061 gloria
2802 984 3132 1065 privantur
3172 1006 3247 1049 ac
3285 987 3551 1051 inhono-

439 1070 816 1154 passionem
867 1082 1250 1155 sequuntur,
1304 1073 1406 1136 vel
1463 1072 1667 1153 gratia
1713 1072 1948 1135 discer-
2055 1080 2325 1137 ranturl
2389 1078 2701 1161 Denique,
2752 1082 2956 1162 gloria
3008 1087 3403 1149 sacerdotum
3454 1096 3551 1150 est

438 1170 642 1233 nendi
693 1171 860 1235 inter
898 1172 1140 1234 bonum
1189 1179 1253 1235 et
1299 1171 1538 1233 malum
1587 1171 1962 1253 privantur,⁴
2057 1173 2409 1255 spiritualis
2452 1177 2775 1258 profectus
2817 1180 3217 1246 subditorum
3258 1203 3542 1261 suorum,

437 1278 556 1333 aut
595 1269 725 1334 alio
757 1272 949 1334 modo
987 1290 1024 1333 a
1063 1270 1447 1333 rectitudine
1482 1270 1748 1351 Justitiae
1785 1269 1948 1332 obli·
2055 1274 2593 1353 quemadmodum
2626 1277 2961 1360 discipulis
2982 1281 3115 1343 suis
3148 1282 3547 1347 Thessaloni-

435 1377 728 1449 quantur
775 1387 788 1430 :
837 1368 1004 1432 sicut
1043 1369 1330 1433 Michaeas
1372 1369 1529 1431 dicit
1567 1369 1646 1431 de
1683 1368 1947 1449 quihus-
2055 1369 2354 1433 censibus
2396 1373 2619 1437 scribit
2646 1375 2986 1456 Apostolus
3021 1396 3034 1439 :
3068 1376 3213 1451 Quae
3255 1388 3353 1442 est
3399 1400 3544 1463 spes
3600 1400 3840 1454 tumn.

437 1466 618 1544 dam,
668 1467 994 1550 Principes
1041 1468 1204 1548 ejuS‚
1251 1476 1406 1549 puta
1441 1466 1789 1529 Jerusalem
1834 1486 1946 1529 seu
2055 1478 2270 1532 nostra
2290 1478 2351 1533 et
2381 1472 2687 1550 gaudium
2715 1483 2825 1537 aut
2854 1494 3087 1540 corona
3113 1478 3545 1557 gloriaelNon-
3574 1466 3642 1509 ¹⁹·

433 1566 660 1643 Israel,
695 1566 762 1628 in
797 1565 1176 1629 muneribus
1216 1566 1609 1647 judicabant,
1643 1574 1706 1629 et
1743 1584 1946 1628 sacer·
2056 1586 2136 1629 ne
2166 1586 2281 1630 vos
2313 1569 2379 1630 in
2406 1570 2682 1634 adventu
2714 1573 3008 1637 Domini?
3040 1576 3197 1638 Dum
3230 1577 3423 1657 igitur
3452 1598 3547 1641 sa·-

433 1666 626 1729 dotes
659 1665 800 1747 ejus
835 1664 902 1728 in
932 1666 1225 1728 mercede
1257 1662 1590 1728 docebant.
2055 1667 2341 1729 cerdotes
2376 1668 2666 1732 subditos
2698 1690 2846 1733 suos
2877 1674 3074 1736 verbo
3105 1682 3167 1736 et
3195 1693 3387 1757 opere
3418 1695 3545 1739 non

527 1768 832 1826 Balceum
871 1784 1098 1841 regum
1135 1766 1453 1825 dissolvit.
1497 1764 1716 1843 RegeS‚
1759 1762 1947 1844 spiri-
2059 1762 2431 1843 informant,
2454 1785 2571 1829 nec
2599 1769 2678 1830 ad
2711 1768 2981 1833 salutem
3013 1782 3325 1853 quantum
3355 1774 3421 1836 in
3454 1776 3546 1837 eis

431 1862 706 1925 tualiter
743 1880 966 1925 omnes
1013 1870 1163 1924 sunt
1208 1862 1322 1943 qui
1365 1861 1628 1925 rationis
1671 1869 1946 1941 aguntur
1981 1864 2026 1925 B
2055 1872 2173 1939 est,
2208 1866 2605 1945 pertrahunt,
2649 1867 2904 1947 inglorii
2950 1868 3141 1947 fiunt,
3176 1880 3239 1934 et
3279 1873 3549 1936 detesta-

433 1960 746 2043 imperio,
765 1968 829 2024 et
850 1980 1106 2023 carnem
1139 1980 1285 2023 cum
1318 1960 1728 2023 sensualitate
1759 1960 1947 2021 ratio-
2054 1962 2218 2025 biles
2249 1963 2416 2043 Deo;
2451 1984 2569 2029 nec
2602 1966 2831 2029 faciem
2862 1953 3001 2049 ejus
3044 1969 3317 2033 feliciter
3349 1972 3549 2035 intue-

433 2060 546 2123 nis
596 2059 666 2121 in
715 2060 967 2122 cunctis
1017 2060 1301 2122 subdunt
1346 2058 1589 2141 judicio
1625 2076 1638 2119 :
1674 2077 1946 2139 quorum
2055 2060 2316 2138 buntur,
2350 2064 2885 2143 quemadmodum
2915 2068 3147 2151 Joseph
3179 2069 3244 2131 in
3276 2089 3549 2152 persona

429 2159 696 2223 balteus
726 2167 824 2221 est
851 2159 1109 2221 castitas
1144 2178 1255 2221 seu
1287 2158 1703 2221 continentia.
1736 2158 1822 2219 De
1855 2176 1950 2219 ca-
2053 2158 2286 2221 Christi
2330 2160 2579 2223 locutus
2622 2171 2718 2225 est
2764 2162 3068 2228 fratribus
3118 2167 3250 2229 suis
3280 2168 3547 2231 Patriar-

429 2258 662 2321 stitate
693 2257 868 2321 enim
900 2257 1186 2338 loquitur
1205 2256 1490 2319 Christus
1529 2273 1542 2317 :
1577 2255 1715 2317 Sint
1745 2255 1946 2317 lumbi
2054 2257 2213 2333 chis,
2235 2266 2559 2340 pastorum
2591 2280 2930 2343 personam
2960 2265 3328 2343 gerentibus
3363 2285 3377 2328 ε
3410 2268 3544 2332 Non
3602 2288 3837 2340 aenam,

431 2357 642 2421 vestri
685 2356 1038 2439 praecincti.
1074 2356 1152 2417 Et
1194 2357 1272 2417 de
1313 2354 1562 2417 Christo
1593 2354 1948 2419 vaticinans
2054 2356 2355 2419 videbitis
2414 2356 2641 2421 faciem
2700 2380 2928 2439 meam,
2982 2363 3107 2425 nisi
3155 2365 3546 2428 adduxeritis
3576 2354 3643 2393 ²³·

428 2454 841 2519 lsaiaszErit
867 2454 1138 2536 (inquit)
1165 2453 1413 2536 justitia
1443 2454 1770 2532 cingulum
1793 2454 1950 2516 lum·
2056 2452 2315 2517 fratrem
2365 2465 2645 2519 vestrum
2706 2459 3044 2523 minimum
3095 2461 3447 2526 vobiscum.
3499 2463 3548 2527 Ο

423 2556 674 2619 borum
705 2554 869 2637 ejus.
902 2554 1062 2615 Dum
1091 2572 1243 2634 ergo
1278 2553 1678 2616 continentes
1709 2572 1820 2615 seu
1857 2554 1950 2634 ju·
2054 2572 2247 2635 quam
2298 2555 2761 2638 despectissimi
2821 2560 2978 2622 tales
3034 2579 3245 2624 coram
3296 2580 3547 2627 summo

423 2654 546 2729 sti,
575 2662 837 2736 propter
869 2654 1124 2716 inanem
1157 2672 1336 2715 suam
1368 2652 1660 2732 gloriam,
1685 2659 1794 2714 aut
1824 2653 1947 2734 spi·
2051 2652 2273 2715 Judice
2302 2654 2739 2735 apparebunt!
2775 2657 3101 2732 Praeterea,
3125 2658 3313 2721 bonis
3344 2679 3548 2723 sacer-

424 2754 739 2817 ritualem
793 2752 1162 2834 superbiam
1207 2752 1308 2815 vel
1356 2751 1547 2814 aliam
1597 2770 1874 2828 causam,
1912 2770 1948 2813 a
2053 2751 2310 2814 dotibus
2356 2770 2430 2814 ac
2479 2754 2754 2834 praelatis
2801 2756 3133 2836 potissima
3174 2757 3379 2837 gloria
3426 2766 3543 2835 est,

421 2851 842 2916 continentia
872 2852 954 2913 ad
984 2850 1143 2914 vitia
1181 2850 1390 2913 carnis
1421 2850 1521 2913 vel
1563 2868 1945 2912 consensum
2055 2848 2455 2912 subditorum
2506 2851 2639 2916 vita
2688 2852 2985 2931 salubris,
3030 2855 3199 2918 sicut
3244 2856 3311 2918 in
3360 2856 3546 2919 tertia

421 2952 520 3015 ad
553 2970 652 3027 ea,
687 2950 1260 3014 delectationemve
1291 2950 1370 3012 de
1398 2950 1490 3013 eis
1523 2949 1587 3010 in
1619 2949 1946 3029 cogitatio-
2054 2966 2169 3010 sua
2189 2947 2507 3011 Canonica
2538 2950 2763 3014 scribit
2789 2952 3063 3016 Joannes
3090 2971 3104 3014 :
3128 2953 3425 3035 Maj0rem
3443 2956 3546 3019 ho-
3574 2974 3836 3019 numam.

423 3070 526 3113 ne
569 3056 945 3131 conceptam
992 3048 1316 3124 labuntur,
1351 3048 1453 3111 vel
1497 3068 1534 3109 a
1573 3047 1821 3128 justitia
1864 3049 1941 3109 ad
1980 3045 2023 3107 C
2055 3066 2197 3108 rum
2223 3046 2491 3125 gratiam
2534 3065 2661 3110 non
2691 3049 2918 3127 habe0‚
2951 3070 3143 3131 quam
3183 3060 3254 3114 ut
3291 3053 3545 3115 audiam

425 3147 832 3229 injustitiam
863 3146 1276 3229 dejiciuntur,
1303 3146 1550 3210 balteus
1571 3164 1790 3226 regum
1822 3146 1946 3208 dis·
2058 3143 2084 3205 f
2086 3144 2229 3207 ilios
2250 3164 2425 3207 meos
2456 3146 2520 3207 in
2555 3147 2821 3211 veritate
2850 3149 3275 3214 ambulantes
3293 3150 3550 3215 Verum-

423 3247 740 3310 solvitur.
790 3245 1101 3326 Denique,
1139 3266 1252 3327 per
1289 3245 1686 3328 spiritualem
1731 3264 1946 3326 super-
2056 3251 2267 3305 tamen
2319 3244 2431 3324 qui
2474 3244 2783 3307 veraciter
2826 3248 3081 3329 sapiens
3126 3257 3245 3326 est,
3289 3269 3551 3331 praeser-

423 3344 622 3409 biam
669 3343 1058 3423 inanemque
1096 3343 1388 3423 gloriam,
1435 3352 1714 3406 meretur
1756 3343 1945 3407 homo
2055 3341 2171 3402 tim
2224 3342 2275 3402 si
2325 3342 2403 3404 de
2461 3342 2863 3406 subditorum
2915 3354 3022 3407 aut
3080 3346 3387 3411 laicorum
3436 3368 3550 3412 seu

423 3442 784 3528 potissime
811 3460 850 3503 a
879 3441 1172 3505 castitate
1201 3443 1281 3504 ad
1311 3441 1782 3503 immunditiam
1814 3461 1947 3504 car-
2058 3438 2437 3503 inferiorum
2488 3441 2573 3503 sit
2620 3461 2911 3519 numero,
2954 3445 3389 3509 sacerdotibus
3440 3447 3552 3512 ho-

423 3542 574 3617 niS‚
610 3550 672 3603 et
697 3540 783 3601 ab
811 3540 1110 3621 aequitate
1141 3541 1215 3602 ad
1260 3539 1664 3621 iniquitatem
1695 3559 1946 3603 corrue·
2057 3556 2276 3601 norem
2318 3547 2380 3601 et
2416 3539 2685 3619 gloriam
2721 3542 3073 3605 sacerdotio
3112 3543 3327 3607 debita
3363 3545 3552 3609 debet

427 3660 534 3703 re.
573 3638 731 3699 Hinc
772 3636 1104 3699 humilitas
1143 3637 1334 3699 castis
1372 3638 1689 3719 praecipue
1733 3655 1947 3701 neces·
2057 3636 2427 3718 impendere
2466 3636 2702 3699 intuitu
2752 3639 2884 3716 Dei,
2920 3647 2983 3703 et
3026 3658 3143 3721 pro
3194 3644 3549 3706 reverentia

423 3737 618 3801 saria
637 3744 734 3799 est
755 3743 948 3817 atque
969 3735 1294 3811 servanda,
1309 3735 1562 3798 dicente
1580 3736 1942 3800 Ambrosio:
2057 3736 2521 3812 sacramentali,
2554 3737 2730 3817 Juxta
2771 3737 2929 3801 illud
2968 3739 3395 3804 Ecclesiastici
3432 3760 3446 3803 ε
3479 3742 3547 3804 In
3601 3758 3839 3807 Rectam..

419 3835 716 3901 Necesse
746 3842 842 3896 est
883 3840 952 3894 ut
981 3841 1224 3913 quanto
1265 3834 1498 3896 castior
1537 3834 1737 3913 virgo,
1774 3842 1946 3898 tanto
2059 3842 2187 3898 tota
2233 3835 2446 3897 anima
2485 3843 2590 3897 tua
2634 3835 2787 3898 time
2826 3836 3047 3913 Deum,
3089 3846 3151 3899 et
3189 3841 3547 3903 sacerdotes
3576 3824 3643 3867 ³¹·

422 3933 758 3999 humilior
797 3932 902 3994 sit.
937 3934 1025 3993 Et
1061 3934 1408 4009 proecinyit
1438 3931 1814 4014 permissive
1844 3936 1948 4013 fu·
2058 3933 2233 3995 illius
2272 3932 2627 3996 sanctifica.
2662 3934 2817 3996 Nam
2852 3942 2915 3997 et
2943 3936 3171 3998 Paulus
3216 3937 3294 3998 ad
3324 3938 3547 4001 Roma-

423 4055 550 4105 ne,
589 4032 652 4094 id
696 4039 793 4095 est
835 4030 949 4093 vili
994 4031 1204 4094 carnis
1251 4030 1672 4094 delectatione
1714 4051 1787 4093 ac
1833 4032 1948 4093 foe-
2058 4050 2173 4094 nos
2212 4031 2302 4093 ait
2335 4049 2348 4092 :
2384 4030 2601 4094 Omnis
2640 4032 2856 4094 anima
2894 4034 3315 4114 potestatibus
3350 4035 3545 4098 subli-
3570 4054 3838 4104 Romam.

421 4133 588 4196 tido
620 4130 972 4211 iniquoque
1011 4147 1224 4211 opere,
1260 4150 1440 4191 renes
1468 4150 1713 4201 eorum,
1748 4130 1810 4191 id
1853 4139 1947 4192 cst
2055 4129 2368 4191 mioribus
2417 4128 2673 4191 subdita
2718 4130 2823 4191 sit.
2872 4130 2947 4191 Et
2989 4131 3207 4193 Petrus
3248 4133 3545 4195 admonet

423 4230 737 4313 corporis
769 4228 1080 4305 membra,
1106 4229 1193 4290 ita
1223 4236 1291 4289 ut
1324 4229 1589 4291 interior
1607 4238 1668 4291 et
1698 4227 1948 4292 occulta
1978 4232 2027 4294 D
2056 4228 2248 4290 etiam
2279 4227 2553 4309 dyscolis
2585 4228 2861 4292 dominis
2892 4228 3172 4292 obedire.
3197 4230 3539 4309 Postremo,
3614 4250 3775 4293 1Petr.
3794 4262 3837 4299 n,

427 4334 742 4413 ipsorum
772 4328 1131 4410 impurium,
1157 4326 1316 4391 foris
1334 4346 1452 4409 per
1485 4325 1652 4390 facta
1670 4327 1947 4391 obscena
2055 4326 2248 4389 Paulo
2288 4334 2577 4402 testante,
2611 4326 2723 4407 qui
2768 4327 2931 4389 bene
2973 4338 3253 4409 praesunt
3291 4332 3546 4413 presby·
3574 4316 3837 4425 “fn-mm

421 4425 754 4494 omnibus
802 4426 1179 4488 innotescat.
1215 4425 1305 4487 Ad
1351 4426 1522 4506 quod
1572 4425 1731 4487 illud
1775 4426 1947 4488 lsaiae
2058 4425 2199 4502 teri,
2232 4423 2475 4505 duplici
2508 4424 2750 4487 honore
2780 4424 2957 4503 digni
2989 4433 3159 4488 sunt.
3576 4443 3645 4485 ιτ.

425 4525 876 4611 spiritualiter
905 4523 1182 4606 pertinet
1217 4541 1230 4585 ε
1263 4524 1399 4585 Erit
1439 4542 1554 4606 pro
1589 4542 1750 4586 zona
1779 4524 1949 4587 luni·
2137 4526 2223 4585 Et
2251 4525 2586 4600 optimates
2604 4527 3007 4600 supplantat,
3025 4524 3177 4585 dum
3197 4525 3367 4606 justo
3386 4527 3549 4607 judi-

423 4626 662 4692 culus.
688 4622 764 4683 Et
791 4622 871 4685 de
911 4622 1111 4704 impio
1143 4621 1438 4685 Salomon
1468 4622 1558 4685 ait
1598 4621 1660 4683 in
1693 4622 1951 4686 Prover-
2057 4622 2158 4685 cio
2188 4620 2425 4683 desinit
2445 4638 2553 4683 eos
2582 4620 2662 4682 de
2692 4620 2969 4702 primatu
3002 4640 3115 4685 seu
3146 4624 3550 4704 praesidentia

427 4724 581 4789 hiis
636 4740 651 4783 ε
705 4720 986 4783 Funibus
1031 4728 1436 4802 peccatorum
1486 4740 1748 4783 suorum
1795 4739 1946 4783 con·
2060 4719 2337 4781 inaniter
2374 4718 2657 4798 gloriari,
2694 4718 3128 4800 voluptatibus
3168 4721 3422 4803 subjici,
3457 4724 3553 4785 vi-

425 4822 825 4901 stringetur.
858 4818 1049 4882 Porro
1080 4818 1142 4881 S.
1179 4819 1433 4881 Thomae
1463 4820 1540 4881 de
1570 4819 1844 4901 Aquino,
1882 4818 1948 4880 in
2060 4820 2167 4881 tiis
2226 4818 2537 4900 superari,
2593 4826 2783 4898 atque
2832 4818 2914 4881 ob
2964 4820 3097 4882 haec
3144 4828 3395 4883 aeternae
3441 4841 3548 4885 eos

427 4917 888 4985 adolescentia
917 4935 1032 4978 sua
1060 4916 1271 4996 angeli
1303 4917 1506 4979 sancti
1537 4916 1734 4979 locuti
1766 4925 1944 4979 sunt:
2059 4918 2324 4998 deputat
2352 4934 2578 4997 poenae‚
2612 4916 2792 4996 juxta
2835 4916 2993 4980 illud
3026 4917 3365 4999 Sapientiae
3400 4936 3414 4982 ε
3446 4920 3551 4982 Ju-
3577 4933 3839 4989 sapmm.

423 5014 906 5095 Praecingimus
939 5022 1000 5077 te
1029 5013 1287 5094 cingulo
1317 5014 1647 5077 castitatis
2059 5014 2301 5077 dicium
2349 5013 2763 5075 durissimum
2816 5013 2879 5074 in
2932 5014 3032 5075 his
3080 5015 3193 5096 qui
3242 5025 3545 5097 praesunt‚

525 5118 732 5179 Ducit
769 5118 1122 5175 sacerdotes
1170 5117 1501 5192 inglorios.
1550 5114 1720 5174 Heu!
1756 5133 1946 5195 quam
2063 5114 2200 5175 fiet.
2255 5112 2496 5190 Exiguo
2554 5112 2727 5174 enim
2776 5113 3148 5175 conceditur
3195 5114 3550 5178 misericor-

425 5215 748 5281 dolorose
797 5219 861 5275 et
905 5212 1170 5294 copiose
1212 5212 1333 5275 hoc
1378 5213 1568 5274 modo
1625 5212 1946 5292 impletur,
2061 5212 2196 5283 dia3
2223 5219 2512 5292 potentes
2544 5220 2755 5271 autem
2780 5218 3068 5291 potenter
3090 5212 3411 5293 patientur
3432 5222 3551 5276 tor-

427 5316 610 5379 dum
642 5310 832 5373 multi
864 5310 1226 5373 sacerdotes
1256 5317 1319 5373 et
1339 5310 1557 5373 clerici
1587 5318 1845 5392 propter
1865 5309 1951 5373 vi·
2061 5317 2301 5372 menta.
2348 5308 2423 5369 Et
2470 5306 2772 5370 Jeremias
2814 5307 2907 5368 ait
2954 5325 2969 5369 :
3022 5308 3395 5392 Adspcrgite
3436 5331 3549 5377 vos
3574 5336 3842 5385 Jffixxvffl.
