4309 6259
814 485 934 549 568

1666 498 2011 547 mannum
2054 498 2115 544 IN
2158 498 2296 545 GAP.
2341 496 2427 543 XX
2465 496 2592 543 108.
2637 516 2718 527 -
2758 497 2900 543 ΛΒΤ.
2946 497 3062 543 xm

818 680 1023 734 torum
1046 671 1185 751 ejus
1216 671 1515 733 ascendet
1546 670 1610 732 in
1642 670 1873 732 saecula
1904 668 2303 731 saeculorum.
2339 666 2386 727 Α
2418 666 2713 729 manibus
2743 666 3125 737 suis,0num
3155 670 3431 729 satiatus
3457 669 3684 746 fuerit,
3705 670 3770 732 id
3797 680 3899 734 est

813 774 1014 832 lua-la
1058 770 1543 830 multitudinem
1585 770 2123 829 adinventionum
2160 788 2309 826 sua-

814 890 979 937 rum,
994 868 1056 930 id
1078 876 1173 929 θεῖ
1192 866 1680 947 excogitatarum
1704 865 2081 929 malitiarum
2102 884 2310 929 recen-

817 967 1099 1048 tiumque
1118 966 1554 1047 culparum‚sz‘c
1574 976 1631 1027 et
1650 967 1983 1026 sustinebit
2006 972 2308 1026 tormenta

818 1065 1055 1128 inferni
1093 1082 1105 1127 :
1150 1064 1301 1147 quia
1345 1084 1533 1147 poena
1580 1064 2031 1144 correspondet
2074 1063 2300 1145 culpae.

816 1163 950 1238 Quo
981 1163 1150 1226 enim
1181 1163 1438 1245 gravius
1468 1172 1531 1225 et
1558 1161 1979 1244 multiplicius
1999 1162 2145 1243 quis
2172 1182 2304 1244 pec-

819 1262 1008 1339 cavit,
1053 1279 1129 1324 eo
1178 1260 1495 1343 poenalius
1546 1260 1899 1341 affligetur,
1952 1260 2300 1323 secundum

534 1373 790 1429 Aroe-mu.
821 1361 979 1423 illud
1027 1360 1438 1442 Apocalypsis
1489 1377 1502 1422 :
1551 1359 1865 1434 Quantum
1913 1358 2302 1439 glorificavit

522 1438 561 1477 ⁷·
818 1479 886 1522 se
917 1467 979 1522 et
1010 1458 1073 1520 in
1104 1458 1353 1522 deliciis
1385 1456 1529 1535 fuit,
1566 1466 1811 1520 tantum
1851 1459 1994 1520 date
2038 1458 2132 1520 illi
2179 1466 2306 1521 tor-

548 1569 783 1625 Sap-v¹.⁹.
816 1566 1101 1621 mentum
1148 1566 1211 1620 et
1254 1558 1518 1620 luctum.
1554 1557 1628 1619 Et
1660 1557 1924 1639 Sapiens
1958 1575 1971 1619 :
2006 1557 2305 1621 Fortiori-

815 1657 936 1719 bus
970 1656 1193 1719 fortior
1223 1656 1416 1718 instat
1446 1655 1785 1718 cruciatus

901 1757 1217 1824 Quoniam
1265 1757 1700 1834 eonfrinyens,
1736 1755 1798 1817 id
1838 1762 1955 1831 est,
1990 1755 2303 1818 violenter

2416 767 2674 843 ditatus,
2720 769 3082 827 arctabitur
3121 766 3573 830 sollicitudine.
3613 767 3900 850 Denique

2417 865 2702 941 satiatuS,
2737 864 2934 927 nimia
2965 865 3206 929 ventris
3245 865 3594 948 repletione
3621 876 3898 929 arctatur

2417 965 2584 1028 intra
2611 965 2775 1027 uteri
2814 964 2913 1027 sui
2955 964 3212 1047 pellem,
3245 983 3386 1045 quae
3433 965 3600 1027 ultra
3643 967 3894 1029 extendi

2417 1085 2543 1130 non
2573 1064 2741 1127 valet
2775 1082 2789 1127 :
2825 1063 3042 1145 sicque
3081 1063 3392 1127 torsiones
3421 1070 3483 1125 et
3510 1063 3757 1126 dolores
3787 1084 3898 1146 pa-

2417 1166 2570 1229 titur
2601 1163 2864 1229 ventris.
2889 1164 3218 1224 AEstuabic
3246 1161 3560 1225 anxietate
3589 1163 3896 1244 perdendi

2413 1284 2558 1348 quae
2589 1263 2800 1326 habet.
2836 1262 3084 1325 Divitiae
3113 1262 3282 1325 enim
3313 1280 3458 1324 cum
3503 1261 3724 1326 timore
3753 1282 3898 1344 pos-

2415 1364 2722 1426 sidentur.
2760 1364 2843 1423 Et
2880 1363 3088 1421 omnis
3123 1363 3332 1429 dolor,
3364 1359 3426 1421 id
3471 1368 3569 1421 est
3614 1360 3896 1440 perfecta

2415 1480 2524 1525 seu
2585 1459 2919 1541 multiplex
2980 1475 3187 1539 poena,
3239 1460 3446 1519 irruet
3491 1478 3684 1536 super
3723 1478 3896 1529 eum,

2413 1560 2642 1643 partim
2696 1558 2760 1620 in
2812 1557 3042 1620 saeculo
3091 1557 3235 1633 isto,
3270 1556 3504 1619 deinde
3547 1556 3610 1617 in
3654 1554 3893 1620 futuro.

2415 1660 2504 1722 Ex
2535 1656 3020 1722 immoderantia
3047 1655 3281 1719 etenim
3315 1662 3502 1736 potus
3529 1663 3594 1717 et
3620 1654 3772 1729 cibi,
3795 1675 3898 1717 va-

2413 1758 2491 1820 rii
2522 1757 2771 1820 dolores
2801 1756 3095 1819 oriuntur
3123 1754 3190 1815 in
3229 1772 3514 1835 corpore.
3547 1753 3706 1817 Hinc
3745 1755 3898 1817 scri-

816 1854 1139 1934 frangenS,
1174 1856 1454 1915 nudavit
1490 1857 1805 1931 pauperis
1850 1857 2140 1925 domum,
2170 1854 2303 1917 ino·
2339 1862 2385 1923 B
2414 1866 2591 1940 ptum
2615 1864 2710 1918 est
2737 1855 2800 1916 in
2823 1853 3304 1917 Ecclesiastico:
3329 1852 3522 1927 Quam
3555 1850 3894 1915 sufficiens
3923 1890 4210 1936 gem-u„-

814 1970 957 2033 pem
1012 1951 1387 2032 spoliand03
1428 1955 1655 2031 rapuit
1696 1971 1839 2034 quae
1886 1952 1949 2014 in
2004 1954 2301 2034 pauperis

813 2051 1001 2113 domo
1052 2050 1317 2127 invenit,
1358 2061 1419 2112 et
1462 2071 1593 2111 non
1639 2054 1994 2129 aedificavit
2040 2073 2210 2121 eam,
2239 2052 2302 2115 id

813 2156 930 2225 est,
966 2147 1177 2211 ablata
1207 2167 1334 2212 non
1367 2148 1667 2225 restituit,
1704 2168 1820 2213 nec
1851 2150 2172 2212 destructa
2213 2169 2305 2213 re-

817 2246 1094 2329 paravit.
1159 2247 1416 2309 Talibus
1478 2248 1781 2311 Dominus
1848 2249 2131 2330 loquitur
2192 2268 2304 2331 per

552 2346 1037 2415 11.m.1⁴,1saiam
1074 2345 1363 2427 :Rapina
1408 2346 1707 2428 pauperis
1754 2346 1817 2408 in
1863 2346 2051 2409 domo
2093 2356 2306 2409 vestra

524 2430 589 2470 ¹⁵·
815 2453 931 2508 cst.
964 2442 1167 2518 Quare
1198 2444 1469 2507 atteritis
1501 2444 1807 2527 populum
1849 2464 2084 2521 meum,
2117 2454 2180 2507 et
2218 2443 2306 2507 fa-

814 2543 944 2607 cies
976 2562 1330 2624 pauperum
1371 2542 1800 2606 commolitis?
1830 2546 1963 2604 Nec
1990 2554 2079 2604 est
2108 2546 2304 2605 satia-

816 2652 917 2702 tus
946 2652 1165 2702 venter
1192 2644 1357 2719 ejus,
1390 2642 1453 2703 id
1498 2649 1593 2703 θεῖ
1642 2641 1961 2723 pauperiS,
1998 2642 2300 2723 quoniam

814 2738 1003 2802 rebus
1037 2739 1169 2801 suis
1210 2738 1333 2801 sibi
1371 2738 1622 2815 ablatiS,
1660 2738 2119 2803 sufficientiam
2173 2761 2300 2804 non

813 2837 1108 2900 habebat.
1130 2836 1266 2914 Vel,
1300 2837 1434 2899 Non
1466 2845 1563 2899 est
1593 2837 1855 2900 satiatus
1885 2847 2105 2901 venter
2134 2840 2297 2919 ejuS,

815 2934 877 2996 id
910 2943 1025 3011 est,
1062 2952 1171 2998 cor
1213 2934 1461 3016 praefati
1506 2933 1723 3016 iniqui·
1756 2936 1988 3017 opibus
2032 2956 2160 3000 non
2207 2946 2304 2999 est

2413 1955 2658 2019 homini
2691 1954 2938 2017 erudito
2960 1952 3177 2015 vinum
3211 1952 3508 2032 exiguum
3533 1960 3546 2014 1
3581 1960 3646 2015 et
3674 1951 3739 2014 in
3762 1952 3897 2015 dor·
3925 1955 3992 2002 ³²-
4019 1955 4091 1995 2³-

2413 2054 2671 2117 miendo
2701 2071 2827 2115 non
2862 2050 3178 2114 laborabis
3209 2050 3290 2113 ab
3322 2050 3454 2127 illo,
3489 2058 3552 2113 et
3591 2069 3714 2113 non
3761 2070 3899 2114 sen-

2414 2153 2534 2216 ties
2567 2146 3144 2229 dolorem.Vigilia,
3164 2158 3228 2211 ct
3255 2148 3532 2225 cholera,
3565 2157 3628 2211 et
3659 2156 3901 2212 tortura

2415 2250 2662 2314 homini
2702 2246 3040 2324 infrunito,
3077 2248 3139 2309 id
3171 2256 3268 2310 est
3295 2247 3737 2329 intemperato.

2496 2349 2734 2412 Deinde
2756 2347 2999 2429 Sophar
3027 2347 3210 2428 quasi
3241 2346 3374 2409 zelo
3393 2346 3658 2426 justitiae
3686 2346 3856 2409 addit
3883 2364 3898 2407 :

2429 2452 2688 2510 Utinam
2729 2450 3077 2524 impleatur
3115 2454 3331 2507 venter
3357 2446 3520 2523 eju-3,
3557 2456 3627 2507 ut
3653 2448 3904 2506 emittat

2415 2550 2488 2607 in
2527 2568 2674 2607 eum
2715 2548 2888 2605 iram
2929 2546 3181 2623 furoris
3221 2545 3354 2614 sui,
3384 2543 3448 2605 id
3497 2551 3613 2620 est,
3655 2544 3732 2605 ad
3779 2542 3900 2605 hoc

2415 2642 2850 2727 temporaliter
2881 2643 2972 2706 sic
3003 2642 3304 2719 abundet,
3325 2650 3390 2704 ut
3421 2643 3584 2705 Deus
3612 2640 3900 2704 districto

2413 2764 2557 2807 eum
2605 2744 2986 2806 condemnet
3031 2742 3273 2824 judicio
3308 2758 3322 2802 :
3359 2740 3526 2804 sicut
3561 2742 3640 2803 de
3683 2740 3898 2822 impiis

2413 2844 2501 2905 ait
2551 2862 2664 2924 per
2707 2842 3116 2923 Sophoniam‚
3158 2839 3502 2903 Effundam
3552 2859 3742 2922 super
3787 2859 3897 2902 eos
3941 2878 4203 2935 soph-„kg—

2414 2939 2915 3021 indignationem
2961 2957 3166 3001 meam
3211 2946 3276 3000 ct
3315 2955 3570 3000 omnem
3607 2936 3764 2999 iram
3797 2936 3897 2999 fu-

815 3033 1171 3115 impletum,
1209 3034 1317 3095 sed
1348 3033 1533 3114 plura
1573 3034 1842 3117 appetiit
1877 3052 1890 3096 ε
1924 3036 2100 3116 juxta
2140 3035 2300 3097 illud
2332 3038 2376 3102 C
2413 3040 2573 3104 roris
2622 3038 2748 3101 mei
2785 3062 2798 3113 3
2847 3047 2906 3098 et
2945 3042 3138 3115 pluat
3183 3056 3375 3113 super
3420 3038 3612 3097 illum
3659 3039 3892 3097 bellum

548 3146 677 3191 eron.
696 3161 781 3201 xm,
811 3130 1319 3208 Proverbiorum,
1342 3132 1580 3195 Venter
1609 3132 1949 3215 impiorum
1983 3134 2304 3198 insatiabi-

518 3212 781 3325 {ecana
813 3228 914 3291 lis,
950 3230 1025 3291 Et
1054 3228 1462 3293 Ecclesiastes
1492 3230 1579 3293 ait
1606 3249 1619 3293 :
1648 3232 1888 3295 Avarus
1920 3252 2046 3296 non
2077 3233 2302 3317 imple—

813 3335 916 3389 tur
964 3326 1253 3409 pecunia.
1286 3332 1371 3391 Et
1414 3350 1615 3409 quum
1654 3332 1953 3391 habuerit
1988 3352 2130 3411 quse
2157 3352 2301 3392 con-

808 3428 1120 3504 cupierat,
1132 3430 1456 3505 pos-sidere
1476 3447 1601 3488 non
1624 3430 1860 3507 poterit
1884 3448 1959 3491 ea
1987 3429 2125 3491 diu:
2146 3430 2300 3510 quia

808 3522 909 3585 vel
942 3533 1144 3587 morte
1172 3525 1618 3606 praevenietur,
1639 3526 1803 3588 sicut
1831 3526 2013 3589 diviti
2044 3527 2295 3591 cuidam

512 3634 775 3689 Luaxnao.
808 3621 1043 3685 dicitur
1078 3640 1091 3684 ε
1128 3622 1355 3699 Stulte,
1401 3623 1519 3686 hac
1566 3632 1750 3687 nocte
1796 3625 2070 3689 animam
2123 3634 2294 3689 tuam

809 3729 1097 3803 repetent
1140 3740 1177 3785 a
1224 3730 1319 3797 te;
1363 3740 1505 3802 quae
1553 3731 1764 3785 autem
1817 3723 2073 3804 parasti,
2108 3724 2294 3806 cujus

807 3822 1030 3882 erunt?
1052 3818 1164 3881 Vel
1198 3818 1305 3881 illa
1336 3818 1417 3881 ab
1446 3838 1521 3882 eo
1552 3819 1875 3897 tollentur,
1898 3829 1967 3882 ut
1996 3820 2291 3886 Salomon

512 3931 771 3985 acoce.v,o.
804 3916 932 3979 ait:
966 3917 1082 3992 Qui
1116 3925 1282 3979 amat
1314 3916 1591 3993 divitias,
1614 3917 1891 3981 fructum
1926 3938 2049 3981 non
2083 3922 2292 4003 capiet

507 4029 769 4083 manua.
805 4034 881 4078 ex
911 4015 1025 4078 eis,
1059 4015 1428 4097 Rursusque
1465 4033 1477 4077 :
1514 4015 1761 4080 Divitiae
1789 4028 2184 4099 congregatas
2225 4020 2288 4083 in

802 4114 1039 4177 malum
1091 4114 1333 4177 domini
1381 4114 1503 4192 sui,
1536 4124 1805 4197 pereunt
1835 4116 1900 4177 in
1934 4115 2290 4182 afflictione

799 4212 1099 4294 pessima.

880 4313 1023 4373 Non
1058 4312 1368 4371 remansit
1395 4314 1475 4371 de
1502 4314 1638 4371 cibo
1666 4313 1828 4389 esua,
1853 4312 1917 4374 id
1946 4322 2063 4391 est,
2085 4322 2285 4377 totum

799 4406 863 4469 in
896 4428 1082 4471 suum
1112 4428 1296 4470 usum
1329 4409 1663 4485 convertit,
1697 4411 1857 4473 nihil
1899 4413 2286 4495 pauperibus

500 4520 765 4575 numm.
799 4506 1043 4585 tribuit,
1097 4516 1287 4589 prout
1335 4508 1399 4570 in
1447 4508 1773 4573 Ezechiele
1823 4510 2027 4573 fertur
2078 4530 2091 4573 ε
2145 4513 2286 4577 Haec

499 4585 569 4627 ⁴⁹·
797 4603 923 4667 fuit
955 4605 1262 4687 iniquitas
1294 4605 1600 4685 Sodomae‚
1636 4608 1952 4691 superbia,
1988 4612 2284 4674 saturitas

792 4702 1000 4784 paniS,
1035 4702 1445 4781 abundantia,
1482 4705 1705 4783 otium,
1740 4715 1802 4769 et
1830 4708 1983 4789 quia
2020 4728 2280 4771 manum

791 4819 993 4883 egeno
1042 4810 1105 4866 et
1153 4803 1417 4885 pauperi
1470 4822 1598 4867 non
1647 4806 2032 4887 porrigebat.
2084 4807 2280 4891 Cujus

789 4919 1072 4982 congrua
1104 4919 1291 4983 poena
1320 4900 1733 4983 subjungitur
1769 4921 1782 4964 ε
1806 4915 2147 4983 propterea
2179 4910 2281 4968 m·-

787 5000 887 5059 hil
915 5002 1267 5060 remanebit
1294 5002 1374 5059 de
1402 5000 1579 5059 bonis
1607 5003 1768 5077 ejice,
1804 5001 1868 5064 id
1908 5011 2023 5079 est,
2063 5006 2280 5068 omnia

2410 3160 2629 3210 suum,
2659 3138 2721 3201 id
2765 3145 2881 3213 est,
2917 3138 3190 3219 desuper
3237 3137 3495 3219 copiose
3545 3139 3786 3215 ingerat
3833 3137 3890 3199 ei

2412 3256 2664 3320 poenam
2717 3236 2992 3299 totaliter
3033 3237 3558 3300 exterminantem
3599 3258 3672 3301 ae
3709 3258 3894 3321 supe—

2410 3344 2677 3412 rantem,
2702 3354 2829 3399 non
2863 3335 3273 3416 paternaliter
3301 3336 3712 3417 castigantem
3749 3356 3762 3399 ε
3797 3359 3890 3401 εθ-

2408 3436 2686 3498 cundum
2723 3434 2876 3497 illud
2913 3434 2978 3495 in
3009 3434 3278 3510 Psalmo,
3311 3434 3476 3497 Pluit
3513 3455 3706 3518 super
3747 3456 3892 3519 pec·
3951 3469 4034 3512 p„
4061 3474 4164 3518 „2

2407 3542 2648 3596 catores
2678 3533 2960 3613 laqueos.

2485 3632 2721 3708 Fuyiet
2751 3651 2940 3690 arma
2967 3631 3208 3708 ferrea,
3235 3641 3294 3691 ec
3324 3634 3532 3693 irruet
3561 3635 3632 3692 in
3662 3654 3886 3696 arcum

2403 3749 2667 3798 wreum,
2697 3728 2760 3789 id
2789 3736 2906 3803 est,
2941 3728 3190 3790 minora
3217 3728 3444 3791 vitabit
3479 3731 3761 3807 adversa,
3795 3733 3890 3796 vi-

2406 3826 2635 3889 delicet
2668 3825 2947 3907 flagella,
2965 3826 3212 3889 labores
3241 3836 3304 3890 et
3333 3846 3550 3910 poenas
3571 3829 3716 3893 vitae
3736 3850 3888 3912 prae-

2403 3924 2623 4002 sentiS,
2677 3924 3042 4006 incidctque
3099 3926 3484 4007 supplicium
3546 3927 3880 4008 infernale,

2402 4025 2571 4106 quod
2605 4024 2892 4087 omnium
2924 4025 3330 4089 adversorum
3363 4036 3458 4089 est
3486 4028 3832 4093 maximum
3865 4051 3880 4094 t

2401 4122 2554 4203 quia
2610 4122 2783 4185 enim
2835 4121 2899 4183 in
2951 4123 3181 4186 saeculo
3231 4123 3353 4187 isto
3400 4144 3528 4187 non
3579 4127 3715 4191 vult
3771 4149 3884 4211 pro

2318 4225 2369 4286 D
2400 4220 2676 4301 peccatis
2717 4220 2849 4282 suis
2880 4220 3115 4297 dolere,
3151 4222 3519 4287 satisfacere
3549 4233 3612 4287 et
3641 4227 3877 4308 puniri,

2399 4326 2680 4381 meretur
2709 4318 3093 4381 aeternaliter
3122 4320 3413 4382 cruciari.
3450 4322 3666 4404 Itaque
3703 4324 3882 4405 juxta

2397 4415 2746 4491 Albertum‚
2780 4436 2894 4498 per
2925 4414 3188 4494 ferrum,
3221 4419 3392 4498 quod
3431 4428 3641 4484 cetera
3666 4423 3878 4485 domat
3921 4452 4178 4501 Damm-

2395 4514 2670 4591 metalla,
2707 4523 2775 4577 ut
2816 4514 3050 4578 dicitur
3089 4516 3152 4577 in
3191 4516 3470 4595 Daniele,
3505 4520 3878 4600 exprimitur

2396 4632 2672 4694 praesens
2702 4632 2910 4696 poena‚
2933 4634 3059 4696 qua
3089 4616 3250 4679 Deus
3281 4616 3463 4697 quasi
3493 4628 3772 4681 armatur
3797 4622 3874 4682 ad

2395 4712 2743 4777 domandos
2795 4714 3334 4796 corrigendosque
3384 4715 3637 4797 impiOS,
3687 4727 3874 4799 prout

2393 4810 2456 4872 in
2489 4810 2832 4893 Sapientiae
2870 4811 3033 4875 libro
3077 4812 3280 4875 fertur
3312 4831 3325 4874 ε
3362 4814 3646 4896 Accipiet
3674 4835 3875 4878 arma-
3919 4838 4176 4894 sams.

2392 4917 2597 4971 turam
2645 4910 2817 4973 zelus
2867 4910 3065 4988 illius,
3100 4918 3162 4973 et
3204 4911 3470 4974 armabit
3521 4923 3868 4977 creaturam

2388 5007 2466 5069 ad
2497 5008 2804 5071 ultionem
2841 5008 3267 5071 inimicorum.
3293 5010 3465 5073 Hanc
3497 5028 3748 5093 poenam
3781 5013 3874 5075 in-

786 5115 900 5158 sua
931 5096 987 5159 ei
1021 5097 1347 5173 tollentur,
1386 5098 1608 5160 saltem
1644 5098 1707 5160 in
1740 5110 1963 5177 morte,
1997 5103 2177 5183 juxta
2213 5104 2272 5165 id
2381 5106 2560 5188 justi,
2598 5107 3037 5187 poenitentiam
3069 5107 3366 5184 vitanteS,
3403 5109 3749 5191 refugiunt,
3775 5112 3870 5174 di-

488 5206 753 5263 eamus-,a
782 5192 1010 5257 Psalmi
1049 5212 1062 5257 ε
1098 5195 1503 5257 Dormierunt
1533 5216 1826 5260 somnum
1862 5219 2069 5277 suum,
2091 5210 2154 5263 et
2187 5202 2276 5263 ni-

781 5290 872 5353 hil
924 5291 1303 5357 invenerunt
1352 5313 1573 5357 omnes
1617 5295 1738 5358 viri
1785 5296 2153 5361 divitiarum
2205 5300 2268 5362 in

2380 5214 2564 5267 cente
2607 5204 2937 5267 Psalmista
2972 5222 2985 5267 ε
3018 5205 3084 5267 In
3127 5206 3344 5270 labore
3373 5208 3707 5271 hominum
3737 5229 3866 5273 non
3895 5240 4170 5287 hams,

2379 5310 2548 5379 sunt,
2581 5310 2645 5365 et
2683 5322 2828 5365 cum
2867 5303 3234 5367 hominibus
3276 5324 3404 5369 non
3446 5305 3868 5388 flagellabun-
