4309 6259
640 1680 696 1724 lll
719 1682 828 1736 Rea.

586 1758 700 1797 xvm,
718 1749 761 1788 4.

589 4244 838 4297 Matthxiv,

581 4309 699 4349 1³22!
710 4338 721 4349 .

879 486 956 553 18

1493 504 1840 555 manuario
1883 504 1944 550 m
1985 504 2122 551 GAP.
2172 502 2231 549 lv
2274 502 2429 549 unm
2470 502 2693 558 QUAM!
2736 502 2961 549 numm.
3004 522 3087 533 -
3126 504 3269 553 am.
3316 504 3355 549 V

871 682 1030 759 quia
1059 699 1278 739 servus
1309 688 1456 739 tuus
1481 679 1620 755 fuit
1660 680 1890 737 umens
1933 680 2138 737 Deum
2174 673 2362 736 filiali
2394 674 2443 735 A
2494 678 2675 735 Venit
2704 686 2917 737 autem
2952 680 3071 736 illa
3102 688 3161 737 et
3194 679 3515 737 indicavit
3542 679 3965 746 homim‘Dei,

875 778 1122 840 timore.
1157 777 1284 839 Hoc
1329 776 1523 837 vidua
1564 774 2108 849 commemoravit,
2145 782 2213 835 ut
2244 773 2366 833 Eli-

873 896 1020 938 seus
1049 874 1254 956 magis
1293 876 1372 937 ad
1415 874 1932 955 compatiendum
1979 871 2104 935 sibi
2153 870 2367 933 flecte—

872 984 1067 1052 retur,
1095 984 1228 1037 tum
1270 975 1424 1056 quia
1454 974 1594 1054 ipsa
1645 974 1836 1035 vidua
1867 980 2024 1047 erat,
2054 970 2163 1033 cui
2208 990 2365 1051 prae-

871 1074 1091 1135 sertim
1112 1080 1208 1135 est
1227 1072 1736 1143 succurrendum,
1761 1079 2058 1152 tanquam
2082 1084 2366 1151 personae

871 1172 1154 1235 humano
1183 1172 1410 1235 solatio
1431 1171 1772 1245 destitutae,
1798 1178 1934 1231 tum
1964 1176 2225 1250 propter
2244 1164 2366 1227 viri

873 1271 974 1333 sui
997 1271 1288 1334 virtuteS.
1319 1274 1400 1333 Ec
1415 1290 1548 1329 ecce
1568 1271 1850 1329 creditor
1871 1270 2062 1339 venit,
2087 1277 2160 1327 ut
2182 1270 2365 1326 tollat

871 1374 1033 1430 daos
1061 1373 1235 1447 filios
1277 1390 1444 1429 meos
1489 1372 1578 1429 ad
1614 1368 2030 1427 serviendum
2075 1367 2203 1425 sibi
2252 1382 2367 1445 pro

877 1467 1095 1531 debito
1127 1467 1250 1530 viri
1290 1468 1440 1544 mei,
1473 1466 1644 1548 quod
1687 1464 2050 1546 persolvere
2093 1482 2363 1544 nequeo.

879 1567 1020 1629 Fuit
1059 1565 1356 1648 equidem
1387 1564 1622 1628 Abdias
1673 1563 2058 1626 indebitatus
2104 1582 2181 1625 ex
2224 1562 2371 1624 sub·

880 1665 1182 1728 ventione
1207 1666 1310 1745 (ut
1336 1663 1644 1743 creditur)
1671 1681 1798 1743 qua
1816 1669 2072 1723 centum
2104 1660 2371 1743 prophe-

880 1773 976 1826 tas
1020 1764 1088 1825 in
1128 1762 1452 1846 speluncis
1489 1760 1778 1837 nutrivit,
1809 1759 2047 1842 quibus
2087 1778 2371 1822 necessa-

2470 773 2705 850 gratias
2735 773 3017 837 referens
3047 774 3129 850 ei,
3155 784 3215 836 et
3246 775 3427 857 juxta
3446 774 3653 856 ipsius
3684 776 3967 839 volunta-

2475 880 2601 933 tem
2634 872 2853 935 volens
2885 873 3027 936 oleo
3058 874 3172 935 uti.
3196 878 3287 936 At
3318 876 3475 933 ille:
3496 877 3685 945 Vade,
3719 877 3963 954 inquit,

2477 972 2677 1029 vende
2705 974 2937 1042 oleum,
2954 982 3015 1031 et
3040 976 3233 1032 redde
3257 974 3565 1035 creditori
3590 984 3723 1045 ιιιο,
3750 972 3815 1035 id
3846 981 3963 1049 est,

2476 1086 2551 1129 ex
2600 1069 2805 1148 pretio
2852 1069 2977 1132 olei
3027 1070 3311 1132 debitum
3364 1070 3461 1132 illi
3514 1071 3809 1152 persolve
3835 1094 3850 1145 3
3899 1082 3967 1131 tu

2476 1176 2691 1226 autem
2718 1176 2779 1225 et
2804 1171 2940 1245 fitia·
2972 1171 3071 1228 tui
3105 1172 3321 1241 vivite,
3358 1170 3422 1230 id
3452 1178 3571 1245 est,
3598 1170 3797 1233 vitam
3834 1189 3971 1231 sen·

2477 1263 2731 1327 sitivam
2764 1274 3037 1327 vestram
3054 1271 3134 1327 de
3153 1270 3401 1347 reliquo
3422 1267 3563 1330 oleo
3594 1287 3723 1331 non
3752 1268 3970 1332 vendi-

2475 1372 2563 1437 to,
2598 1363 2700 1426 vel
2731 1365 2807 1427 de
2846 1365 3093 1446 reliquo
3134 1366 3337 1447 pretio
3364 1366 3601 1429 debitis
3632 1366 3969 1449 superfluo

2478 1472 2847 1525 sustentate.
2890 1464 2975 1527 Ae
3016 1464 3069 1525 si
3108 1465 3279 1529 dicat
3312 1483 3327 1528 :
3364 1466 3637 1529 Tantum
3678 1466 3969 1529 vendatis

2477 1561 2555 1621 de
2586 1561 2743 1637 olen,
2764 1570 2835 1623 ut
2860 1562 3073 1625 debita
3094 1564 3484 1646 persolvatis
3510 1573 3573 1627 et
3603 1566 3683 1627 de
3714 1565 3969 1628 residuo

2478 1659 2785 1722 reficiatis
2818 1680 2953 1737 VOS,
2990 1662 3089 1725 vel
3124 1663 3313 1725 etiam
3347 1665 3637 1727 vendatis
3672 1683 3789 1747 pro
3824 1684 3969 1746 par-

2477 1767 2563 1834 te,
2598 1767 2787 1839 prout
2813 1761 3113 1823 convenit
3146 1762 3348 1839 vobiS,
3374 1772 3443 1825 ut
3470 1764 3550 1825 de
3582 1763 3791 1845 pretio
3822 1764 3965 1846 ejus

881 1864 977 1926 ria
1004 1863 1424 1945 procurando,
1457 1859 1672 1924 debita
1700 1860 1834 1922 haec
1862 1858 2199 1921 contraxit.
2221 1857 2367 1920 Ideo
2404 1859 2451 1921 B
2480 1858 2835 1921 necessaria
2862 1861 3111 1922 ematis.

880 1961 1240 2043 piissimum
1293 1959 1437 2037 fuit,
1491 1958 1671 2022 uxori
1729 1958 1872 2040 ejus
1931 1974 2301 2019 succurrere
2348 1973 2363 2017 :

877 2061 1042 2141 quod
1063 2061 1272 2123 sciens
1301 2060 1562 2133 Eliseus,
1587 2056 1918 2121 celerrime
1949 2056 2008 2119 ei
2039 2054 2362 2118 subvenit.

879 2160 1002 2219 Cui
1017 2160 1194 2218 dixit
1213 2161 1469 2219 Eliseus
1485 2179 1508 2217 .·
1533 2158 1704 2225 Quid
1727 2158 1822 2215 vis
1843 2166 1915 2215 ut
1933 2157 2183 2233 faciam
2208 2154 2367 2213 tibi?

877 2259 1000 2317 Die
1029 2259 1222 2327 mihi,
1253 2258 1416 2336 quid
1443 2258 1630 2316 habes
1663 2257 1734 2314 in
1762 2258 1950 2313 domo
1983 2262 2096 2312 tua
2117 2255 2148 2313 ἒ
2178 2256 2267 2312 Αι
2288 2254 2367 2310 it-

879 2360 944 2416 la
967 2357 1297 2433 respondit
1313 2375 1335 2413 .·
1357 2356 1502 2415 Non
1523 2355 1716 2413 habeo
1751 2352 1998 2412 aneilla
2031 2361 2144 2410 tua
2179 2352 2365 2430 quid-

876 2474 1076 2533 quam
1107 2455 1179 2513 in
1221 2456 1408 2512 domo
1439 2472 1604 2521 mea,
1641 2452 1775 2512 nisi
1797 2470 2044 2527 parum
2072 2450 2199 2508 olei
2238 2468 2363 2528 quo

877 2571 1092 2629 ιιηῃαν
1121 2568 1237 2632 pro
1259 2556 1757 2632 temperamento
1785 2546 2088 2611 aestivalis
2107 2546 2361 2623 caloriS,

875 2649 1052 2731 juxta
1077 2649 1254 2710 illius
1273 2647 1800 2711 consuetudinem
1824 2645 2122 2725 regionis,
2149 2643 2363 2727 Aliqui

876 2756 1090 2809 tamen
1107 2754 1454 2828 exponunt,
1476 2744 1610 2819 Quo
1629 2761 1850 2825 ungar,
1873 2745 1936 2805 id
1966 2752 2063 2807 est
2083 2742 2360 2819 reficiar,

877 2845 1034 2907 illud
1092 2845 1160 2907 in
1210 2843 1372 2907 cibis
1421 2861 1536 2925 pro
1583 2842 1991 2905 condimento
2040 2842 2359 2924 ponendo.

878 2948 1000 3006 Cui
1045 2948 1142 3005 ait
1181 2966 1204 3004 .·
1251 2947 1440 3014 Vade,
1476 2954 1620 3020 pete
1659 2944 1738 3003 ab
1789 2943 2086 3002 omnihus
2129 2943 2363 3003 vicinis

2556 1955 2855 2037 Sequitur
2882 1957 3057 2020 aliud
3088 1958 3367 2039 signum.
3400 1965 3602 2023 Facta
3630 1972 3719 2023 est
3750 1972 3967 2022 autem

2475 2055 2612 2113 dies
2640 2060 2959 2134 quaedam,
2982 2068 3042 2118 et
3074 2060 3391 2119 transibat
3424 2062 3679 2121 E'liseus
3698 2080 3823 2138 per
3842 2064 3970 2121 Su-

2478 2173 2633 2212 nam
2660 2156 3013 2225 civitatem,
3045 2156 3109 2219 id
3138 2164 3236 2218 est
3274 2176 3389 2239 per
3418 2158 3641 2222 urbem
3673 2158 3765 2221 sic
3799 2178 3967 2221 nun·

2476 2259 2795 2331 cupatam.
2816 2256 2979 2315 Erat
3000 2265 3217 2316 autem
3236 2258 3331 2315 ibi
3354 2260 3590 2317 mulier
3610 2278 3879 2335 mayna,
3900 2260 3963 2321 id

2476 2358 2573 2411 est
2602 2349 2875 2413 multum
2907 2352 3227 2430 notabilis,
3264 2363 3483 2437 utpote
3510 2357 3814 2438 prudenS,
3840 2358 3969 2421 vir-

2474 2453 2674 2524 tuosa,
2720 2449 2901 2513 dives
2942 2470 3015 2513 ac
3066 2452 3326 2514 nobiliS.
3372 2452 3571 2527 Quam
3619 2455 3720 2535 (ut
3768 2454 3965 2518 refert

2474 2543 2659 2625 Lyra)
2686 2546 2883 2610 Rabbi
2916 2548 3213 2611 Salomon
3257 2550 3411 2613 dicit
3448 2549 3651 2615 fuisse
3678 2572 3961 2617 sororem

2476 2642 2722 2723 Abisag,
2747 2664 2941 2725 quam
2964 2646 3161 2710 David
3193 2647 3259 2709 in
3302 2649 3482 2712 senio
3512 2669 3629 2713 suo
3660 2653 3906 2734 accepit
3942 2669 3957 2713 :

2473 2742 2642 2822 quod
2672 2762 2891 2806 verum
2926 2763 3052 2808 non
3084 2765 3247 2816 esse,
3280 2747 3433 2809 satis
3464 2768 3541 2811 ex
3573 2748 3785 2813 littera
3818 2768 3965 2832 pro-

2473 2840 2583 2902 bat
2612 2840 2791 2923 Lyra,
2815 2843 2967 2924 quia
3005 2844 3137 2926 jam
3186 2854 3467 2929 tempore
3496 2848 3691 2911 Elisei
3736 2848 3965 2914 fuisset

2472 2938 2725 3002 circiter
2753 2950 3007 3004 centum
3032 2943 3258 3023 viginti
3294 2963 3611 3008 annorum
3637 2972 3651 3022 ;
3688 2958 3751 3011 et
3782 2949 3836 3010 si
3868 2950 3965 3011 di-

876 3046 1005 3104 tuis
1037 3066 1190 3105 vasa
1219 3064 1426 3103 vacua
1469 3061 1598 3102 non
1623 3062 1866 3120 pauca,
1901 3051 1960 3100 et
2003 3042 2357 3117 inqredere,
2397 3046 2442 3109 C
2471 3044 2649 3099 catur
2684 3039 3065 3103 miraculose
3094 3043 3485 3125 concepisse,
3520 3044 3664 3109 ideo
3708 3048 3961 3110 senium

871 3154 930 3203 et
960 3146 1190 3204 claude
1223 3143 1459 3201 ostium
1491 3150 1700 3209 tuum,
1728 3160 1932 3217 quum
1972 3142 2361 3199 intrinsecus

871 3243 1084 3319 fueris
1117 3251 1186 3301 ιιι
1215 3251 1275 3300 et
1304 3241 1438 3317 filii
1469 3241 1571 3299 tui
1590 3263 1617 3310 ,·
1643 3249 1703 3299 et
1733 3241 1913 3299 mitte
1943 3241 2095 3299 inde
2132 3241 2204 3299 in
2237 3260 2361 3298 om-

872 3342 989 3401 m'a
1019 3360 1174 3399 vasa
1201 3341 1359 3409 luee,
1384 3337 1447 3399 id
1488 3346 1604 3413 est,
1641 3336 1884 3418 aliquid
1928 3337 2007 3399 de
2059 3336 2202 3399 oleo
2248 3336 2360 3399 illo

873 3437 1072 3500 funde
1105 3437 1170 3498 in
1201 3436 1452 3517 singula
1496 3456 1649 3499 vasa
1677 3436 1817 3512 ista,
1840 3445 1900 3495 et
1931 3457 2134 3515 quum
2158 3440 2361 3512 plena

868 3538 1149 3614 fuerint,
1181 3540 1378 3596 tolles.

951 3638 994 3696 I
995 3636 1084 3695 vit
1114 3637 1332 3713 itaque
1361 3636 1622 3705 mulier,
1644 3642 1704 3692 et
1732 3634 1968 3692 elausit
1991 3634 2229 3693 ostium
2258 3654 2361 3693 su-

865 3753 986 3811 per
1029 3753 1094 3791 se
1133 3741 1194 3791 et
1221 3752 1414 3810 super
1448 3734 1622 3808 filios
1667 3752 1833 3791 suos.
1867 3733 1989 3791 Illi
2016 3734 2361 3809 offerebant

873 3853 1052 3900 vasa,
1091 3829 1157 3893 id
1189 3838 1306 3907 est,
1333 3828 1456 3891 filii
1503 3829 1644 3911 ejus
1679 3836 2227 3911 praesentaverunt
2255 3848 2361 3891 va-

871 3949 942 3992 sa
971 3929 1183 4007 matri,
1223 3940 1284 3989 et
1315 3932 1431 3989 illa
1463 3931 1878 4008 infundebat.
1900 3927 2233 4009 Quumque
2266 3929 2361 3990 in-

875 4027 1172 4092 funderet
1211 4047 1434 4109 parum
1473 4027 1629 4108 quid
1669 4026 1793 4089 olei
1836 4026 1902 4087 iu
1945 4046 2114 4103 vasa,
2160 4028 2361 4090 crevit

871 4128 1082 4189 oleum
1127 4128 1194 4189 in
1243 4125 1533 4208 quolibet
1579 4145 1727 4189 vase
1775 4134 1839 4188 et
1887 4125 2359 4207 multiplicaba-

2474 3154 2598 3197 non
2645 3137 2915 3213 obstare,
2953 3139 3254 3221 objicitur
3302 3144 3470 3223 quod
3522 3142 3587 3205 in
3641 3152 3817 3207 textu
3864 3146 3963 3209 vir

2470 3235 2611 3315 ejus
2640 3255 2831 3299 senex
2864 3247 3143 3315 vocatur,
3162 3248 3226 3302 et
3254 3240 3338 3303 ob
3369 3242 3489 3304 hoc
3520 3243 3661 3324 ipsa
3693 3263 3820 3308 non
3850 3245 3964 3308 ha-

2470 3331 2619 3396 bere
2676 3332 2885 3397 filium
2946 3336 3329 3400 insinuatur.
3384 3340 3835 3407 Verumtamen
3902 3345 3957 3407 si

2470 3432 2667 3495 Rabbi
2700 3433 2994 3498 Salomon
3032 3436 3203 3499 dicat
3243 3456 3383 3500 eam
3429 3457 3734 3518 sororem,
3768 3443 3830 3504 id
3862 3452 3959 3506 est

2468 3542 2799 3612 cognatam
2854 3534 3029 3595 illius
3074 3535 3323 3616 Abisag,
3370 3548 3577 3601 cessat
3624 3542 3951 3624 objectio:

2466 3633 2771 3713 quoniam
2826 3634 2988 3695 sicut
3034 3634 3153 3695 viri
3206 3636 3495 3717 ejusdem
3554 3642 3953 3719 cognationis

2470 3728 2837 3811 frequenter
2892 3740 3199 3795 vocantur
3252 3734 3499 3813 [ναῖε-63,
3552 3739 3645 3801 sic
3694 3739 3950 3804 feminae

2468 3829 2745 3908 ejusdem
2788 3830 3149 3910 parentelae,
3194 3850 3463 3909 sororeS,
3498 3843 3563 3897 et
3602 3840 3953 3919 praesertim

2470 3926 2735 3990 nobiles,
2772 3932 2924 3997 Quoe
2968 3931 3173 3989 tenuit
3218 3952 3393 4001 eum,
3432 3951 3559 3995 non
3614 3936 3955 4015 violenter,

2469 4027 2580 4089 sed
2612 4027 2889 4106 rogando
2922 4026 3250 4090 humiliter
3279 4048 3353 4092 ac
3387 4030 3719 4111 instanter,
3746 4046 3819 4095 ιιι
3862 4057 3961 4097 eo-

2472 4128 2741 4185 mederet
2781 4146 3045 4204 panem,
3080 4124 3143 4186 id
3195 4136 3311 4203 est,
3357 4128 3569 4191 eibum
3616 4141 3677 4194 et
3729 4143 3951 4215 potum

874 4234 974 4287 tur
1013 4225 1078 4286 in
1114 4225 1479 4306 semetipso,
1506 4224 1672 4286 sicut
1705 4244 1898 4305 panes
1948 4224 2258 4306 quinque,
2283 4245 2359 4287 ex
2388 4229 2439 4291 D
2467 4223 2803 4305 acciperet.
2834 4224 3031 4285 Omne
3068 4225 3303 4286 etenim
3345 4226 3719 4293 alimentum
3750 4251 3902 4295 nom
3918 4236 3959 4295 i-

869 4322 1108 4405 quibus
1145 4321 1433 4385 Christus
1463 4322 1638 4403 pavit
1687 4322 1973 4403 quinque
2021 4322 2227 4385 millia
2272 4324 2360 4385 vi-

870 4441 1110 4498 rorum,
1163 4418 1708 4502 superfluentibus
1755 4420 2088 4483 duodecim
2144 4421 2360 4503 cophi-

869 4538 1098 4583 norum
1137 4517 1536 4599 fragmentis.
1579 4517 1753 4593 Quod
1800 4517 2074 4599 qualiter
2117 4518 2355 4581 factum

865 4618 970 4694 sit,
1004 4636 1086 4679 an
1115 4617 1361 4680 scilicet
1388 4636 1501 4699 per
1530 4616 1940 4693 creationem,
1973 4617 2356 4699 multiplica-

863 4716 1128 4793 tionem,
1158 4714 1765 4795 augmentationem,
1809 4734 1921 4778 seu
1961 4714 2087 4777 alio
2137 4717 2349 4794 mod0,

860 4816 1152 4878 doctores
1201 4834 1393 4897 super
1443 4814 1700 4876 tertium
1752 4814 2221 4876 Sententiarum
2257 4813 2354 4876 in-

860 4913 1152 4995 quirunt.
1211 4916 1550 4991 Quumque
1589 4916 1788 4989 plena
1840 4913 2116 4990 fuissent
2170 4934 2351 4982 vasa,

857 5014 1038 5073 dioeit
1065 5014 1154 5071 ad
1181 5014 1402 5089 filium
1431 5032 1624 5071 suum
1659 5032 1682 5069 .·
1715 5014 1896 5087 Affer
1927 5011 2093 5069 mila·
2135 5013 2349 5070 adhuc

857 5133 993 5173 vas.
1025 5113 1112 5173 Et
1155 5112 1270 5169 ille
1297 5110 1670 5187 respondit:
1694 5110 1837 5168 Non
1872 5110 2085 5169 Ιιαὸεο.
2129 5111 2349 5169 Stetit-

855 5232 980 5292 que
1011 5214 1246 5279 oleum,
1279 5208 1344 5270 id
1383 5216 1500 5281 est,
1535 5226 1821 5269 crescere
1861 5214 1924 5269 et
1961 5207 2351 5289 multiplica-

857 5310 912 5373 ri
948 5309 1039 5373 sic
1071 5307 1288 5383 desiit,
1323 5303 1622 5369 omnibus
1655 5305 1822 5369 vasis
1866 5304 1994 5367 illis
2033 5304 2341 5387 impletiS.

2470 4340 2548 4384 ne
2588 4322 2771 4403 panis
2818 4322 3217 4403 exprimitur.
3255 4328 3383 4393 Qui
3420 4348 3622 4406 quum
3652 4331 3961 4411 frequen-

2468 4429 2563 4479 ter
2603 4423 2755 4480 inde
2792 4422 3120 4490 transiret,
3157 4424 3511 4485 divertebat
3556 4431 3644 4487 ad
3670 4449 3838 4502 eam,
3878 4443 3953 4494 ut

2465 4521 2810 4578 comederet
2835 4540 3095 4597 panem.

2547 4622 2700 4686 Qua’
2741 4619 2918 4677 dixit
2964 4622 3051 4677 ad
3100 4621 3319 4681 virum
3354 4642 3547 4683 suum
3572 4641 3598 4685 .·
3629 4630 3957 4691 Animad-

2464 4726 2653 4786 verto,
2687 4719 2857 4795 quod
2905 4717 3010 4775 vir
3054 4720 3174 4778 Dei
3216 4730 3477 4783 sanctu-s
3522 4735 3614 4784 est
3664 4728 3808 4797 iste,
3837 4732 3956 4808 qui

2462 4816 2695 4874 transit
2718 4835 2840 4892 per
2870 4836 2981 4874 nos
3011 4816 3402 4896 frequenter.
3438 4820 3564 4883 Hoc
3592 4823 3769 4886 enim
3803 4843 3955 4888 con-

2458 4911 2761 4975 sideravit
2790 4932 2867 4975 ex
2902 4914 3187 4977 moribus
3228 4916 3390 4998 ejuS,
3426 4937 3501 4981 ex
3543 4924 3835 4986 custodia
3864 4926 3955 4987 vi-

2458 5030 2588 5087 suS,
2628 5030 2703 5073 ex
2749 5011 3087 5075 verborum
3140 5014 3471 5093 modestia,
3506 5031 3951 5105 apparatuque

2458 5108 2695 5185 vultuS,
2730 5128 2805 5172 ex
2842 5110 3183 5174 sobrietate
3214 5122 3274 5175 et
3306 5116 3671 5181 maturitate
3715 5120 3943 5202 ipsius,

2456 5206 2571 5271 Per
2624 5208 2935 5271 exteriora
2975 5210 3217 5292 quippe
3278 5224 3631 5278 noscuntur
3688 5218 3951 5285 interio-

2455 5326 2546 5383 ra,
2581 5306 2897 5389 probabili
2940 5309 3166 5371 saltem
3202 5318 3267 5373 et
3312 5314 3729 5396 conjecturali
3778 5321 3947 5383 noti-
