4309 6259
97 2201 164 2243 lob
175 2215 256 2248 xiv.
274 2202 320 2242 4.

101 3091 194 3147 Sep.
209 3106 278 3140 vu,
291 3094 332 3133 2.

99 3670 214 3713 Ecclt'
231 3674 337 3721 ma.

1151 519 1498 567 ENARRATIO
1539 520 1601 565 IN
1643 520 1780 567 GAP.
1825 518 1955 565 xvu
1995 519 2120 565 JOB.
2170 539 2250 551 —-
2289 521 2433 567 Am.
2477 520 2671 567 xxxlx

343 886 502 966 fuit,
541 889 606 951 id
639 897 735 953 est
767 888 950 970 quies
980 909 1017 950 a
1050 905 1242 969 poena
1273 908 1518 964 sensuS,
1557 896 1855 967 certaque

343 1006 507 1068 spes
542 987 870 1051 felicitatis
902 995 1175 1050 aeternae.
1215 986 1410 1048 Erant
1441 995 1652 1049 tamen
1688 994 1857 1048 tene-

339 1086 488 1149 brae
539 1086 652 1162 ibi,
690 1085 754 1147 id
806 1094 904 1147 est
950 1086 1232 1148 carentia
1282 1084 1444 1148 lucis
1489 1085 1709 1147 beatae.
1742 1084 1857 1147 Job

345 1202 508 1264 ergo
530 1185 738 1247 adhuc
769 1185 1012 1261 vivenS‚
1032 1183 1100 1246 in
1123 1183 1323 1246 limbo
1346 1183 1647 1245 lectulum
1671 1202 1856 1245 suum

347 1284 610 1361 stravit,
646 1284 712 1346 id
754 1293 870 1361 est,
917 1284 1078 1347 bene
1133 1283 1410 1347 vivendo
1459 1282 1855 1345 mansionem

347 1385 484 1448 sibi
521 1385 610 1447 ibi
649 1385 1026 1467 promeruit.

437 1486 822 1554 Putredini,
847 1483 911 1546 id
943 1490 1040 1545 est
1071 1483 1425 1558 immundo,
1449 1479 1710 1558 infecto,
1745 1500 1860 1563 pu-

353 1581 796 1663 trescentique
831 1581 1086 1657 semini,
1119 1582 1296 1651 dimi,
1333 1599 1448 1662 per
1481 1580 1860 1661 recognitio-

351 1701 507 1745 nem
562 1680 906 1745 mentalem
945 1698 960 1741 :
993 1684 1193 1743 Pater
1232 1698 1431 1740 meus·
1457 1700 1540 1750 es,
1585 1678 1738 1759 quia
1786 1697 1860 1740 ex

351 1781 472 1843 tali
517 1800 660 1842 sum
699 1779 944 1843 semine
987 1787 1194 1841 natuS.
1229 1777 1538 1859 Denique,
1574 1777 1639 1839 in
1675 1796 1863 1859 gene-

3330 498 3451 563 539

335 690 434 751 ad
464 690 916 757 dormiendum
949 710 1050 753 me
1081 709 1273 774 pono.
1309 690 1425 755 Vel
1457 691 1627 753 istud
1661 689 1856 753 refer·
1882 688 1934 751 A
1965 709 2042 753 ex
2090 709 2356 773 corpore
2394 691 2693 767 hominis,
2728 694 2868 774 ejus
2920 700 3095 773 pater
3142 699 3207 754 et
3250 695 3453 752 mater

339 798 460 852 tur
507 790 588 853 ad
641 791 912 853 limbum
966 798 1243 871 patrum,
1293 790 1359 851 in
1409 807 1536 871 quo
1587 788 1854 852 lectulus

1967 809 2094 853 non
2124 790 2563 872 appellantur.'

2057 891 2175 952 Ubi
2211 900 2301 949 esc
2342 910 2488 966 erqo
2540 911 2715 950 nunc
2746 892 3143 968 praestolatio
3196 908 3354 959 mea,
3390 886 3456 947 id

1966 995 2062 1050 est
2103 988 2343 1049 bonum
2385 990 2555 1069 quod
2598 988 2899 1053 finaliter.
2923 1006 3107 1070 spero
3149 1005 3260 1049 seu
3300 1004 3458 1067 prae-

1967 1087 2211 1150 stolorZ
2245 1095 2544 1168 tanquam
2578 1088 2747 1150 dicat
2782 1106 2795 1149 ε
2830 1087 3033 1161 Quum
3068 1093 3239 1149 tanta
3271 1085 3354 1145 sit
3374 1085 3460 1146 vi-

1969 1187 2113 1249 litas
2145 1187 2271 1249 mei
2294 1187 2578 1269 corporis
2600 1196 2661 1250 et
2685 1187 2963 1249 brevitas
2984 1186 3109 1248 mei
3133 1184 3454 1266 temporiS‚

1969 1286 2205 1348 bonum
2261 1305 2297 1347 a
2348 1306 2449 1349 me
2501 1284 2784 1349 finaliter
2834 1284 3283 1359 desideratum,
3330 1300 3456 1344 non

1969 1394 2064 1448 est.
2096 1384 2441 1467 temporale
2471 1394 2579 1447 aut
2610 1384 2959 1466 corporale,
2982 1384 3093 1445 sed
3128 1381 3460 1464 spirituale

1969 1493 2029 1547 et
2063 1483 2381 1559 aeternale,
2416 1482 2715 1545 videlicet
2742 1484 2907 1545 Deus
2940 1481 3233 1544 sublimis
3265 1487 3328 1543 et
3355 1478 3460 1541 be-

1973 1583 2283 1645 nedictuS.
2318 1585 2405 1643 Ec
2426 1584 2821 1659 patientiam
2856 1602 3090 1650 meam,
3120 1599 3247 1661 qua
3286 1586 3459 1640 tanta

1971 1683 2235 1745 adversa
2268 1680 2710 1761 aequanimiter
2750 1680 2973 1757 tolero,
3008 1682 3154 1759 quis
3185 1680 3460 1753 conside-

1970 1782 2128 1841 rat?
2166 1779 2349 1861 quasi
2394 1778 2561 1840 dicat
2596 1778 2861 1841 :Nullus
2901 1777 3249 1840 amicorum
3290 1793 3461 1838 meo-

352 1879 614 1941 ratione
645 1896 865 1941 semen
899 1876 1100 1959 patris
1133 1895 1201 1939 se
1239 1875 1433 1938 habet
1459 1895 1573 1957 per
1602 1876 1860 1938 modum
1899 1876 1944 1939 B
1975 1897 2137 1953 rum,
2183 1877 2283 1940 vel
2334 1896 2477 1939 cum
2530 1877 2622 1939 cis
2670 1876 3103 1958 praesentium‚
3142 1894 3281 1938 eam
3324 1894 3462 1957 per-

349 1978 634 2059 agentiS,
665 1995 867 2057 quum
901 1975 967 2037 in
1001 1974 1142 2056 ipso
1173 1974 1271 2037 vis
1305 1973 1643 2038 formativa
1673 1992 1864 2056 pona-

355 2091 468 2143 tur
503 2096 520 2140 :
553 2084 819 2160 propter
859 2075 1031 2155 quod
1073 2094 1108 2135 a
1139 2074 1394 2137 Platone
1429 2074 1685 2150 dicitur,
1723 2093 1864 2155 par-

353 2200 482 2243 vus
533 2185 737 2260 pater.
788 2174 968 2237 Unde
1019 2172 1312 2254 superius
1354 2173 1443 2234 ait
1482 2172 1598 2235 Job
1648 2190 1660 2234 :
1714 2173 1863 2247 Quis

355 2284 576 2363 potest
620 2275 832 2337 facere
873 2272 1183 2333 mundum
1225 2272 1304 2333 de
1345 2272 1674 2334 immundo
1717 2292 1865 2335 con-

355 2384 624 2459 ceptum
659 2372 952 2435 semine?
981 2372 1192 2431 Macer
1220 2389 1383 2439 mea,
1409 2369 1475 2430 id
1505 2378 1621 2446 est,
1659 2378 1866 2451 putre-

357 2476 584 2538 dinem
635 2472 828 2535 etiam
888 2468 1020 2532 dixi
1074 2475 1341 2530 matrem
1390 2486 1619 2530 meam.
1673 2467 1864 2531 Mater

357 2574 538 2636 enim
591 2570 918 2633 ministrat
971 2584 1190 2629 semen
1240 2566 1410 2646 quod
1462 2574 1555 2628 est
1605 2583 1865 2645 genera-

357 2672 562 2736 tionis
611 2667 900 2745 materia,
937 2675 999 2729 et
1043 2685 1158 2746 per
1206 2665 1464 2727 modum
1507 2664 1745 2747 passivi
1797 2685 1864 2727 se

362 2770 581 2833 habet.
608 2767 785 2843 Quod
819 2766 969 2829 item
1003 2765 1206 2827 instar
1237 2762 1499 2827 seminis
1533 2764 1730 2845 patris
1753 2764 1865 2826 im-

361 2888 602 2951 purum
636 2876 829 2947 atque
858 2864 1170 2927 infectum
1202 2872 1319 2939 est,
1339 2863 1738 2944 putredinem
1764 2864 1866 2925 ha-

363 2968 550 3043 bens,
578 2965 932 3029 secundum
963 2963 1292 3025 Albertum
1321 2979 1334 3023 τ
1357 2962 1536 3043 juxta
1569 2961 1726 3023 illud
1761 2960 1866 3024 Sa-

1975 1976 2219 2059 pendit,
2278 1994 2391 2039 nec
2444 1976 2583 2057 ejus
2636 1975 2971 2057 praemium
3032 1982 3296 2055 pensat-3
3352 1973 3460 2035 sed

1975 2078 2137 2139 Deus
2168 2074 2383 2137 omnia
2410 2074 2575 2137 bene
2602 2074 2907 2156 disponit.
2942 2074 3086 2136 Ideo
3116 2072 3411 2135 subditur
3445 2088 3459 2131 :

1974 2181 2052 2237 In
2096 2174 2691 2251 profundissimum
2740 2174 3107 2249 infernum,
3138 2170 3202 2232 id
3250 2178 3348 2233 est
3397 2171 3463 2232 in

1975 2274 2183 2337 locum
2230 2270 2468 2333 inferni
2509 2270 2692 2332 valde
2738 2268 3131 2351 profundum
3172 2276 3464 2350 respectu

1973 2369 2387 2434 habitationis
2434 2368 2786 2450 praesentiS‚
2824 2376 2978 2450 puta
3026 2368 3091 2429 in
3137 2367 3407 2429 limbum
3444 2384 3457 2427 ε

1973 2469 2084 2551 qui
2130 2468 2319 2531 etiam
2364 2465 2903 2548 profundissimus
2942 2466 3299 2548 appellatur
3333 2484 3461 2527 non

1973 2568 2277 2643 absolute,
2297 2566 2404 2628 sed
2438 2564 2805 2646 respective.
2826 2565 2978 2627 Nam
3003 2572 3294 2646 respectu
3316 2563 3461 2626 coeli

1974 2675 2138 2729 terra
2174 2663 2493 2746 profunda
2523 2671 2639 2739 est,
2666 2662 3029 2744 sepulcrum
3062 2661 3459 2743 profundius

1975 2764 2214 2827 limbus
2246 2772 2457 2825 autem
2490 2760 3075 2843 profundissimus:
3102 2761 3193 2823 sic
3227 2768 3458 2837 tamen,

1976 2872 2047 2926 ut
2077 2862 2505 2944 superlativus
2535 2860 2655 2923 iste
2694 2879 2821 2925 non
2853 2861 3109 2923 denotet
3137 2878 3465 2922 excessum

1976 2958 2471 3043 comparationis
2503 2958 2571 3019 in
2605 2958 2761 3021 locis
2796 2958 3057 3035 inferni,
3094 2966 3165 3020 ut
3194 2976 3261 3019 se
3299 2958 3467 3020 dicat

362 3065 650 3148 pientiae,
699 3063 1079 3144 Coagulatus
1127 3080 1268 3123 sum
1319 3061 1384 3122 in
1435 3060 1743 3139 sanguine
1789 3080 1864 3123 ex
1901 3056 1945 3122 C
1977 3061 2054 3123 ad
2087 3059 2295 3122 locum
2319 3058 2765 3119 damnatorum
2796 3056 3057 3118 iturum.
3082 3060 3467 3119 Dese-endem

363 3164 616 3227 semine
665 3161 971 3237 hominiS,
1025 3168 1088 3223 et
1136 3160 1598 3222 delectamento
1658 3160 1864 3223 somni

363 3262 818 3326 conveniente.
865 3264 947 3322 Ec
993 3279 1172 3319 soror
1220 3280 1379 3328 mea,
1417 3261 1761 3329 vermibus‘,
1802 3258 1864 3321 id

363 3370 484 3437 est,
521 3378 775 3423 vermes
807 3358 1027 3422 vocavi
1060 3375 1330 3433 sororeS,
1356 3356 1509 3438 quia
1540 3358 1618 3419 de
1647 3358 1865 3419 eadem

367 3460 713 3544 putredine
743 3478 994 3522 mecum
1029 3457 1161 3519 nati
1194 3466 1303 3519 aut
1336 3456 1640 3519 nascituri
1675 3466 1862 3519 sunt:

368 3558 914 3640 quemadmodum
979 3556 1044 3618 in
1105 3554 1548 3619 Ecclesiastico
1610 3554 1862 3635 legitur,

367 3657 572 3732 Quum
609 3657 919 3719 morietur
958 3656 1172 3731 homo,
1198 3654 1583 3717 hereditabit
1614 3673 1869 3735 serpen-

369 3765 488 3831 tes,
515 3763 580 3818 et
612 3754 876 3831 hestiaS,
903 3762 966 3817 et
994 3772 1266 3817 vermes.
1293 3754 1575 3836 Insuper,
1595 3753 1868 3816 Thomas

369 3852 542 3915 istud
575 3871 924 3935 exponenS,
963 3851 1054 3915 sic
1085 3853 1174 3914 ait
1209 3870 1224 3913 ε
1261 3852 1434 3915 Sicut
1469 3852 1660 3915 homo
1693 3872 1730 3914 a
1762 3871 1869 3933 pa-

367 3951 660 4015 rentibus
703 3950 1018 4033 originem
1065 3951 1278 4028 trahit,
1315 3971 1389 4015 ex
1431 3970 1559 4032 qua
1590 3970 1735 4013 cum
1776 3950 1868 4013 eis

365 4049 762 4113 affinitatem
802 4047 1033 4122 habet3
1071 4048 1160 4111 ita
1200 4048 1266 4110 in
1308 4047 1600 4130 sepulcro
1641 4048 1708 4109 in
1757 4068 1870 4130 pu-

371 4149 690 4211 tredinem
724 4156 790 4209 et
819 4166 1070 4210 vermes
1102 4147 1463 4222 resolvitur,
1485 4147 1594 4227 qui
1624 4166 1700 4209 ex
1730 4147 1869 4228 ejus

1974 3160 2192 3218 omnia
2244 3177 2410 3226 mea,
2442 3156 2505 3219 id
2548 3164 2643 3217 est
2692 3155 2905 3218 anima
2956 3175 3100 3218 cum
3151 3154 3465 3218 universis

1976 3256 2221 3318 meritis
2253 3254 2385 3316 suis
2418 3274 2491 3317 ac
2524 3253 2771 3316 viribus
2808 3271 2821 3315 :
2848 3254 3001 3334 quia
3033 3254 3099 3316 in
3129 3254 3340 3316 anima
3372 3273 3467 3317 se-

1977 3362 2195 3437 parata
2243 3354 2433 3416 etiam
2489 3352 2827 3415 inferiores
2881 3352 3182 3434 potentiae
3232 3353 3467 3416 radica-

1977 3454 2122 3515 liter
2166 3472 2238 3514 ac
2284 3452 2644 3514 virtualiter
2690 3460 2973 3513 manent.
3022 3450 3310 3528 Quidam,
3352 3470 3467 3533 per

1977 3548 2553 3634 profundissimum
2596 3548 2942 3624 infernum,
2980 3549 3349 3631 intelligunt
3379 3568 3467 3611 se-

1977 3650 2271 3732 pulcrum
2308 3666 2321 3709 :
2358 3649 2524 3729 quod
2568 3647 2854 3730 ineptum
2901 3647 3174 3724 videtur,
3210 3646 3363 3729 quia
3404 3656 3465 3709 et

1978 3747 2292 3828 expositio
2342 3746 2455 3808 illa
2503 3766 2579 3809 ex
2630 3746 2847 3827 inepto
2898 3754 3191 3809 censetur
3242 3744 3469 3808 funda-

1978 3855 2193 3910 mento
2224 3845 2499 3928 prodire.
2535 3849 2826 3907 Putasne
2852 3850 3078 3905 saltem
3110 3847 3203 3905 ibi
3227 3848 3352 3906 erit
3381 3866 3468 3904 re-

1977 3947 2160 4025 quies
2204 3946 2370 4005 miki
2392 3947 2422 4004 ἒ
2462 3943 2641 4025 quasi
2683 3943 2851 4005 dicat
2887 3961 2900 4004 :
2935 3943 3065 4005 imo
3110 3943 3330 4024 utique
3376 3943 3467 4005 ibi

1977 4062 2016 4105 a
2057 4043 2203 4107 vitae
2244 4043 2435 4123 hujus
2481 4040 2807 4104 doloribus
2852 4042 3470 4123 adversitatibusque

1978 4142 2326 4223 quiescam,
2362 4149 2425 4203 et
2465 4140 2533 4202 in
2574 4149 2745 4203 certa
2784 4160 2897 4222 spe
2942 4141 3315 4222 repausabo.
3350 4140 3471 4205 Ve-

367 4264 639 4329 corpore
672 4252 1060 4324 generantur
1094 4264 1108 4307 :
1146 4252 1407 4326 propter
1440 4245 1607 4325 quod
1649 4243 1869 4307 affini-
1899 4238 1947 4300 D
1979 4249 2336 4303 rumtamen
2382 4239 2491 4317 ait,
2536 4239 2851 4302 Putasne?
2891 4237 3102 4303 sobrie
3146 4238 3415 4321 loquens
3450 4257 3464 4301 ε

371 4353 562 4407 tatem
600 4351 661 4405 et
695 4342 1242 4425 propinquitatem
1276 4342 1468 4405 habet
1488 4344 1566 4406 ad
1600 4362 1729 4407 eos,
1756 4343 1867 4405 Ve-

369 4452 730 4505 rumtamen
753 4440 1066 4522 expositio
1099 4440 1220 4503 ista
1251 4461 1380 4504 non
1411 4440 1733 4523 exprimit,
1753 4462 1868 4504 cur

369 4542 673 4605 distincte
725 4540 1042 4622 prolatum
1095 4548 1212 4617 est,
1261 4550 1462 4623 pater,
1509 4548 1729 4618 mater,
1775 4561 1868 4604 so-

371 4659 492 4703 ror.
536 4638 628 4700 Ex
673 4638 794 4700 hoc
839 4636 1012 4700 enim
1063 4639 1233 4719 quod
1279 4657 1526 4701 vermes
1574 4639 1866 4701 oriuntur

1978 4339 2127 4420 quia
2158 4339 2503 4401 secundum
2542 4355 2946 4401 communem
2988 4338 3215 4417 legem,
3259 4339 3337 4402 de
3380 4338 3471 4401 fe-

1978 4439 2217 4501 licitato
2266 4456 2451 4499 nemo
2500 4436 2706 4500 viator
2746 4456 3007 4499 securus
3058 4444 3172 4514 est,
3219 4437 3342 4500 nisi
3394 4458 3470 4501 ex

1978 4536 2365 4599 revelatione
2405 4535 2645 4609 divina,
2692 4554 2805 4597 seu
2854 4535 3321 4600 certificatione
3368 4556 3471 4600 su-

1976 4654 2197 4717 perna,
2234 4634 2334 4697 vel
2368 4632 2787 4716 inspiratione
2817 4633 3087 4698 occulta.
