4309 6259
106 2087 205 2127 [tun.
223 2099 263 2127 11.
284 2088 322 2127 21
334 2118 343 2127 .

124 2384 295 2429 Iz'rrlm.
314 2387 349 2426 1.

118 2483 313 2523 lautitias
324 2496 351 2530 1,

110 2548 163 2585 13.

107 2974 203 3027 Sap.
220 2988 271 3019 ux.
290 2976 349 3014 1⁰.

1102 566 1107 571 ,
1192 524 1539 575 mannum
1582 531 1641 575 m
1685 526 1821 575 car.
1868 522 2041 576 xxxu
2082 524 2208 576 1011.
2255 552 2336 560 -
2375 532 2519 578 An'r.
2564 535 2642 581 Lx

3339 514 3460 581 665

370 694 617 757 ratione
660 705 854 777 atque
900 698 1156 760 silentio
1197 699 1546 761 amicorum
1573 698 1711 775 Job,
1738 702 1867 778 spi-
1896 700 1945 760 A
1974 703 2172 761 eciam
2199 724 2308 778 eqo
2330 725 2536 764 meam
2556 708 2953 767 scz'entiam*.
2977 708 3042 770 ln
3074 707 3310 789 quibus
3331 726 3462 771 ver·
3531 726 3548 745 ·
3576 728 3752 781 sapien-

369 796 541 853 ritus
570 805 660 855 est
694 798 760 853 ίη
795 798 1187 858 hominibus,
1222 798 1349 859 Hoc
1382 798 1643 879 quidam
1684 817 1867 879 expo-

368 900 533 954 nunt
558 893 641 954 de
672 892 910 974 Spiritu
935 894 1043 957 Dei
1075 914 1187 958 seu
1210 896 1447 977 Spiritu
1471 896 1719 971 Sancto,
1752 896 1865 976 qui

368 995 464 1049 est
495 988 563 1049 in
595 1007 672 1051 eo
702 1008 895 1069 quem
917 1010 1031 1071 per
1059 991 1327 1071 gratiam
1349 1012 1526 1054 suam
1557 991 1867 1053 inhabitat

370 1094 431 1147 et
474 1087 775 1149 illustrat.
808 1089 1015 1151 Potest
1054 1098 1264 1153 tamen
1310 1093 1410 1170 (ut
1454 1092 1622 1169 reor)
1658 1090 1867 1171 aptius

371 1185 781 1267 interpretari
804 1188 882 1249 (10
910 1188 1119 1249 anima
1145 1190 1445 1265 hominiS,
1466 1208 1607 1270 quae
1627 1196 1721 1251 est
1742 1188 1869 1269 spi-

372 1284 534 1344 ritus
578 1285 907 1347 rationalis
946 1304 957 1347 :
995 1295 1295 1367 tanquam
1336 1288 1525 1361 dicat,
1561 1287 1868 1349 Omnibus

370 1382 745 1444 hominibus
776 1393 869 1445 est
891 1402 1252 1460 commune,
1274 1384 1569 1465 spiritum
1604 1404 1714 1447 seu
1744 1383 1871 1445 ani-

372 1500 542 1541 mam
575 1481 950 1543 rationalem
984 1482 1239 1559 habere,
1274 1484 1383 1545 sed
1413 1502 1543 1545 non
1572 1482 1869 1544 omnibus

371 1598 715 1642 commune
759 1588 853 1641 est
903 1581 1280 1661 sapientiam
1332 1581 1678 1663 possidere.
1714 1581 1871 1642 Hinc

372 1678 694 1755 subditur,
729 1690 787 1739 ec
820 1682 1190 1758 inspv‘ratz'O,
1229 1680 1289 1742 id
1322 1688 1417 1742 est
1448 1681 1695 1743 interna
1729 1680 1873 1741 illu-

374 1777 669 1853 minatio,
698 1779 1168 1856 omnipotentis
1194 1784 1309 1839 dat
1345 1780 1868 1855 iutell-tyente'am‚

1976 798 2076 860 bis
2105 810 2361 864 notatur
2389 803 2494 865 hic
2521 804 2662 865 Eliu
2692 806 2770 866 de
2802 804 3214 868 immoderata
3245 805 3344 867 sui
3377 824 3463 867 re-

1978 900 2305 979 putatione
2347 909 2410 963 et
2448 922 2576 964 suae
2617 902 2898 966 scientiae
2937 904 3457 987 praesumptione.

1977 1000 2364 1074 ans-pectavi
2390 1003 2564 1061 enim
2601 1022 2916 1062 sermones
2945 1012 3198 1075 vestros,
3229 988 3464 1063 audivi

1970 1100 2394 1172 prudentiam
2425 1109 2720 1172 vestram,
2745 1102 2943 1159 donec
2960 1102 3399 1177 disceptaret-es
3413 1102 3461 1169 *,

1980 1192 2041 1256 id
2073 1202 2189 1271 est,
2225 1196 2461 1276 pariter
2490 1197 2920 1277 disputaretiS,
2944 1201 3340 1258 sermonibus
3353 1222 3383 1269 ,·
3404 1208 3464 1257 et

1976 1298 2174 1354 donec
2213 1298 2526 1372 putabam
2575 1317 2680 1355 vos
2725 1298 2985 1376 aliquid
3029 1300 3265 1365 dicere,
3297 1297 3466 1377 quod

1979 1391 2214 1454 efficax
2245 1401 2412 1454 esset
2439 1394 2516 1455 ad
2550 1394 3011 1456 ostendendum
3046 1394 3464 1476 propositum,

1978 1493 2456 1551 considerabam
2483 1500 2692 1554 vestra
2712 1492 2919 1568 verba,
2935 1502 2998 1555 01
3026 1492 3171 1574 quis
3193 1501 3467 1555 vestrum

1980 1588 2415 1651 rationabilius
2439 1590 2803 1671 loqueretur
2823 1609 2836 1652 :
2859 1591 2999 1653 ideo
3019 1592 3197 1654 decet
3215 1600 3283 1653 ut
3304 1609 3474 1653 nunc

1983 1706 2083 1750 me
2130 1688 2350 1750 audire
2390 1689 2766 1767 dignemini.
2802 1694 2958 1760 Sed,
2989 1701 3060 1751 uc
3106 1693 3312 1761 videm,
3343 1710 3466 1749 nou

1982 1795 2069 1845 esc
2101 1784 2333 1866 aliquis
2365 1794 2670 1863 vestrum,
2689 1790 3094 1867 que‘aryucwc
3115 1790 3472 1865 possiclob,

377 1876 441 1937 id
472 1885 570 1937 est
614 1884 851 1938 certam
884 1878 1166 1939 veritatis
1204 1878 1519 1953 notitiam,
1552 1897 1587 1938 a
1629 1895 1754 1956 qua
1786 1894 1874 1937 ra·
1910 1879 1956 1940 B
1985 1882 2049 1944 id
2078 1891 2174 1944 est
2209 1883 2378 1945 dicta
2415 1884 2554 1964 ejus
2597 1885 2980 1965 improbare,
3012 1896 3071 1945 ec
3097 1889 3473 1963 respondere

380 1976 467 2037 tio
498 1974 809 2035 naturalis
837 1976 1112 2056 desuper
1144 1995 1268 2038 non
1300 1975 1539 2057 adjuta,
1575 1974 1877 2055 multipli-

376 2072 537 2135 citer
566 2071 810 2133 deficit.
846 2072 1004 2134 Hinc
1034 2071 1249 2133 Daniel
1282 2071 1563 2134 inducit:
1588 2074 1747 2133 Deus
1769 2072 1875 2133 dat

378 2170 758 2252 sapientiam
792 2170 1213 2251 sapientibuS,
1250 2179 1310 2231 et
1351 2170 1754 2252 prudentiam
1786 2170 1877 2231 in-

380 2268 821 2347 telligentibus
874 2268 1306 2349 disciplinam.
1361 2270 1435 2330 Et
1481 2268 1876 2331 Ecclesiasti-

380 2388 489 2429 cus
526 2384 540 2427 :
574 2367 795 2430 Omnis
835 2367 1147 2448 sapientia
1188 2387 1225 2429 a
1267 2368 1533 2430 Domino
1584 2368 1708 2429 Deo
1755 2374 1871 2429 est.

381 2466 671 2528 Salvator
717 2483 975 2546 quoque
1023 2465 1162 2527 ait:
1204 2465 1405 2538 Quum
1459 2466 1708 2527 venerit
1768 2463 1877 2525 ille

380 2564 659 2645 Spiritus
699 2564 1007 2641 veritatiS,
1041 2563 1295 2626 docebit
1326 2584 1438 2627 vos
1481 2582 1734 2625 omnem
1768 2582 1875 2625 ve-

380 2664 657 2725 ritatem.
686 2664 849 2725 Deus
878 2672 1087 2725 autem
1120 2664 1503 2744 quandoque
1534 2682 1644 2744 per
1678 2682 1744 2725 sc
1786 2662 1879 2742 ip-

380 2782 523 2823 sum
555 2761 925 2823 immediate
946 2762 1166 2823 edocet
1197 2770 1474 2823 mentem
1506 2762 1873 2835 humanam,

379 2860 771 2940 quandoque
833 2879 946 2942 per
1013 2860 1331 2939 angelum.
1398 2859 1555 2921 Hinc
1613 2858 1877 2941 Sapiens

380 2968 521 3020 orat
558 2975 571 3019 :
604 2957 798 3033 Mitte,
836 2958 1121 3033 Domine,
1166 2958 1543 3040 sapientiam
1579 2959 1659 3020 de
1698 2957 1876 3020 coelis

1983 2002 2063 2039 em
2094 1983 2292 2050 vobe'S,
2325 1981 2387 2042 id
2429 1990 2519 2043 est
2559 2002 2635 2044 ex
2679 2002 2869 2045 sensu
2911 1983 3009 2044 vel
3058 2001 3322 2045 numero
3367 2001 3474 2046 ve-

1984 2086 2137 2153 stro,
2189 2084 2583 2140 sermonibus
2624 2082 2790 2157 eju-3,
2840 2080 3076 2160 quibus
3115 2100 3184 2143 Se
3217 2091 3474 2143 excusat

1985 2186 2176 2257 atque
2204 2178 2540 2258 justificat,
2576 2199 2817 2260 vosque
2849 2188 3123 2243 accusat.

2065 2277 2300 2356 ltaque,
2321 2278 2658 2339 Ostendam
2683 2279 2866 2341 vobis
2887 2278 3217 2341 scientiam
3249 2296 3470 2353 meam,

1989 2395 2065 2433 ne
2102 2376 2268 2453 forte
2316 2394 2450 2451 VOS,
2480 2376 2668 2438 amici
2708 2376 2845 2451 101),
2897 2378 3130 2437 dicatis
3161 2394 3184 2464 :⁰
3214 2377 3477 2455 Inveni:-

1988 2494 2130 2533 mus
2160 2476 2574 2551 sapientiam,
2605 2474 2667 2535 id
2706 2484 2823 2549 est,
2867 2493 3015 2537 vere
3052 2481 3114 2535 et
3159 2474 3477 2555 sapienter

1985 2572 2410 2650 argumentati
2442 2591 2661 2633 sumus
2688 2573 2988 2635 adversus
3009 2572 3146 2647 1011,
3171 2572 3471 2633 dicendo:

1986 2673 2158 2730 Deus
2182 2672 2450 2747 projecit
2479 2692 2647 2743 eum,
2683 2692 2809 2731 non
2841 2672 3024 2731 homo
3055 2692 3076 2729 .·
3109 2670 3170 2732 id
3211 2680 3327 2745 est,
3363 2689 3476 2751 per

1988 2768 2107 2829 1100
2139 2767 2544 2830 sufficienter
2573 2768 2981 2850 probavimus
3013 2768 3220 2849 ipsum
3251 2767 3364 2829 Job
3384 2786 3478 2827 es-

1988 2884 2055 2926 se
2100 2864 2433 2945 injustum,
2471 2865 2771 2945 quoniam
2813 2866 2974 2927 Deus
3008 2884 3153 2927 eum
3200 2864 3264 2925 in
3313 2863 3476 2926 hanc

1986 2962 2429 3026 adversitatem
2475 2963 2766 3045 projecit,
2802 2963 2913 3043 qui
2961 2981 3170 3025 errare
3201 2981 3328 3025 non
3367 2981 3478 3043 po-

381 3057 623 3119 sanctis
667 3056 815 3131 tuiS,
849 3065 911 3118 et
946 3076 982 3117 a
1023 3056 1170 3117 sede
1219 3057 1678 3136 magnitudinis
1728 3066 1871 3133 tuae,
1902 3048 1956 3131 'C
1988 3067 2147 3133 test3
2179 3069 2243 3122 et
2272 3078 2398 3122 non
2432 3060 2645 3137 homo,
2672 3060 2784 3141 qui
2819 3061 3184 3141 frequenter
3211 3068 3378 3121 errat
3411 3058 3476 3120 in

379 3164 450 3217 ut
479 3175 733 3217 mecum
766 3154 849 3216 sit
876 3162 939 3217 et
978 3174 1229 3217 mecum
1272 3155 1537 3231 laboret,
1572 3164 1641 3217 ut
1682 3156 1876 3218 sciam

380 3254 535 3335 quid
568 3262 901 3335 acceptum
934 3253 1017 3315 sit
1036 3272 1247 3316 coram
1282 3262 1341 3316 tc
1370 3254 1545 3316 omni
1570 3261 1873 3336 tempore.

378 3353 595 3427 Porro,
627 3352 805 3432 juxta
836 3352 897 3413 S.
933 3352 1328 3433 Gregorium,
1365 3352 1463 3413 his
1494 3352 1705 3415 verbis
1734 3352 1873 3413 Eliu

380 3451 509 3512 ruit
544 3451 623 3512 ad
666 3450 1114 3530 arrogantiam,
1152 3458 1453 3532 reputans
1496 3470 1564 3512 se
1606 3450 1749 3511 aliis
1787 3469 1878 3512 sa-

382 3546 789 3630 pientiorem.
825 3548 1104 3621 Quatuor
1132 3548 1305 3610 enim
1330 3550 1709 3627 (secundum
1731 3548 1877 3611 Gre-

381 3647 667 3727 gorium)
687 3654 837 3708 sunt
867 3646 1112 3728 species
1142 3646 1560 3727 superborum
1596 3664 1609 3707 :
1644 3646 1872 3722 Prima,

380 3764 605 3808 eorum
660 3743 771 3826 qui
820 3744 1060 3806 bonum
1110 3764 1146 3805 a
1195 3764 1263 3805 sc
1311 3744 1468 3825 ipsis
1520 3745 1752 3807 habere
1812 3764 1879 3805 se

382 3844 811 3919 arbitrantur;
834 3844 1134 3918 secunda,
1156 3862 1375 3905 eorum
1408 3843 1518 3923 qui
1550 3844 1704 3906 illud
1740 3863 1880 3925 pro-

384 3942 546 4025 priis
578 3941 823 4004 meritis
854 3942 987 4004 suis
1012 3940 1402 4017 attribuunt3
1426 3942 1634 4018 tertia,
1661 3961 1879 4004 eorum

384 4043 498 4123 qui
538 4060 607 4103 se
643 4041 885 4121 jactant
922 4040 1158 4102 habere
1206 4041 1376 4121 quod
1424 4057 1551 4102 non
1600 4040 1877 4114 habent3

384 4148 630 4221 quarta,
648 4158 867 4201 eorum
891 4138 1000 4219 qui
1022 4138 1336 4219 despectis
1357 4138 1597 4213 ceteris,
1614 4139 1884 4219 singula-

1983 3157 2331 3237 judicando
2375 3177 2448 3219 ac
2483 3157 2828 3239 puniendo.
2865 3157 2956 3219 Ex
2987 3157 3106 3221 hoc
3153 3158 3322 3220 enim
3371 3175 3477 3238 po·

1988 3255 2231 3316 tissime
2262 3263 2628 3335 arguerunt,
2663 3256 2833 3336 quod
2862 3254 2978 3318 Job
3007 3264 3174 3318 esset
3202 3274 3316 3337 pro
3345 3255 3476 3317 suis

1988 3353 2264 3434 peccatis
2310 3373 2670 3434 percussuS,
2709 3354 2870 3435 :quia
2911 3374 2948 3416 a
2991 3355 3116 3416 Deo
3161 3354 3473 3436 plagatus,

1987 3450 2098 3528 qui
2128 3458 2226 3511 est
2253 3450 2461 3531 justus
2489 3458 2554 3513 et
2583 3449 2946 3512 infallibilis
2974 3452 3188 3531 judex,
3225 3469 3352 3513 non
3384 3451 3473 3511 in-

1988 3544 2201 3609 ferens
2235 3566 2487 3628 poenam
2532 3548 2655 3609 nisi
2699 3567 2812 3629 pro
2851 3548 3061 3629 culpa.
3097 3548 3216 3610 Sed
3243 3550 3468 3629 (111110-

1991 3646 2138 3725 tuit)
2186 3645 2355 3708 istud
2411 3655 2854 3727 argumentum
2916 3665 3043 3708 non
3092 3654 3296 3707 exstat
3349 3645 3481 3707 suf-

1991 3745 2252 3820 ficienS,
2304 3744 2604 3825 quoniam
2667 3744 2895 3806 falsum
2955 3754 3051 3807 est
3098 3744 3269 3825 quod
3316 3745 3479 3807 Deus

1992 3843 2241 3906 nullum
2281 3843 2506 3925 puniat
2552 3842 2616 3904 in
2659 3843 2776 3905 1100
2817 3842 2969 3918 vita,
3005 3841 3128 3903 nisi
3183 3861 3297 3923 pro
3345 3842 3479 3903 suis

1991 3942 2290 4023 peccatis.
2312 3942 2468 4003 Hinc
2489 3940 2631 4003 Eliu
2663 3940 2938 4002 intendit
2969 3958 3084 4022 per
3109 3940 3480 4003 efficaciora

1988 4047 2360 4118 argumenta
2407 4038 2720 4101 intentum
2768 4037 3056 4120 probare.
3096 4040 3288 4098 Nihil
3320 4043 3483 4098 locu-

1993 4148 2095 4197 tus
2136 4147 2227 4197 esc
2259 4138 2428 4197 mihi
2457 4157 2478 4196 .·
2510 4135 2572 4198 id
2621 4143 2740 4213 est,
2775 4134 2839 4196 in
2885 4134 3002 4197 hac
3051 4134 3481 4216 disputatione

386 4237 542 4300 riter
572 4244 882 4319 appetunt
913 4235 1113 4300 videri
1147 4237 1381 4299 habere
1410 4237 1580 4317 quod
1619 4236 1877 4300 habent.
1913 4244 1963 4306 D
1996 4255 2120 4299 non
2165 4236 2241 4297 ad
2273 4254 2396 4312 me,
2431 4235 2540 4297 sed
2569 4236 2643 4296 ad
2685 4253 2797 4296 vos
2836 4233 3028 4296 verba
3065 4254 3182 4295 sua
3207 4234 3477 4314 direxit3

472 4340 619 4399 Non
666 4346 818 4396 sunt
869 4338 1169 4411 lonssoevi,
1210 4334 1272 4397 id
1324 4344 1420 4397 031
1466 4334 1739 4414 antiqui,
1784 4357 1885 4395 sa-

382 4438 655 4513 pientes',
690 4433 1131 4513 cognoscendo
1171 4432 1409 4510 divina,
1444 4455 1557 4493 ⁴nee
1588 4456 1762 4493 senes
1790 4437 1885 4494 in-

392 4536 697 4611 telligunt
720 4533 1092 4609 judicium,
1124 4530 1187 4592 id
1226 4540 1323 4593 est
1361 4540 1605 4606 „rectam
1651 4550 1885 4594 veram-

389 4651 517 4713 que
564 4648 903 4693 censuram
954 4637 1206 4691 actuum
1258 4628 1705 4692 humanorum.
1758 4631 1884 4692 Hoc

387 4731 467 4792 ad
497 4729 778 4791 litteram
815 4726 970 4789 dicit
1015 4735 1234 4789 eontra
1260 4726 1396 4803 Job,
1432 4736 1495 4790 ct
1534 4727 1882 4810 praesertim

389 4837 610 4890 contra
643 4828 781 4908 ejus
813 4824 1072 4902 01111003,
1094 4826 1262 4905 quod
1295 4827 1886 4889 consenserintver-

391 4926 492 4988 bis
518 4924 637 4987 Job
666 4923 1119 5005 derogantibus
1149 4923 1413 5005 justitiae
1451 4944 1524 4986 ac
1554 4925 1888 5005 providen-

396 5026 497 5086 tiae
530 5024 664 5099 Dei,
698 5022 1046 5085 secundum
1092 5021 1235 5083 Elin
1284 5022 1791 5099 aestimationem,
1825 5030 1887 5085 et

394 5123 566 5204 quod
605 5119 996 5184 crediderint
1038 5120 1245 5201 ipsum
1284 5120 1398 5182 Job
1442 5140 1582 5182 esse
1616 5112 1881 5200 justum.

396 5224 547 5282 Ideo
585 5223 805 5280 dicam
849 5218 1039 5298 digna
1084 5217 1329 5280 auditu.
1366 5221 1607 5280 Audite
1644 5240 1745 5277 me
1782 5238 1887 5280 au—

397 5318 575 5381 ribus
614 5318 848 5380 mentis
888 5326 951 5379 et
989 5317 1318 5397 corporis;
1352 5320 1682 5377 ostendam
1716 5316 1887 5376 vobis

1995 4353 2111 4397 nec
2149 4333 2309 4395 mihi
2355 4332 2659 4414 injuriam
2709 4332 2946 4405 intulit,
2978 4340 3050 4393 ut
3096 4332 3335 4413 putetis
3381 4352 3480 4395 1110

1994 4452 2069 4494 ex
2102 4432 2194 4493 ira
2216 4440 2277 4493 et
2299 4430 2595 4512 passione
2626 4430 3045 4492 irrationabili
3069 4439 3480 4511 provocatum

1994 4531 2071 4591 ad
2105 4529 2610 4611 impugnandum
2640 4526 2833 4590 verba
2860 4528 3063 4609 ipsius
3089 4551 3103 4603 ;
3137 4539 3196 4589 et
3213 4548 3322 4606 090
3353 4550 3482 4589 non

1991 4631 2346 4688 secandum
2376 4636 2608 4687 vest-ros
2645 4646 2961 4685 sermones
2999 4630 3378 4703 respondebo
3409 4630 3483 4685 il-

1994 4728 2067 4797 Ii,
2102 4726 2168 4788 id
2196 4733 2313 4802 est,
2340 4743 2466 4786 non
2501 4734 2624 4785 tam
2658 4723 2954 4786 invalidis
2986 4732 3126 4785 utar
3152 4742 3482 4803 argumen-

1995 4825 2096 4902 tis,
2134 4834 2208 4886 ut
2253 4844 2388 4901 VOS,
2437 4823 2547 4886 sed
2586 4823 2885 4886 subtilius
2933 4842 3216 4903 arguam.
3263 4823 3479 4904 Aliqui

1995 4931 2207 4985 autem
2238 4922 2570 4984 affirmant
2605 4923 2775 5003 quod
2807 4922 2946 4983 Eliu
2980 4920 3120 4984 ideo
3149 4922 3304 4984 dicit
3332 4921 3474 4997 hoc,

1995 5022 2147 5103 quia
2197 5021 2474 5102 ponebat.
2505 5021 2783 5084 animam
2834 5018 3111 5083 hominis
3159 5020 3482 5082 immorta-

1996 5121 2143 5195 lem,
2168 5118 2352 5199 cujus
2381 5118 2744 5199 oppositum
2775 5125 3109 5179 senserunt
3139 5116 3326 5179 amici
3345 5117 3476 5180 Job.

1995 5217 2250 5291 Verum,
2286 5223 2355 5277 ut
2387 5214 2755 5296 frequenter
2784 5221 3108 5275 ostensum
3141 5222 3257 5289 031,
3289 5215 3481 5277 amici

1991 5314 2105 5378 Job
2136 5333 2262 5377 non
2303 5320 2636 5375 senserunt
2667 5311 3027 5393 oppositum
3063 5312 3275 5394 hujus.

3491 788 3600 830 tiam

3509 1121 3526 1139 ·
3537 1119 3758 1177 discepta-

3495 1194 3582 1224 rem
3589 1183 3654 1224 ini
