4309 6259
857 502 976 563 456

1709 517 2054 563 ENARRATIO
2097 516 2159 561 IN
2202 516 2338 561 CAP.
2384 516 2427 561 X
2466 516 2592 562 1013.
2638 536 2717 545 —
2758 518 2901 571 Aur.
2947 516 3095 562 xxvl

861 689 1050 751 etiam
1100 687 1226 750 dici
1276 696 1491 769 posset
1533 688 1611 749 ab
1655 704 1752 764 eo,
1787 687 1900 769 qui
1945 687 2010 748 in
2051 705 2345 767 magnam
2376 686 2427 747 A
2460 687 2688 762 lorum,
2708 695 2770 748 et
2802 687 2867 748 in
2896 687 3001 750 die
3032 687 3344 750 malorum
3376 705 3458 750 ne
3489 688 3824 751 immemor
3853 689 3943 750 sis

861 786 1144 868 corporis
1173 785 1617 848 infirmitatem
1651 804 1990 868 rerumque
2017 786 2263 861 damna,
2286 793 2349 847 et

859 906 896 947 a
927 894 1094 947 statu
1136 885 1397 947 sublimi
1436 886 1514 947 ad
1555 884 1836 967 inopiam
1876 884 2226 949 deveniret.
2258 884 2348 945 Ex

860 983 1120 1046 litterali
1159 992 1371 1045 autem
1412 1002 1602 1046 sensu
1641 983 1930 1059 istorum,
1968 982 2349 1064 impiissima

863 1081 1100 1163 impuri
1158 1081 1481 1143 Manichaei
1537 1081 1951 1143 confutantur
2011 1079 2342 1161 figmenta,

863 1179 1154 1255 dicentis,
1202 1178 1337 1241 haec
1382 1178 1688 1242 inferiora
1735 1197 2056 1260 operaque
2108 1186 2348 1240 naturae

861 1278 927 1339 in
973 1295 1311 1363 corporum
1360 1277 1778 1359 productione
1820 1296 1893 1339 ac
1939 1275 2342 1353 formatione,

862 1394 1266 1456 nequaquam
1297 1394 1436 1437 esse
1474 1393 1511 1436 a
1547 1374 1714 1437 bono
1744 1376 1890 1451 Dee,
1925 1393 2116 1455 quem
2149 1373 2349 1437 nomi-

863 1483 971 1536 nat
1008 1475 1206 1537 Deum
1251 1473 1434 1551 luciS,
1468 1474 1579 1536 sed
1621 1493 1657 1535 a
1695 1473 2015 1555 principio
2058 1473 2349 1535 tenebra·-

863 1592 1026 1649 rum,
1064 1581 1218 1655 puta
1246 1572 1523 1635 diabolo.

931 1670 1168 1733 Deinde
1188 1670 1533 1732 videndum
1557 1671 1876 1751 quomodo
1901 1689 2043 1751 quae
2074 1690 2348 1751 sequun-

861 1778 985 1846 tur,
1033 1769 1112 1830 de
1155 1768 1444 1830 interiori
1489 1767 1749 1830 homine
1791 1767 2065 1845 (scilicet
2106 1768 2347 1849 anima)

2458 784 2794 847 honorum.

2555 885 2786 946 Nonne
2826 887 2992 945 sieut
3036 888 3136 945 lac
3182 886 3465 945 mulsisti
3508 887 3657 945 me?
3703 884 3767 947 id
3820 894 3939 962 est,

2458 980 2622 1043 sicut
2664 982 3015 1044 extrahitur
3051 982 3151 1043 lac
3194 983 3273 1044 de
3314 1000 3579 1064 corpore
3620 982 3817 1059 bruti,
3850 985 3944 1046 sic

2456 1079 2733 1141 animam
2785 1099 2989 1143 meam
3042 1080 3313 1143 eduxisti
3362 1081 3442 1143 de
3486 1082 3669 1143 vanis
3718 1084 3945 1145 mundi

2457 1176 2801 1241 affectibus
2830 1179 2907 1240 ad
2938 1197 3168 1241 novam
3194 1178 3743 1242 conversationem
3776 1189 3947 1243 tene-

2458 1275 2758 1337 ritudinis
2803 1276 3173 1358 spiritualiS,
3210 1285 3281 1338 ut
3319 1276 3549 1358 spiritu
3587 1278 3823 1340 mentis
3854 1298 3947 1341 re-
4002 1303 4153 1357 Ephe:
4168 1318 4215 1350 η.

2459 1391 2581 1437 nov
2585 1382 2707 1451 ata,
2728 1383 2942 1437 vetera
2964 1374 3121 1439 vitia
3149 1375 3419 1449 deserat,
3438 1382 3627 1456 atque
3658 1375 3727 1437 in
3758 1377 3944 1440 donis
3978 1368 4044 1409 ·³·

2456 1470 2728 1553 Spiritus
2780 1472 2991 1535 Sancti
3033 1473 3321 1555 quotidie
3370 1482 3655 1537 recenter
3703 1484 3945 1539 creseat

4270 1520 4272 1585 l

2456 1590 2528 1633 ac
2561 1570 2786 1634 floreat
2814 1590 2827 1633 ε
2852 1573 3029 1653 juxta
3062 1571 3219 1635 illud
3251 1574 3330 1635 ad
3361 1572 3745 1649 CorinthiOS,
3771 1575 3946 1638 Licet
4008 1590 4041 1631 11
4060 1590 4155 1633 cor.
4170 1604 4217 1632 π.

2458 1668 2511 1730 is
2542 1668 2651 1749 qui
2686 1668 2841 1731 foris
2871 1679 2966 1733 est
2998 1678 3212 1732 noster
3241 1670 3455 1746 home,
3479 1680 3941 1753 corrumpatur,
3981 1656 4044 1694 ¹⁶·

2460 1776 2670 1831 tamen
2716 1768 2768 1830 is
2810 1767 2921 1849 qui
2967 1768 3139 1830 intus
3182 1776 3299 1845 est,
3338 1777 3679 1832 renovatur
3720 1771 3801 1832 de
3842 1771 3949 1833 die

864 1867 1111 1949 possint
1159 1865 1410 1948 exponi.
1456 1869 1796 1936 Memento,
1837 1886 2070 1943 qum-0,
2111 1866 2174 1928 id
2224 1874 2340 1944 est,
2384 1869 2427 1929 B
2458 1866 2524 1928 in
2575 1867 2768 1928 diem.
2814 1866 2973 1929 Hinc
3020 1867 3237 1929 Petrus
3288 1867 3575 1929 hortatur
3618 1867 3685 1929 in
3738 1868 3949 1949 prima

863 1964 1274 2047 paternaliter
1312 1964 1721 2045 ignoscendo,
1762 1963 2052 2026 celeriter
2093 1984 2347 2026 succur-

861 2064 1081 2140 rendo,
1115 2064 1378 2126 ostende
1418 2070 1478 2125 te
1518 2080 1861 2125 memorem
1905 2081 2018 2125 seu
2056 2062 2351 2125 immuta-

861 2161 1078 2224 biliter
1127 2169 1644 2240 cognoscentem,
1701 2164 1870 2239 quod
1919 2162 2086 2221 sicut
2136 2165 2349 2222 lucum

789 2329 797 2337 ‚
861 2263 1089 2338 feceris
1121 2280 1245 2329 me,
1278 2259 1340 2321 id
1375 2267 1492 2335 est,
1527 2259 1805 2321 animam
1842 2279 2046 2321 meam
2084 2260 2219 2322 luto
2253 2280 2351 2323 as-

865 2358 1182 2435 similasti,
1218 2358 1436 2439 gratiae
1478 2367 1600 2420 tuae
1642 2357 1887 2420 fluenta
1927 2358 1991 2419 in
2030 2378 2169 2420 eam
2204 2358 2351 2421 fun-

863 2459 1092 2533 dende,
1130 2466 1196 2519 ut
1228 2455 1644 2538 spiritualiter
1676 2456 1936 2535 irrigata
1979 2456 2345 2535 fructificet,

863 2556 1028 2618 sicut
1057 2554 1124 2617 in
1156 2562 1388 2617 terram
1423 2552 1713 2615 funditur
1744 2553 1948 2616 imber
1980 2556 2057 2617 de
2087 2555 2249 2619 coelo
2281 2565 2350 2618 ut

860 2653 1193 2732 germinet.
1229 2652 1458 2713 Anima
1491 2670 1747 2732 quoque
1781 2651 1859 2713 ad
1897 2651 2107 2714 Sancti
2149 2652 2349 2734 Spiri-

861 2762 964 2815 tus
1008 2751 1432 2814 influxionem
1467 2770 1534 2813 se
1567 2749 1778 2826 habet,
1812 2753 2348 2831 quemadmodum

861 2859 1030 2913 terra
1061 2851 1139 2913 ad
1171 2848 1406 2932 pluviae
1429 2847 1876 2930 perfusionem.
1896 2849 2154 2931 Propter
2178 2853 2345 2931 quod

568 2968 828 3019 pacans.
861 2950 950 3011 ait
980 2946 1507 3029 psalmographus
1545 2964 1558 3007 ε
1593 2946 1820 3008 Anima
1854 2965 1994 3009 mea
2027 2948 2192 3010 sicut
2228 2957 2349 3011 ter-

2459 1984 2571 2025 sua
2609 1964 2925 2027 Canonica
2964 1982 2977 2026 :
3024 1964 3419 2045 Deponentes
3462 1982 3721 2028 omnem
3764 1966 3948 2027 mali-
4018 1981 4219 2028 iram.

2455 2062 2634 2137 tiam,
2658 2070 2722 2124 et
2750 2081 3006 2124 omnem
3038 2062 3277 2139 dolum,
3304 2071 3367 2125 et
3394 2062 3858 2139 simulationeS,
3880 2073 3949 2126 et
3982 2048 4021 2090 ¹·
4042 2046 4081 2087 ²·

2460 2159 2755 2235 invidias,
2785 2169 2847 2222 et
2876 2161 3321 2237 detractioneS,
3358 2161 3524 2224 sicut
3554 2163 3744 2224 modo
3772 2163 3952 2242 geni-

2458 2258 2505 2319 ti
2551 2256 2826 2320 infantes
2871 2258 3303 2335 rationabileS,
3346 2258 3443 2321 lac
3487 2260 3945 2341 concupiscite,

2458 2365 2529 2417 ut
2560 2356 2625 2417 in
2657 2374 2732 2419 eo
2763 2356 3060 2419 crescatis
3102 2356 3169 2418 in
3210 2358 3501 2420 salutem.
3536 2360 3624 2419 Et
3650 2361 3819 2418 sicut
3846 2380 3955 2419 ca-

2455 2476 2635 2514 seum
2674 2475 2771 2514 me
2811 2458 3171 2531 coayulasti
3200 2476 3223 2515 :
3258 2456 3325 2518 id
3364 2464 3479 2530 est,
3522 2456 3807 2518 caritatis
3847 2476 3957 2519 co-

2458 2552 2645 2633 agulo
2685 2551 2883 2614 menti
2928 2572 3084 2615 meae
3128 2552 3367 2629 infuso,
3412 2554 3692 2615 animam
3739 2574 3953 2617 meam

2460 2650 2877 2732 spiritualiter
2907 2650 3222 2727 adunasti,
3248 2652 3706 2727 constrinxisti,
3733 2651 3955 2715 firma·

2461 2749 2539 2811 sti
2584 2757 2654 2811 ut
2696 2769 2979 2825 caseum,
3026 2769 3107 2812 ne
3158 2769 3270 2831 per
3312 2750 3510 2812 multa
3552 2760 3841 2831 vagetur,
3889 2762 3953 2814 et

2460 2848 2780 2929 peccando
2822 2847 3191 2929 pereffluat,
3236 2850 3345 2911 sed
3390 2848 3503 2910 tibi
3544 2868 3797 2913 summo
3839 2850 3955 2913 bo-

2459 2963 2563 3022 no,
2592 2946 2766 3026 quod
2796 2946 3001 3009 solum
3035 2946 3461 3009 necessarium
3494 2955 3611 3023 est,
3648 2947 3952 3029 simplifi-
4008 2970 4226 3018 mama.

859 3067 929 3110 ra
978 3047 1117 3109 sine
1163 3064 1328 3126 aqua
1378 3045 1514 3107 tibi.
1569 3046 1725 3107 Nam
1775 3046 1942 3108 sicut
1993 3055 2160 3109 terra
2210 3047 2347 3110 sine
2382 3048 2425 3111 C
2458 3052 2597 3105 cata
2634 3043 2908 3105 firmiter
2938 3063 3189 3126 semper
3221 3044 3546 3121 inhaereat‚
3585 3045 3650 3107 in
3692 3055 3755 3108 te
3794 3064 3950 3109 suos

857 3164 1022 3227 aqua
1053 3164 1163 3207 seu
1197 3144 1416 3225 pluvia
1446 3143 1615 3206 sicca
1646 3152 1846 3206 exstat
1887 3152 1950 3207 et
1991 3143 2348 3209 infructuo-

856 3264 946 3322 sa,
982 3244 1073 3307 sic
1104 3244 1317 3315 anima
1347 3242 1484 3304 sine
1517 3241 1861 3305 influentia
1893 3242 2165 3326 Spiritus
2200 3244 2347 3306 San-

855 3342 960 3407 cti.
1001 3342 1287 3423 Insuper,
1333 3341 1496 3404 sicut
1541 3341 1743 3402 lutum
1791 3361 1826 3403 a
1869 3342 1996 3404 Deo
2044 3341 2210 3405 facta
2252 3351 2346 3404 est

854 3442 1087 3517 anima,
1141 3440 1442 3521 quoniam
1501 3438 2016 3501 intellectualitas
2071 3459 2199 3502 non
2250 3450 2347 3503 est

854 3560 1013 3623 pura
1054 3541 1122 3601 in
1163 3558 1256 3615 ea,
1301 3540 1410 3601 sed
1455 3546 1719 3600 terrenae
1763 3539 2158 3601 sensualitati
2203 3559 2346 3621 per-

853 3635 1065 3710 mixta,
1086 3637 1620 3718 quemadmodum
1647 3636 1908 3698 flamma
1937 3637 2216 3700 candelae
2247 3658 2346 3699 su-

855 3734 1070 3816 perius
1113 3735 1284 3797 clara
1325 3742 1442 3809 est,
1491 3732 1760 3795 inferius
1811 3742 2021 3796 autem
2067 3734 2338 3797 fumosa.

854 3834 1093 3896 Rursus
1125 3834 1358 3909 anima,
1393 3832 1477 3895 ob
1511 3831 1650 3913 ejus
1688 3832 1766 3894 ad
1801 3833 2080 3894 carnalia
2113 3852 2345 3896 concu-

852 3932 1194 4015 piscentias
1243 3950 1315 3993 ac
1363 3930 1521 3993 vitia
1570 3930 1802 4007 carniS‚
1845 3949 1972 3993 non
2025 3930 2343 3995 immerito

853 4030 1084 4093 similis
1129 4030 1328 4093 fertur
1367 4029 1524 4091 luto.
1557 4032 1643 4090 Ec
1683 4030 1755 4088 in
1782 4034 2119 4108 pulverem
2152 4034 2345 4091 redu-

853 4150 947 4189 ces
978 4150 1098 4189 me.
1133 4130 1196 4190 In
1228 4128 1554 4209 pulverem
1587 4127 1913 4189 reducitur
1944 4128 2177 4205 anima,
2214 4147 2339 4192 non

2455 3140 2729 3204 affectus
2788 3160 3136 3223 omnesque
3195 3151 3371 3205 actus
3430 3144 3689 3206 reducat
3742 3153 3804 3206 et
3865 3144 3951 3205 fi-

2454 3248 2573 3318 gat.
2594 3241 2721 3303 Hoc
2754 3240 2905 3302 facit
2937 3241 3098 3302 Deus
3130 3240 3493 3323 electiS,qui
3522 3250 3701 3321 grata
3730 3253 3951 3306 mente

2454 3338 2512 3401 ei
2556 3339 2892 3402 decantant
2929 3356 2942 3399 :
2989 3340 3273 3402 Tenuisti
3318 3359 3578 3402 manum
3620 3341 3947 3404 dexteram
3980 3364 4215 3407 pmmzi
4271 3324 4272 3339 ³

2454 3456 2683 3513 meam,
2719 3446 2782 3499 et
2824 3438 2890 3499 in
2936 3438 3261 3500 voluntate
3303 3446 3410 3500 tua
3452 3439 3771 3502 deduxisti
3814 3459 3943 3503 me.

2454 3536 2612 3597 Hinc
2652 3535 2867 3598 anima
2903 3554 3193 3598 amorosa
3236 3535 3471 3598 fatetur
3506 3537 3572 3597 in
3610 3537 3892 3601 Canticis
3929 3556 3944 3600 ε

2454 3632 2786 3697 Ordinavit
2829 3634 2895 3695 in
2945 3655 3047 3697 me
3096 3634 3443 3698 caritatem.

2453 3733 2689 3795 divinae
2719 3732 2973 3815 pietatis
3001 3752 3269 3796 munera
3296 3732 3573 3813 gratiosa
3608 3733 3819 3815 justus
3860 3735 3950 3797 si—

2452 3830 2517 3892 bi
2551 3840 2763 3893 narrat
2796 3851 2833 3893 a
2868 3832 2989 3894 Deo
3019 3832 3269 3907 collata,
3303 3830 3652 3907 humiliter,
3688 3850 3815 3895 non
3848 3834 3947 3911 ja-

2452 3937 2718 4006 ctanter,
2755 3938 2823 3991 ut
2854 3929 3089 4009 gratias
3120 3929 3373 4005 referat,
3405 3930 3761 3993 custoditus
3791 3950 3947 3993 con-

2453 4028 2653 4105 sistat,
2698 4048 2893 4109 seque
2934 4027 3398 4091 beneficiorum
3442 4027 3551 4090 Dei
3592 4046 3945 4091 memorem

2451 4145 2590 4189 esse
2620 4126 2917 4190 declaret.
2944 4127 3071 4189 Hoc
3102 4126 3340 4208 quippe
3370 4127 3448 4188 ad
3480 4126 3942 4208 perfectionem

851 4227 1020 4306 quod
1062 4226 1566 4288 substantialiter
1608 4234 2072 4307 corrumpatur,
2107 4235 2219 4289 aut
2252 4228 2343 4291 vi-
2373 4224 2423 4286 D
2454 4224 2819 4304 requiritur,
2858 4232 2925 4285 ut
2958 4224 3148 4287 homo
3181 4224 3346 4286 dona
3378 4224 3500 4285 sibi
3530 4224 3810 4306 praestita
3840 4244 3945 4287 re-

851 4334 979 4386 tam
1003 4333 1241 4387 naturae
1263 4324 1542 4398 amittat3
1568 4325 1675 4387 sed
1703 4324 1854 4404 quia
1879 4343 2339 4406 nonnunquam

853 4430 995 4505 post
1016 4422 1377 4485 divinorum
1404 4421 1856 4485 charismatum
1883 4422 2336 4502 irrigationem,

855 4521 1128 4603 propriae
1178 4520 1546 4583 infirmitati
1597 4519 1985 4602 relinquitur
2034 4530 2096 4584 et
2146 4523 2342 4585 sicca·-

853 4628 979 4697 tur,
1013 4620 1112 4683 vel
1145 4620 1467 4702 peccando
1498 4619 1918 4701 spiritualiter
1947 4620 2219 4683 moritur
2249 4622 2341 4685 vi-

850 4726 979 4780 tam
1011 4718 1228 4799 gratiae
1257 4718 1630 4779 amittendO.
1667 4717 1792 4780 Hoc
1823 4736 1973 4797 ergo
2002 4718 2102 4780 vir
2129 4719 2339 4800 justus

850 4815 1152 4896 loquitur,
1205 4833 1332 4878 non
1385 4813 1762 4895 simpliciter
1810 4817 2173 4891 asserend0‚
2228 4819 2337 4880 sed

848 4922 1028 4976 caute
1060 4913 1343 4977 timendo
1379 4930 1392 4974 :
1428 4912 1580 4993 quia
1620 4913 1772 4975 dum
1816 4913 2005 4977 homo
2044 4915 2112 4976 in
2150 4916 2336 4979 donis

845 5012 1064 5089 gratiae
1094 5018 1522 5094 prosperatur,
1557 5011 1783 5075 timere
1817 5013 2006 5075 debet
2043 5014 2122 5075 de
2158 5032 2330 5090 casu,

555 5126 814 5180 100r.x‚12.
846 5110 1378 5189 quemadmodum
1429 5109 1520 5170 ait
1566 5108 1904 5191 Apostolus
1951 5128 1964 5171 :
2018 5109 2134 5184 Qui
2187 5120 2329 5189 stat,

843 5207 1055 5272 videat
1086 5226 1166 5270 ne
1195 5208 1398 5269 cadat.
1433 5206 1914 5271 Ecclesiasticus
1950 5228 2207 5291 quoque
2242 5211 2335 5273 di-

549 5325 814 5378 1200153137.
843 5308 929 5371 cit
965 5325 978 5369 :
1013 5306 1080 5368 In
1111 5306 1215 5368 dic
1245 5306 1556 5368 bonorum
1591 5326 1670 5369 ne
1701 5307 2035 5371 immemor
2071 5309 2160 5371 sis
2200 5330 2331 5372 ma-

2450 4331 2809 4402 cognoscat,
2834 4322 3084 4385 dicente
3106 4322 3407 4403 Apostolo
3432 4340 3446 4383 :
3472 4322 3605 4385 Non
3639 4322 3941 4403 spiritum
3976 4341 4217 4388 iconae.
4271 4300 4272 4315 ³

2450 4421 2641 4501 hujus
2674 4421 2893 4483 mundi
2927 4420 3311 4502 accepimuS,
3348 4421 3456 4483 sed
3488 4420 3788 4502 Spiritum
3818 4422 3943 4502 qui

2448 4539 2523 4582 ex
2554 4520 2679 4583 Deo
2711 4530 2826 4597 est,
2861 4528 2932 4582 ut
2972 4521 3247 4584 sciamus
3287 4539 3429 4601 quae
3465 4539 3501 4581 a
3539 4520 3664 4582 Deo
3703 4520 3941 4583 donata

2448 4628 2599 4680 sunt
2652 4619 2857 4680 nobis,
2918 4620 3261 4695 Postrem0,
3318 4628 3414 4681 est
3464 4627 3527 4681 et
3580 4619 3941 4700 coagulatio

2449 4717 2634 4794 mala,
2660 4735 2801 4798 quae
2833 4725 2928 4780 est
2960 4716 3328 4780 induratio
3313 4736 3377 4779 in
3405 4726 3685 4829 peccam,
3710 4736 3941 4799 quem-

2446 4817 2788 4879 admodum
2820 4816 2909 4879 ait
2939 4815 3263 4897 Scriptura
3291 4815 3417 4878 de
3402 4815 3667 4897 1mpiis.
3698 4816 3939 4895 Coagu·
4000 4840 4080 4883 Ρ..
4092 4852 4211 4882 amn.
4271 4870 4272 4899 3

2447 4916 2645 4977 latum
2678 4922 2774 4976 est
2806 4914 2969 4976 sicut
3000 4914 3095 4976 lac
3126 4932 3235 4976 cor
3263 4932 3504 4977 eorum.
3969 4908 4036 4947 ⁷⁰-

2522 5017 2701 5076 Pelle
2731 5023 2790 5073 et
2822 5014 3125 5073 carmbus
3160 5014 3402 5073 vestisti
3434 5034 3585 5073 me:
3625 5013 3933 5093 quoniam

2442 5112 2653 5174 anima
2676 5111 2754 5173 ad
2778 5110 3060 5173 coelestia
3085 5130 3158 5173 ac
3185 5110 3405 5173 divina
3427 5110 3774 5192 suspiranS,
3794 5130 3935 5174 cor—

2440 5208 2730 5291 ruptibili
2760 5226 3026 5289 corpore
3056 5208 3323 5289 ejusque
3350 5208 3931 5272 necessitudinibus

2438 5328 2509 5372 ac
2542 5307 2819 5370 motibus
2848 5306 3388 5369 circumvallatur.
3423 5308 3697 5376 Ossibus,
3730 5307 3795 5371 id
3826 5316 3930 5370 est

3492 3634 3647 3697 Nam
3695 3644 3759 3698 et
3807 3637 3947 3699 haec
3983 3662 4221 3705 canam.
