4309 6259
737 506 1086 553 muliano
1131 506 1192 551 IN
1235 506 1372 552 cAl’.
1417 506 1502 551 XX
1545 504 1703 550 LIBRI
1745 504 1998 551 saeuum
2039 505 2567 552 PARALIPOMRNON.
2613 525 2694 536 —
2734 506 2877 552 Am.
2924 504 3009 551 XX

3296 485 3415 549 233

321 678 622 737 videbitis
670 679 1008 738 auxilium
1050 678 1320 739 Domini
1366 696 1559 753 super
1597 696 1724 737 vos.
1771 679 1822 737 0
1849 673 1900 735 A
1933 673 2266 755 vertiginis
2307 682 2368 738 et
2410 674 2668 753 furoriS,
2712 674 3223 757 inquietudinem
3268 690 3417 736 con-

318 780 498 837 Juda
535 785 598 836 et
631 780 1015 847 Jerusalem,
1051 778 1251 836 nolite
1295 777 1541 844 timere,
1567 795 1682 836 nec
1707 794 1822 851 pa-

323 878 550 937 veatis.
591 878 748 935 Cras
773 877 1206 951 effrediemini
1235 884 1458 935 contra
1487 894 1608 945 eos,
1627 884 1686 935 et
1706 876 1823 935 Do-

323 977 546 1034 minus
575 976 703 1034 erit
733 975 1077 1034 vobiscum.

399 1075 712 1149 Josaphat
739 1090 888 1148 erqo
917 1082 978 1131 et
1003 1074 1208 1141 Juda,
1237 1081 1298 1132 et
1323 1091 1539 1132 omnes
1571 1072 1821 1133 habita-

327 1183 486 1232 tores
501 1174 864 1231 Jerusalem
885 1174 1252 1231 ceciderunt
1264 1172 1465 1247 proni
1486 1172 1558 1230 in
1582 1179 1822 1229 terram

323 1290 538 1330 eoram
569 1271 872 1341 Domino,
901 1269 1264 1331 humillime
1295 1268 1354 1331 ei
1386 1288 1458 1331 ac
1491 1267 1822 1332 devotissi-

325 1388 426 1430 me
457 1367 897 1446 regratiantes‚
931 1374 995 1429 et
1023 1388 1100 1429 ex
1132 1367 1268 1430 zelo
1297 1366 1564 1447 justitiae
1601 1374 1822 1429 contra

324 1466 724 1531 adversarios
746 1465 1116 1543 laborantes,
1131 1477 1189 1526 et
1210 1470 1646 1527 adoraverunt
1665 1486 1822 1527 eum.

329 1570 532 1629 Porro
574 1567 819 1626 Levitoe
864 1569 942 1624 de
981 1567 1145 1641 filiis
1188 1567 1414 1635 Caath,
1451 1574 1509 1624 et
1544 1568 1624 1625 de
1659 1567 1824 1642 filiis

332 1667 506 1733 Cora,
551 1665 913 1725 laudabant
959 1665 1314 1725 Dominum
1363 1667 1572 1725 Deum
1617 1666 1824 1724 Israel

333 1784 472 1823 voce
500 1782 744 1839 maqna
768 1764 840 1823 in
858 1766 1202 1835 excelsum,
1225 1761 1502 1845 psalmos
1535 1762 1822 1825 canendo

331 1881 438 1924 seu
471 1861 724 1924 cantica
753 1869 994 1923 sancta.

405 1964 746 2039 Quumque
773 1980 964 2020 mane
979 1962 1411 2021 surrexissent
1431 1961 1729 2042 Josaphat
1761 1968 1825 2023 et

234 2138 242 2143 -
333 2059 448 2135 sui,
466 2060 708 2135 eqressi
728 2068 882 2119 sunt
897 2078 1016 2135 per
1041 2062 1360 2121 desertum
1391 2063 1650 2121 Thecue.
1673 2063 1826 2122 Pro-

99 3058 205 3103 lem:
225 3075 308 3104 nv.

115 3645 176 3687 1²⁸.
189 3658 311 3697 erm,

330 2160 638 2235 sectisque
665 2160 784 2227 eis,
811 2168 992 2217 stans
1026 2159 1332 2234 Josaphat
1373 2160 1442 2218 in
1485 2160 1694 2219 medio
1733 2179 1826 2219 eo-

331 2277 502 2325 rum,
518 2257 700 2316 dixit
716 2276 739 2315 .·
755 2258 1002 2317 Audite
1030 2276 1150 2327 me,
1171 2257 1306 2315 viri
1330 2259 1506 2317 Juda
1525 2264 1584 2315 et
1613 2276 1826 2317 omnes

333 2356 718 2414 habitatores
745 2356 1125 2415 Jerusalem.
1165 2355 1418 2415 Credite
1445 2356 1518 2415 in
1549 2356 1826 2415 Domino

333 2457 456 2513 Deo
481 2461 788 2521 vestr0,et
814 2454 1027 2512 securi
1049 2454 1256 2514 eritis.
1279 2454 1526 2512 Credite
1547 2455 1827 2529 Prophe-

335 2554 412 2609 tis
443 2553 616 2627 ejus,
647 2560 710 2611 et
743 2560 976 2611 cuncta
1020 2552 1314 2611 evenient
1351 2570 1659 2628 prospera
1687 2572 1710 2610 .·
1747 2569 1826 2613 ne

335 2657 540 2711 vestra
567 2648 1022 2711 incredulitate
1053 2648 1304 2730 ponatis
1335 2647 1582 2711 obicem
1609 2648 1828 2728 gratim

335 2747 512 2810 vobis
543 2746 903 2829 promissae.
923 2750 1242 2825 Deditque
1259 2749 1606 2809 consilium
1627 2768 1828 2826 popu-

335 2851 416 2917 lo,
441 2856 502 2907 et
541 2848 778 2907 statuit
821 2856 1108 2907 cantores
1153 2848 1446 2917 Domini,
1475 2857 1549 2907 ut
1595 2850 1827 2907 lauda-

335 2955 471 3005 rent
507 2966 660 3005 eum
699 2946 774 3004 in
818 2946 1050 3005 turmis
1087 2946 1248 3014 suis,
1280 2943 1340 3006 id
1387 2953 1503 3021 est,
1539 2944 1828 3008 ordinate

1937 773 2238 836 tentionis
2270 783 2332 836 ct
2365 774 2519 851 litis,
2556 775 2646 837 sic
2678 775 2847 856 quod
2890 782 3109 837 contra
3150 792 3216 835 se
3257 772 3420 833 invi-

1933 891 2070 935 cem
2101 873 2404 935 corrixari
2437 892 2508 935 ac
2542 872 2873 955 superbire
2896 891 2970 935 ac
2997 872 3275 934 insanire
3304 889 3422 935 coe-

1933 980 2165 1053 perunt
2193 989 2207 1033 ε
2232 973 2402 1052 quod
2424 974 2549 1035 Deo
2580 971 2989 1054 permittente
3016 990 3131 1053 per
3162 970 3419 1051 angelos

1932 1069 2131 1133 malos
2164 1071 2445 1134 creditur
2485 1070 2746 1133 factum.
2783 1074 2987 1133 Porro
3013 1074 3189 1132 Juda
3220 1090 3421 1149 quum

1937 1171 2203 1229 venisset
2239 1174 2327 1231 ad
2361 1174 2758 1247 speluncam,
2800 1191 2942 1251 quae
2974 1170 3241 1248 respicit
3276 1170 3422 1228 soli-

1937 1271 2255 1338 tudinem,
2289 1272 2456 1329 vidit
2486 1273 2719 1347 procul
2766 1290 3015 1329 omnem
3058 1272 3183 1329 late
3222 1269 3421 1343 reqio-

1932 1388 2078 1426 nem
2118 1372 2386 1444 plenam
2436 1369 2884 1436 cadaveribus,
2930 1388 3045 1428 nec
3100 1386 3420 1443 superesse

1933 1487 2346 1546 quemquam,
2386 1470 2503 1546 qui
2538 1488 2748 1529 necem
2786 1469 3091 1544 potuisset
3128 1468 3415 1525 evadere.

1942 1567 2122 1626 Venit
2140 1586 2289 1643 eryo
2307 1568 2637 1643 Josaphat,
2656 1576 2715 1626 et
2745 1566 2953 1626 omnis
2972 1568 3253 1643 populus
3273 1584 3417 1624 cum

1932 1684 2027 1733 e0,
2056 1667 2144 1725 ad
2170 1666 2571 1725 detrahenda
2606 1665 2813 1741 spolia
2850 1673 3275 1724 mortuorum.
3310 1664 3422 1723 In-

1934 1772 2370 1840 veneruntque
2396 1764 2567 1822 inter
2594 1766 2913 1823 cadavera
2941 1763 3193 1822 variam
3216 1763 3423 1837 supel-

1856 1856 1901 1916 B
1935 1862 2233 1930 lectilem,
2262 1870 2453 1921 vestes
2490 1881 2737 1939 quoque
2772 1870 2831 1921 et
2860 1880 3015 1921 vasa
3036 1861 3421 1937 pretiosissi-

1935 1982 2064 2032 ma,
2096 1968 2157 2019 et
2184 1963 2632 2037 diripuerunt,
2660 1962 2759 2021 ita
2798 1969 2869 2019 ut
2907 1961 3129 2020 omnia
3164 1968 3425 2036 portare

1933 2079 2062 2120 non
2084 2069 2495 2137 possent,nec
2504 2079 2625 2137 per
2660 2069 2783 2119 (res
2810 2061 2945 2119 dies
2972 2060 3180 2135 spolia
3208 2059 3423 2135 aufer-

1933 2179 2027 2228 re,
2049 2179 2191 2236 prce
2212 2161 2453 2234 proedoe
2480 2178 2672 2235 mayn
2683 2159 2955 2218 itudine.

1995 2258 2113 2317 Die
2133 2266 2349 2317 autem
2364 2265 2589 2335 quarto
2612 2256 2977 2333 conyreyati
2990 2264 3143 2315 sunt
3162 2256 3227 2315 in
3254 2258 3423 2313 valle

1935 2355 2439 2416 BenedictioniS.
2468 2357 2728 2415 Etenim
2756 2355 3093 2433 (quoniam
3124 2353 3217 2412 ibi
3248 2355 3423 2412 bene-

1936 2457 2252 2515 dioeerunt
2300 2455 2606 2531 Domino)
2654 2462 3037 2513 vocaverunt
3088 2456 3295 2511 locum
3344 2452 3424 2511 il-

1940 2556 2078 2613 lum
2123 2554 2318 2612 vallis
2354 2553 2856 2623 Benedictionis,
2892 2571 3092 2629 usque
3140 2552 3209 2611 in
3256 2570 3424 2628 prce-

1933 2662 2169 2712 sentem
2220 2653 2410 2711 diem.
2460 2654 2895 2730 Reversusque
2936 2659 3027 2709 est
3062 2650 3271 2709 omnis
3317 2650 3423 2708 vir

1933 2753 2132 2820 Juda,
2184 2759 2244 2809 et
2288 2751 2673 2809 habitatores
2717 2751 3097 2819 Jerusalem,
3146 2756 3205 2808 et
3252 2750 3425 2807 Josa-

1929 2851 2092 2926 phat
2141 2842 2291 2908 ante
2323 2867 2423 2906 eos
2462 2849 2533 2907 in
2564 2849 2947 2916 Jerusalem,
2992 2866 3141 2907 cum
3190 2847 3422 2907 loetitia

1937 2966 2201 3024 maana,
2234 2966 2301 3007 eo
2326 2950 2501 3025 quod
2519 2948 2792 3006 dedisset
2811 2948 2902 3005 eis
2920 2947 3236 3005 Dominus
3258 2964 3426 3021 qau-

335 3043 624 3105 distinxit
653 3050 718 3105 et
745 3042 1063 3125 disposuit
1095 3061 1222 3119 eOS‚
1250 3040 1415 3105 sicut
1445 3052 1626 3106 crant
1655 3063 1692 3105 a
1719 3044 1828 3105 Da·
1861 3040 1906 3104 G
1936 3047 2124 3106 dium
2145 3048 2225 3105 de
2245 3046 2537 3105 inimicis
2553 3046 2703 3104 suis.
2730 3045 3139 3121 Inyressique
3168 3052 3321 3103 sunt
3350 3044 3423 3103 in

333 3142 434 3204 vid
486 3141 706 3219 divisi,
759 3148 830 3203 ut
880 3160 1282 3222 unaquaeque
1341 3160 1561 3205 eorum
1619 3150 1828 3204 turma

334 3241 518 3302 Deum
556 3240 870 3316 laudaret,
892 3250 954 3300 et
982 3244 1420 3302 antecederent
1446 3243 1826 3311 exercitum,

335 3346 632 3419 tanquam
665 3338 976 3419 speciales
1009 3337 1246 3400 milites
1278 3338 1386 3401 Dei
1428 3340 1507 3400 ad
1541 3357 1827 3401 commu-

335 3436 544 3498 nitatis
567 3436 860 3511 tutelam‚
879 3444 942 3499 et
961 3436 1136 3516 vulgi
1157 3444 1683 3518 propugnatores,
1703 3437 1828 3519 spi-

337 3534 671 3597 ritualibus
702 3534 900 3597 armis
936 3542 1184 3597 tuentes
1215 3553 1322 3597 eos
1344 3535 1456 3617 qui
1479 3535 1828 3616 sequeban-

337 3639 452 3709 tur,
475 3654 554 3693 ac
587 3653 731 3693 voce
758 3652 1034 3693 consona
1060 3635 1390 3694 dicerent:
1415 3636 1828 3710 Confitemini

337 3734 632 3801 Domine,
653 3732 968 3811 quoniam
990 3734 1214 3801 bonnm,
1230 3734 1541 3811 quoniam
1564 3736 1636 3792 in
1655 3744 1827 3794 a’ter-

337 3850 486 3891 num
513 3831 969 3891 misericordia
999 3832 1161 3906 ejus.

411 3932 748 4007 Quumque
773 3930 1103 4005 caepissent
1129 3931 1351 3988 laudes
1369 3949 1618 3999 canere,
1639 3929 1702 3991 id
1731 3938 1827 3992 est

339 4026 520 4089 Deum
551 4028 838 4103 laudare,
867 4029 1060 4087 vertit
1081 4029 1398 4088 Dominus
1429 4030 1710 4088 insidias
1733 4050 1827 4089 eo-

338 4147 497 4198 rum,
521 4134 748 4207 utpote
777 4125 1309 4201 adversariorum,
1337 4128 1404 4186 in
1438 4130 1820 4205 semetipsos,

1936 3146 2293 3204 Jerusalem
2340 3164 2487 3203 cum
2530 3144 2880 3220 psalteriis,
2922 3151 2981 3202 et
3029 3142 3325 3213 citharis,
3365 3150 3425 3201 et

1939 3244 2106 3302 tubis
2137 3243 2211 3301 in
2242 3245 2498 3302 domum
2524 3242 2809 3301 Domi-ni.
2837 3241 3049 3301 Irruit
3078 3250 3295 3300 autem
3308 3260 3428 3317 pa-

1935 3360 2052 3400 vor
2092 3342 2363 3400 Domini
2398 3359 2591 3417 super
2636 3340 2943 3399 universa
2985 3358 3183 3416 reyna
3230 3348 3427 3399 terra-

1933 3459 2107 3510 rum,
2133 3437 2197 3499 id
2228 3446 2345 3514 est,
2365 3436 2751 3499 habitatores
2783 3454 3118 3517 regnorum
3142 3435 3425 3517 undique

1936 3536 2315 3599 situatorum
2357 3535 2676 3618 perterriti
2712 3543 2880 3612 sunt,
2916 3544 2979 3599 et.
3006 3536 3203 3599 Deum
3236 3534 3422 3597 Israel

1936 3634 2152 3699 servili
2214 3635 2490 3716 quodam
2542 3634 2768 3697 timore
2820 3633 3165 3697 formidare
3224 3652 3427 3715 coepe-

1937 3742 2108 3809 runt,
2141 3755 2343 3813 quum
2376 3736 2707 3793 audissent
2736 3736 2907 3811 quod
2932 3743 3280 3809 puqnasset
3306 3736 3426 3793 Do-

1935 3834 2155 3892 minus
2185 3842 2407 3893 contra
2439 3834 2738 3891 inimicos
2763 3834 2992 3900 Israel,
3015 3830 3077 3891 id
3108 3838 3225 3905 est,
3250 3831 3422 3911 quod

1938 3928 2080 3992 illos
2128 3929 2336 3992 taliter
2388 3929 2833 4010 prostravisset
2886 3945 2900 3989 :
2950 3936 3207 4010 propter
3250 3928 3421 4008 quod

1937 4047 2064 4091 non
2097 4028 2417 4090 audebant
2450 4045 2660 4107 regem
2690 4026 2987 4107 Josaphat
3022 4026 3419 4108 impugnare.

1940 4129 2321 4205 Quievitque
2368 4146 2641 4203 reynum
2681 4128 3011 4203 Josaphat,
3051 4135 3110 4185 et
3142 4127 3425 4202 proebuit

339 4226 620 4299 filiorum
649 4226 892 4285 scilieet
917 4227 1196 4285 Ammon
1226 4235 1285 4284 et
1317 4226 1526 4296 Moab,
1559 4234 1618 4284 et
1649 4248 1825 4287 mon·
1857 4226 1908 4290 D
1936 4228 2000 4287 ei
2027 4227 2349 4286 Dominus
2372 4246 2597 4302 pacem
2622 4245 2742 4303 per
2770 4226 3141 4286 circuitum.

345 4324 417 4381 tis
443 4325 618 4392 Seir,
639 4324 762 4401 qui
788 4325 1028 4399 eyressi
1056 4323 1327 4400 fuerant
1359 4333 1432 4384 ut
1452 4334 1825 4401 pugnarent

341 4430 548 4481 contra
577 4423 850 4490 Judam,
876 4430 938 4481 et
961 4421 1256 4499 percussi
1290 4430 1444 4481 sunt
1476 4442 1499 4481 .·
1529 4420 1616 4483 ita
1654 4423 1823 4503 quod

343 4518 454 4580 sibi
483 4519 760 4582 invicem
792 4518 1089 4582 fecerunt
1118 4519 1288 4600 quod
1319 4520 1558 4602 populo
1585 4520 1824 4584 Judaeo-

347 4636 468 4679 rum
501 4617 710 4681 facere
731 4619 1174 4682 decreverunt.
1195 4620 1372 4683 Nam
1389 4621 1525 4695 filii
1543 4623 1823 4682 Ammon

348 4724 398 4773 et
435 4718 638 4789 Moab,
674 4724 982 4797 tanquam
1029 4725 1255 4780 mutuo
1304 4716 1817 4800 propinquioreS,

355 4824 878 4877 etmsurrexerunt
898 4818 1205 4876 adversus
1234 4818 1621 4877 habitatores
1651 4839 1823 4879 mon-

359 4912 428 4969 tis
467 4915 633 4984 Scir,
673 4924 748 4975 ut
791 4915 1230 4991 interficerent
1274 4924 1334 4975 et
1373 4918 1656 4975 delerent
1696 4938 1815 4979 eosu
1847 4922 1852 4925 ’

363 5008 672 5091 Quumque
712 5014 829 5073 hoc
869 5032 1058 5090 opere
1091 5022 1584 5090 perpetrassent,
1623 5016 1821 5075 etiam

363 5104 424 5163 in
459 5112 806 5186 semetipsos
851 5112 1042 5180 versi,
1086 5109 1385 5173 videlicet
1429 5109 1710 5173 Moabitae
1755 5112 1820 5175 in

364 5200 749 5283 Ammonitas
783 5209 1032 5269 mutuis
1059 5210 1391 5269 concidere
1420 5212 1818 5273 vulneribus.

123 5296 567 5383 1·.m.u.Sicque
609 5305 912 5369 Dominus
953 5305 1214 5369 miscuit
1253 5306 1322 5367 in
1371 5306 1472 5368 his
1525 5306 1822 5388 spiritum

2014 4326 2339 4402 Regnavit
2369 4326 2577 4401 iqitur
2604 4326 2911 4400 Josaphat
2938 4344 3135 4402 super
3159 4326 3426 4394 Judam,

1933 4434 1993 4485 et
2020 4434 2161 4485 erat
2210 4424 2485 4501 triqinta
2532 4425 2817 4502 quinque
2854 4442 3179 4483 annorum
3223 4443 3429 4501 quum

1933 4542 2206 4600 reynare
2236 4524 2540 4598 coepisset.
2592 4522 2843 4598 Viginti
2883 4529 3098 4581 autem
3126 4530 3187 4582 et
3231 4522 3427 4601 quin-

1934 4641 2055 4700 que
2073 4621 2271 4681 annis
2300 4621 2571 4696 regnavi
2575 4628 2597 4679 t
2618 4620 2691 4679 in
2712 4621 3093 4689 Jerusalem,
3115 4629 3175 4680 et
3194 4640 3425 4680 nomen

1935 4720 2165 4779 matris
2191 4719 2333 4795 ejus
2360 4720 2591 4778 Azuba
2618 4719 2767 4795 filia
2805 4719 3051 4779 Selahi.
3087 4720 3172 4779 Et
3201 4720 3426 4777 ambu-

1935 4819 2097 4878 lavit
2127 4820 2201 4877 in
2231 4818 2341 4877 via
2364 4818 2577 4893 patris
2604 4818 2711 4877 sui
2738 4819 2896 4886 Asa,
2928 4836 3042 4875 nec
3068 4818 3424 4876 declinavit
3498 4826 3513 4841 '

1933 4918 2012 4975 ab
2040 4936 2139 4985 ea,
2161 4917 2413 4993 faciens
2432 4936 2573 4994 quce
2588 4917 2839 4991 placita
2857 4924 3043 4974 erant
3062 4934 3279 4975 coram
3298 4916 3425 4975 Do-

1935 5016 2134 5075 mino.
2168 5013 2283 5076 Per
2310 5014 2431 5076 hoc
2459 5012 2707 5093 justitia
2748 5012 2870 5074 Asa
2900 5011 3064 5093 regis
3096 5010 3425 5074 evidenter

1935 5111 2321 5187 insinuatur,
2377 5129 2453 5174 eo
2502 5111 2673 5193 quod
2728 5110 2847 5173 hoc
2896 5118 3427 5173 commemoretur

1935 5229 2051 5292 pro
2083 5209 2409 5291 praecipuo
2433 5207 2558 5271 filii
2590 5208 2713 5285 sui,
2738 5207 2984 5270 scilicet
3012 5208 3313 5289 Josaphat
3333 5227 3429 5271 re-

1935 5308 2056 5389 giS‚
2088 5306 2434 5390 praeconi0‚
2467 5307 2636 5389 quod
2672 5314 2929 5370 secutus
2971 5314 3068 5370 est
3096 5325 3291 5388 opera
3318 5326 3428 5390 pa-
