4309 6259
609 3564 780 3607 Colca.
795 3577 850 3613 iv,

870 507 989 573 530

1647 524 1992 572 ENARRATIO
2036 526 2097 572 IN
2141 524 2279 571 CAP.
2326 522 2429 570 XVI
2470 521 2595 569 lon.
2642 543 2721 551 —
2761 522 2903 568 ΛΒΤ.
2951 520 3187 570 xxxvm

873 696 1117 759 scilicet
1145 698 1354 778 justus
1387 698 1739 761 seeundum
1771 698 1996 760 merita
2027 718 2142 759 sua
2172 717 2209 759 a
2240 697 2363 759 Deo
2396 696 2443 757 A
2470 696 2575 776 jus
2614 694 3005 757 curriculum
3045 711 3157 755 seu
3198 690 3727 774 peregrinationis
3768 698 3955 771 atque

873 795 1140 876 recipiat
1171 796 1362 857 etiam
1398 796 1460 857 in
1487 798 1805 879 praesenti,
1825 796 2361 878 quemadmodum

873 893 1064 957 homo
1105 895 1348 975 judicat
1397 896 1722 958 hominem
1771 896 2120 958 secundum
2172 914 2365 976 opera

875 1012 1009 1054 sua.

953 1094 1115 1153 Ecce
1133 1095 1308 1154 enim
1339 1096 1551 1153 breves
1579 1096 1746 1153 anni
1771 1103 2128 1164 transeunt,
2155 1093 2221 1154 id
2243 1099 2360 1167 est,

875 1190 1025 1251 anni
1061 1191 1205 1253 vitae
1241 1191 1532 1254 humanae
1570 1191 1633 1252 in
1675 1191 1906 1254 saeculo
1949 1193 2070 1254 isto
2100 1209 2367 1272 perpau-

876 1288 958 1363 ci,
1004 1289 1309 1351 velociter
1353 1289 1566 1351 fluunt
1615 1309 1687 1352 ac
1735 1289 2070 1351 finiuntur.
2127 1288 2365 1352 Idcirco

877 1404 1004 1449 non
1036 1388 1472 1469 temporalem,
1510 1388 1619 1450 sed
1651 1396 1949 1449 aeternam
1982 1406 2020 1449 a
2049 1388 2175 1450 Deo
2206 1406 2369 1467 quae-

879 1502 948 1547 ro
981 1486 1358 1563 mercedem,
1394 1495 1455 1548 et
1494 1486 1784 1547 divinum
1816 1494 1968 1567 opto
2011 1484 2368 1567 praestolor-

876 1601 1003 1664 que
1028 1584 1364 1664 judicium.
1400 1589 1483 1647 Ec
1509 1588 1826 1656 semitam,
1862 1585 1922 1646 id
1955 1592 2052 1647 est
2083 1584 2228 1645 vitae
2261 1584 2368 1645 hu·

2472 793 2679 855 exsilii
2726 793 3057 873 praesentis
3100 792 3289 866 viam,
3318 810 3438 868 per
3476 810 3675 868 quam
3716 808 3839 849 non
3872 810 3957 847 re-

2480 903 2691 953 vertar
2722 898 2865 973 post
2894 898 3184 967 mortem,
3211 892 3490 958 ambula,
3514 888 3575 949 id
3610 896 3726 963 est,
3760 888 3839 949 ad
3870 888 3959 948 Iu-

2474 1000 2677 1053 turam
2724 990 2918 1052 vitam
2954 988 3345 1071 progredior.
3382 988 3507 1051 Hoc
3548 986 3727 1063 dicit,
3762 988 3838 1049 ad
3872 987 3961 1047 in-

2474 1090 2857 1151 sinuandum
2908 1087 3079 1169 quod
3141 1094 3285 1169 post
3342 1094 3639 1160 mortem,
3692 1103 3821 1147 non
3878 1086 3961 1147 sit

2473 1189 2713 1251 reditus
2762 1190 2840 1249 ad
2892 1196 3123 1249 statum
3164 1187 3311 1249 vitae
3362 1184 3693 1267 praesentis
3730 1186 3959 1266 :cujus

2474 1288 2837 1370 oppositum
2869 1287 3129 1367 quidam
3152 1283 3516 1367 philosophi
3550 1292 3955 1365 putaverunt.

2476 1387 2551 1448 Et
2589 1387 2667 1448 de
2708 1386 2827 1447 hoc
2868 1385 3159 1466 superius
3198 1383 3399 1445 multa
3448 1380 3626 1458 dixit,
3660 1390 3731 1443 ut
3760 1400 3957 1462 quum

2476 1485 2604 1547 ait:
2630 1485 2764 1547 Non
2798 1492 3145 1545 revertetur
3173 1482 3395 1546 oculus
3426 1499 3627 1555 mem,
3648 1489 3719 1541 ut
3750 1480 3961 1543 videat
3984 1502 4073 1544 10⁶
4088 1504 4255 1546 vass

2479 1583 2675 1657 bona;
2710 1602 2825 1645 nec
2856 1583 3167 1665 adspiciet
3196 1602 3299 1644 me
3328 1580 3503 1643 visus
3534 1580 3836 1642 hominis,

1839 2004 2481 2092 ARTICULUS
2558 2005 3019 2091 XXXVIII

1425 2282 1503 2327 DE
1553 2279 1811 2326 anrch
1865 2278 2128 2323 mnsnsu
2181 2276 2457 2322 CAPITULI
2508 2278 2889 2323 sssX‘l’tnssctm
2940 2278 3416 2325 INTELLIGEN'I'IA.

1023 2560 1556 2623 ESPONDENS
1576 2566 1788 2616 autem
1821 2557 1962 2623 Job,
1993 2555 2170 2616 dimit
2191 2574 2213 2612 .·
2234 2556 2371 2613 Au·
2408 2553 2453 2614 B
2480 2552 2635 2615 vitia
2657 2570 2783 2614 non
2808 2555 3101 2631 reddunt,
3120 2555 3313 2618 etiam
3334 2558 3486 2619 dum
3506 2558 3777 2621 audiunt
3796 2562 3963 2641 quod

1038 2659 1184 2717 divi
1203 2658 1574 2734 frequenter
1597 2656 1779 2714 talia.
1795 2652 1906 2715 Vir
1925 2652 2132 2733 justus
2154 2649 2370 2713 verbo-

881 2775 1022 2819 rum
1055 2754 1312 2837 injuriis
1351 2752 1699 2834 impetituS,
1727 2770 1852 2814 non
1884 2770 1998 2832 per
2031 2750 2369 2832 impatien-

883 2855 1035 2917 tiam
1080 2848 1540 2929 vincitur,‘nec
1587 2849 2022 2932 improborum
2073 2848 2371 2930 imperita

881 2952 1074 3014 verba
1121 2950 1390 3012 multum
1444 2948 1775 3030 ponderat,
1829 2948 2000 3010 eisve
2049 2946 2300 3009 laeditur
2355 2963 2369 3007 ε

880 3050 1010 3113 imo
1047 3057 1116 3110 ut
1155 3048 1323 3111 levia
1358 3046 1800 3128 aequanimiter
1845 3046 2104 3127 patitur,
2137 3052 2201 3106 et
2244 3052 2371 3105 tan-

880 3166 1070 3229 quam
1099 3145 1383 3209 adversis
1403 3152 1713 3219 assuetuS,
1741 3144 2080 3225 respondet
2103 3142 2367 3204 :Audivi

879 3229 1248 3327 frequenter
1276 3243 1447 3319 talia,
1484 3242 1728 3305 scilicet
1768 3240 2080 3322 injuriosa
2110 3241 2372 3322 imperi-

877 3353 1070 3426 taque
1114 3342 1345 3419 verba3
1381 3360 1496 3404 nec
1543 3342 1621 3403 de
1665 3359 1806 3403 mea
1847 3340 2107 3421 injuria,
2143 3339 2251 3402 sed
2291 3340 2370 3401 de

881 3451 1091 3506 vestra
1117 3442 1327 3523 culpa,
1360 3440 1638 3515 laesione,
1665 3440 1849 3501 ruina
1869 3440 2230 3502 contristor.
2257 3439 2371 3501 De-

883 3542 1077 3623 nique
1114 3540 1398 3622 quidam,
1433 3556 1702 3619 quorum
1741 3556 1947 3601 sermo
1987 3538 2117 3600 sale
2151 3537 2371 3600 condi-

2482 2670 2606 2713 non
2652 2659 2820 2713 sunt.
2856 2652 3011 2715 Hinc
3048 2654 3258 2734 justus
3294 2654 3552 2736 injustis
3598 2657 3833 2721 talibus
3872 2660 3965 2721 di-

2478 2768 2621 2813 cere
2664 2749 2829 2812 valet
2866 2768 2879 2812 ε
2913 2753 3215 2813 Poteram
3259 2762 3318 2813 ec
3348 2774 3457 2830 eqo
3484 2756 3737 2815 similia
3778 2762 3966 2819 vestri

2478 2852 2674 2927 loqui.
2707 2849 3057 2911 Praesertim
3090 2869 3263 2928 vem,
3289 2852 3441 2913 dum
3462 2853 3608 2933 quis
3638 2855 3965 2918 caritative

2474 2948 2784 3027 arguitur,
2818 2949 3191 3027 redarguere
3234 2969 3361 3013 non
3390 2952 3595 3027 debet,
3628 2971 3711 3016 nc
3748 2974 3823 3017 ex
3854 2955 3965 3017 im-

2476 3046 2782 3127 patientia
2810 3046 2983 3126 loqui
3018 3055 3295 3129 putetur.

2563 3150 2775 3223 Atque
2822 3149 3079 3207 utinam
3122 3158 3277 3207 esset
3322 3151 3549 3210 anima
3592 3162 3803 3212 vestra
3840 3172 3960 3229 pro

2474 3244 2701 3301 anima
2752 3264 2889 3303 mea
2920 3260 2943 3303 .·
2983 3249 3345 3305 consolarer
3390 3267 3497 3306 vos
3542 3252 3959 3313 sermonibus·

2476 3339 2797 3401 Interdum
2826 3342 3039 3422 pravis
3070 3341 3461 3419 hominibuS‚
3497 3345 3647 3425 quia
3688 3347 3963 3410 humana

2477 3434 2927 3500 informatione
2956 3448 3018 3501 et
3040 3438 3472 3523 increpatione
3492 3443 3725 3524 corrigi
3754 3463 3965 3526 asper-

2478 3542 2731 3611 nantur,
2752 3535 2970 3598 divina
3004 3535 3257 3617 flagella
3284 3539 3563 3619 optanda
3591 3549 3742 3602 sunt
3763 3544 3961 3623 :quod

883 3650 984 3702 tus
1025 3658 1152 3702 non
1191 3646 1308 3714 est,
1353 3647 1414 3700 et
1452 3636 1686 3719 quibus
1729 3637 2031 3699 Dominus
2083 3637 2366 3717 linguam
2477 3633 2747 3696 discrete
2774 3634 3229 3717 caritativeque
3258 3637 3487 3719 agitur,
3511 3638 3665 3720 quia
3694 3642 3963 3703 errantis

881 3738 1192 3801 eruditam
1246 3755 1372 3799 non
1416 3736 1610 3811 dedit,
1644 3735 1802 3797 alios
1845 3736 2048 3825 gratia
2090 3735 2369 3798 consola·
2402 3738 2446 3801 C
2478 3749 2604 3793 non
2627 3750 2837 3812 poena‚
2858 3732 2967 3795 sed
2990 3734 3346 3797 emendatio
3374 3736 3959 3801 desideratur.Nam

881 3837 1075 3899 tionis
1108 3835 1550 3918 impendenda}
1580 3833 1886 3896 accedunt
1915 3860 1928 3910 3
1976 3834 2084 3895 sed
2117 3834 2367 3896 incaute
2476 3837 2538 3891 et
2565 3829 2901 3911 Apostolus
2946 3830 3393 3896 fornicatorem
3426 3833 3669 3898 Satanae
3706 3837 3962 3900 tradidit
3988 3858 4181 3904 icam.
4202 3866 4239 3903 z,

621 3659 630 3669 ⁸
641 3688 704 3733 1³.
727 3703 765 3739 ι..
785 3693 827 3735 4.

882 3935 1223 4016 loquend0‚
1241 3931 1526 3997 afflictos
1556 3931 1756 4012 magis
1778 3930 2102 4010 affligunt,
2128 3931 2221 3993 eis
2246 3932 2370 3993 ina-

881 4032 987 4094 nia
1017 4032 1466 4115 promittendo‚
1502 4028 1755 4091 inutilia
1787 4030 2128 4105 recitand0‚
2167 4031 2369 4093 incre-

878 4131 1125 4213 patoria
1170 4130 1410 4211 absque
1454 4128 1838 4191 discretione
1881 4128 2221 4209 loquendo,
2260 4137 2369 4191 aut

877 4229 1023 4290 aliis
1044 4228 1453 4292 detrahendo.
1469 4225 1709 4300 Quibus
1729 4225 2012 4288 afflictus
2035 4226 2247 4289 dicere
2270 4248 2369 4309 po-

881 4334 1003 4389 test
1036 4344 1048 4387 :
1087 4330 1518 4387 Consolatores
1547 4325 1797 4384 onerosi
1815 4345 2028 4384 omnes
2059 4346 2166 4385 vos
2193 4329 2363 4387 este'S.

883 4426 1226 4503 Numquid
1253 4426 1568 4483 habebunt
1599 4426 1794 4499 finem
1838 4426 2026 4483 verba
2059 4434 2317 4484 vent-osa
2338 4430 2368 4485 ?

881 4532 997 4583 aut
1027 4523 1287 4601 aliquid
1309 4523 1426 4581 cibi
1445 4525 1774 4581 molestum
1793 4531 1905 4592 est,
1938 4539 1975 4583 ο
2007 4520 2367 4584 inordinate

881 4619 1126 4681 locutor
1159 4637 1230 4680 ac
1263 4618 1418 4699 justi
1461 4617 1820 4699 injuriator,
1851 4620 1910 4677 si
1939 4621 2275 4696 loquaris?
2304 4619 2367 4681 id

878 4725 998 4796 est,
1034 4716 1221 4780 facile
1251 4717 1366 4778 tibi
1395 4726 1492 4779 est
1531 4716 1728 4778 multa
1767 4715 2029 4798 profari,
2063 4717 2366 4797 quoniam

881 4816 997 4879 tibi
1042 4836 1166 4879 non
1213 4816 1438 4878 resisto
1483 4834 1583 4877 me
1623 4815 2011 4877 ulciscendO.
2057 4816 2363 4897 Denique,

2477 3927 2542 3987 in
2575 3927 2905 3990 interitum
2936 3930 3169 4007 carniS,
3204 3939 3272 3992 ut
3310 3932 3573 4013 spiritus
3603 3934 3745 4014 ejus
3778 3934 3961 3999 fieret

2478 4026 2709 4101 salvuS‚
2759 4026 2923 4089 sicut
2958 4028 3304 4091 Corinthiis
3354 4031 3597 4093 scribit.
3633 4036 3763 4094 Sed
3802 4037 3963 4114 quid

2474 4144 2666 4201 aqam
2688 4128 2717 4184 ?
2747 4128 2827 4186 Si
2856 4130 3103 4188 locutus
3133 4130 3343 4205 fuero,
3376 4150 3507 4190 non
3548 4134 3817 4209 quiescit
3856 4137 3963 4192 do—

2480 4228 2576 4284 lor
2616 4246 2836 4295 meus;
2863 4234 2923 4284 et
2960 4228 3019 4285 si
3068 4235 3344 4297 tacuerO,
3378 4247 3505 4287 non
3546 4231 3803 4289 recedit.
3834 4229 3959 4291 Hoc

2476 4324 2687 4386 dicere
2716 4323 2905 4387 habet
2945 4325 3263 4405 praelatuS,
3300 4345 3409 4389 seu
3444 4325 3631 4403 aliuS‚
3661 4327 3775 4408 qui
3814 4327 3961 4389 sub-

2474 4422 2711 4502 jectum
2742 4442 2854 4485 seu
2890 4423 3247 4503 proximum
3287 4424 3790 4505 incorrigibilem
3826 4444 3959 4490 cer-

2478 4520 2569 4582 nit
2606 4538 2619 4581 :
2652 4540 2847 4615 quern
2873 4521 3007 4583 sive
3039 4521 3484 4603 increpaverit,
3512 4523 3645 4585 sive
3686 4524 3956 4606 irrepre-

2477 4618 2748 4680 hensum
2805 4619 3156 4701 reliquerit,
3215 4619 3294 4682 de
3349 4620 3490 4701 ejus
3546 4623 3955 4703 perversitate

2478 4718 2783 4779 tristatur.
2834 4716 3011 4779 Unde
3061 4718 3125 4779 in
3176 4718 3535 4782 Proverbiis
3583 4720 3952 4784 inducitur:

2476 4816 2586 4879 Vir
2617 4816 2892 4897 sapienS‚
2932 4817 2984 4877 si
3015 4836 3162 4879 cum
3202 4818 3395 4880 stulto
3429 4820 3849 4895 contenderit,
3878 4820 3956 4881 si·
4002 4843 4235 4891 emam.

878 4924 1038 4979 teste
1070 4914 1390 4995 Gregorio,
1425 4914 1626 4987 Quum
1669 4913 1821 4974 mali
1859 4912 2044 4975 malis
2086 4915 2367 4977 convitia
2400 4918 2446 4979 D
2476 4934 2552 4978 ve
2585 4915 2909 4990 irascatur,
2944 4914 3080 4977 sive
3122 4916 3343 4993 rideat,
3378 4936 3507 4980 non
3539 4917 3821 4981 inveniet
3864 4938 3959 4981 re—
3980 4910 4019 4948 ⁹·

877 5014 1120 5091 dieunt,
1154 5032 1229 5075 eo
1257 5013 1446 5075 citius
1479 5020 1706 5087 tacent,
1738 5030 1868 5093 quo
1892 5012 1970 5075 de
2011 5032 2077 5075 se
2107 5032 2253 5075 mox
2284 5022 2369 5075 ta-

879 5114 964 5175 lia
994 5113 1257 5175 audiunt
1295 5111 1508 5191 qualia
1536 5111 1778 5172 dicunt.
1804 5110 2007 5183 Quum
2036 5122 2247 5173 autem
2275 5113 2368 5193 ju-

879 5220 1008 5275 stos
1055 5211 1498 5286 criminantur,
1531 5230 1606 5271 eo
1657 5208 1918 5271 liberius
1973 5210 2361 5288 fabulantur,

877 5328 1007 5391 quo
1043 5309 1256 5369 minus
1291 5308 1754 5388 redarguuntur
1788 5324 1801 5368 ε
1835 5308 1986 5387 quia
2023 5308 2180 5388 justi
2218 5328 2365 5371 con-

2475 5014 2688 5094 quiem
2740 5012 2885 5075 sibi.
2920 5014 3392 5091 Verumtamen,
3446 5015 3599 5095 quia
3638 5016 3955 5079 interdum

2476 5112 2825 5174 secundum
2856 5130 3020 5174 verae
3048 5112 3451 5175 discretionis
3482 5132 3813 5177 censuram
3846 5114 3956 5175 tali

2476 5210 2863 5292 loquendum
2906 5220 3022 5285 est,
3056 5220 3117 5273 et
3160 5211 3479 5273 interdum
3518 5211 3836 5275 silendum
3876 5212 3956 5291 (si

2474 5309 2646 5371 enim
2676 5328 2751 5371 ex
2780 5308 3211 5373 taciturnitate
3248 5310 3673 5373 communitas
3710 5310 3963 5375 laedere-
