4309 6259
1260 507 1607 555 manniti-10
1648 510 1711 555 m
1752 510 1887 557 car.
1935 510 2081 559 xxtv
2123 509 2250 556 son.
2295 529 2376 541 —
2416 512 2560 558 aar.
2605 513 2640 557 ι,
3375 494 3494 561 595

380 881 731 953 rumpunt,
758 874 1077 955 spirituali
1108 894 1323 937 earum
1356 884 1535 957 patre
1564 895 1891 958 oppresso.

475 973 713 1033 iVudos
753 974 1102 1034 dimittunt
1151 977 1460 1046 homines,
1511 977 1896 1037 indumenta

66 1072 208 1117 15⁶¹·-
230 1091 275 1126 ιι.
295 1079 343 1120 8·
382 1074 687 1131 collentes
715 1089 739 1131 .·
767 1070 947 1152 juxta
978 1071 1138 1134 illud
1168 1072 1459 1150 Michaeae,
1495 1074 1776 1155 Desuper
1806 1082 1897 1135 tu-

382 1168 612 1231 nicam
644 1169 915 1251 pallium
946 1171 1335 1247 sustulistis3
1372 1175 1603 1252 quibus
1634 1192 1761 1232 non
1807 1182 1897 1233 est

378 1269 871 1344 operimentum
909 1272 983 1330 in
1019 1271 1291 1347 frigore.
1329 1270 1505 1345 Quod
1548 1270 1898 1353 spirituali-

382 1374 495 1428 ter
527 1366 823 1447 implent,
859 1368 971 1449 qui
1001 1368 1161 1431 alios
1192 1370 1535 1433 virtutibus
1564 1370 1734 1451 (quae
1765 1369 1900 1432 ani-

382 1484 651 1527 marum
702 1474 911 1529 vestes
958 1470 1133 1547 sunt)
1164 1467 1447 1550 privant,
1480 1469 1632 1531 dum
1674 1487 1781 1531 eos
1819 1469 1896 1530 ad

384 1563 671 1627 mortale
730 1566 996 1628 trahunt
1050 1576 1381 1648 peccatum
1446 1585 1459 1629 :
1521 1568 1756 1649 quibus
1813 1568 1901 1629 ita

387 1663 657 1725 nudatis
702 1682 831 1727 non
882 1672 979 1728 est
1021 1666 1489 1747 operimentum
1541 1666 1607 1728 in
1662 1666 1900 1749 frigore

387 1762 617 1824 saeculi
650 1762 868 1843 hujuS‚
900 1762 1014 1825 ubi
1053 1764 1315 1827 caritate
1343 1766 1453 1827 Dei
1493 1765 1899 1845 refrigescen-

375 672 819 755 spiritualiter
849 684 1065 757 agunt,
1101 678 1213 757 qui
1244 679 1766 759 congregationes
1795 680 1899 742 de—
1928 679 1979 740 A
2007 679 2360 744 effabiliter
2381 681 2578 763 impia
2597 692 2695 746 est
2713 693 2904 767 atque
2923 684 3217 760 crudeliS,
3243 702 3498 767 praeser-

375 781 575 836 votas
596 774 725 837 sibi
754 794 883 837 non
904 777 1275 839 commissas
1308 778 1653 853 introeunt,
1678 786 1742 841 et
1762 797 1898 840 cor-

2008 780 2122 841 tim
2162 799 2362 861 quum
2401 781 2705 845 Dominus
2741 783 2983 865 jubeat,
3027 792 3098 845 ut
3139 802 3256 846 nec
3299 782 3497 845 domi-

2008 897 2127 939 nus
2148 879 2282 958 agri
2308 879 2673 943 decidentes
2689 890 2797 943 aut
2818 890 3216 951 remanentes
3237 881 3498 961 colligat

2007 974 2238 1057 spicaS,
2260 978 2369 1040 sed
2401 979 2790 1062 pauperibus
2822 979 3142 1061 relinquat
3171 979 3492 1060 legendaS.

2009 1072 2437 1154 Spiritualiter
2477 1077 2686 1140 nudus
2725 1086 2840 1155 est,
2875 1077 3120 1140 meritis
3155 1086 3218 1139 et
3247 1075 3499 1140 virtuti-

2008 1172 2127 1234 bus
2176 1173 2538 1252 destitutuS,
2591 1176 2842 1238 etiamsi
2890 1175 3043 1238 mali
3092 1176 3182 1237 nil
3230 1173 3498 1239 actuali-

2010 1280 2105 1334 ter
2153 1282 2474 1356 operetur.
2517 1274 2727 1351 Porro,
2765 1274 2877 1356 qui
2924 1272 3056 1355 agit
3100 1272 3342 1354 inique,
3386 1291 3504 1333 nu-

2009 1373 2127 1433 dus
2162 1372 2419 1436 incedit.
2453 1372 2780 1455 Contingit
2810 1380 3019 1435 autem
3058 1373 3229 1453 quod
3262 1371 3404 1435 talis
3435 1390 3504 1433 se

2009 1471 2228 1553 cupiat
2273 1472 2634 1549 emendare,
2674 1472 3042 1553 esuriatque
3092 1469 3504 1534 refectionem

2011 1570 2344 1647 virtutum,
2377 1579 2440 1633 et
2481 1570 2741 1652 colligat
2779 1570 3011 1653 spicaS,
3047 1568 3112 1633 id
3149 1576 3267 1645 est,
3299 1566 3509 1650 perfe-

2011 1677 2258 1731 ctorum
2318 1670 2585 1734 virtutes
2647 1668 2916 1751 incipiat
2968 1668 3332 1750 aliqualiter
3383 1665 3508 1729 sibi

2012 1768 2270 1831 haurire
2320 1787 2393 1831 ac
2433 1768 2619 1849 sequi
2663 1786 2676 1829 z
2722 1768 2894 1849 quod
2937 1767 3226 1832 videntes
3265 1765 3509 1829 anima-

388 1868 483 1937 te,
516 1869 739 1942 torpor
777 1869 840 1923 et
880 1862 1156 1941 ignavia,
1192 1863 1491 1927 vitiorum
1532 1864 1899 1928 constrictio
1939 1868 1984 1930 B
2014 1886 2150 1928 rum
2201 1876 2628 1948 corruptoreS,
2685 1866 3041 1942 tristantur,
3091 1874 3155 1928 et
3209 1870 3507 1945 satagunt

389 1967 595 2043 atque
614 1959 873 2037 duritia,
898 1960 1144 2023 animas
1176 1962 1419 2024 laedunt
1450 1962 1757 2025 virtutum
1790 1984 1899 2027 ve-

394 2059 611 2121 stibus
662 2059 987 2141 spoliatas,
1023 2059 1378 2134 Quocontra
1427 2062 1492 2121 in
1542 2061 1899 2127 Proverbiis

2010 1984 2154 2027 eum
2202 1965 2490 2047 pristinis
2538 1964 2926 2027 vanitatibus
2971 1964 3321 2045 implicare,
3377 1962 3508 2025 col-

2010 2062 2334 2145 lectasque
2378 2064 2585 2146 spicas
2634 2063 2693 2127 ei
2741 2062 3139 2138 subtrahere,
3171 2070 3243 2123 ut
3291 2061 3505 2124 anima

74 2179 361 2227 mam,
394 2158 479 2220 de
512 2159 805 2240 sapiente
834 2166 897 2221 et
936 2157 1085 2221 forti
1131 2158 1368 2222 dicitur
1412 2160 1680 2223 muliere
1716 2177 1729 2222 :
1764 2161 1899 2223 Non
2010 2161 2147 2242 ejus
2181 2161 2358 2224 nullo
2391 2161 2722 2225 reficiatur
2753 2160 3071 2244 spirituali
3099 2160 3337 2223 edulio.
3357 2157 3505 2232 Qui-

78 2244 143 2287 21.

400 2256 658 2319 timebit
688 2257 906 2320 domui
939 2276 1069 2320 suae
1092 2277 1129 2320 a
1161 2257 1509 2339 frigoribus
1540 2258 1745 2332 nivis3
1777 2278 1903 2323 om-

400 2374 517 2418 nes
546 2355 721 2418 enim
752 2355 1086 2419 domestici
1118 2356 1255 2436 ejus
1279 2356 1490 2420 vestiti
1518 2366 1668 2418 sunt
1698 2358 1901 2439 dupli-

398 2455 611 2519 cibus,

488 2557 657 2622 Quos
695 2556 926 2614 imbres
966 2557 1283 2616 montium
1315 2556 1538 2632 riyant
1566 2572 1589 2615 .·
1618 2554 1769 2636 quia
1810 2555 1901 2619 sic

404 2652 689 2734 spoliati,
720 2654 800 2715 ad
828 2661 1130 2716 montana
1168 2652 1558 2732 confugiunt
1598 2652 1737 2716 loca
1766 2653 1901 2716 sive

405 2752 702 2827 latibula,
736 2752 921 2833 quasi
955 2753 1031 2814 ad
1061 2751 1317 2829 tutiora,
1352 2751 1461 2814 ubi
1492 2752 1573 2815 ob
1603 2752 1767 2813 aeris
1792 2750 1904 2813 fri-

402 2851 739 2933 giditatem
776 2848 1242 2931 frequentiores
1283 2859 1346 2913 et
1387 2851 1711 2931 graviores
1754 2859 1904 2914 sunt

406 2950 665 3033 pluviae,
697 2949 934 3032 quibus
964 2958 1116 3012 tunc
1148 2947 1640 3031 perfunduntur.
1663 2953 1746 3012 Et
1773 2971 1899 3011 non

2010 2259 2128 2321 bus
2159 2260 2246 2322 ait
2276 2260 2612 2343 Apostolus
2649 2279 2662 2323 ε
2698 2260 2799 2323 Sic
2829 2268 3038 2323 autem
3070 2267 3403 2343 peccantes
3433 2258 3500 2320 in

2013 2357 2263 2435 fratreS‚
2309 2368 2371 2421 et
2415 2359 2840 2441 percutientes
2887 2358 3344 2421 conscientiam
3393 2375 3500 2419 eo·

2014 2475 2153 2518 rum
2187 2455 2534 2535 infirmam,
2557 2458 2622 2518 in
2649 2457 2970 2520 Christum
2999 2456 3298 2539 peccatis
3321 2455 3502 2518 Unde

2015 2556 2081 2617 in
2111 2556 2369 2619 Michaea
2389 2556 2698 2637 scriptum
2728 2565 2823 2619 est
2847 2573 2861 2617 :
2887 2555 2998 2619 Vir
3019 2554 3282 2617 fratrem
3315 2572 3498 2616 suum

2012 2662 2282 2717 venatur
2311 2655 2390 2717 ad
2422 2662 2712 2718 mortem.
2747 2654 2920 2729 Quod
2951 2654 3006 2716 is
3044 2652 3506 2736 periculosissi-

2011 2772 2113 2815 me
2142 2754 2294 2833 agit‚
2329 2753 2440 2835 qui
2469 2752 2750 2834 aliquem
2783 2753 2965 2815 bonae
2994 2752 3360 2827 voluntatiS‚
3396 2758 3506 2814 aut

2012 2850 2388 2933 religionem
2432 2852 2670 2915 intrare
2698 2851 3018 2915 volentem
3049 2850 3368 2913 retrahere
3408 2849 3506 2911 ni-

2014 2949 2185 3013 titur.

404 3052 705 3111 habentes
734 3052 1053 3119 velamen,
1083 3048 1149 3110 id
1178 3057 1274 3111 est
1303 3048 1564 3130 aliquod
1597 3047 1902 3111 nuditatis
1935 3051 1979 3115 C
2094 3052 2277 3110 Inter
2305 3070 2558 3110 acervos
2588 3069 2836 3119 eorum,
2866 3048 2931 3111 id
2971 3057 3068 3111 est
3105 3047 3271 3111 inter
3307 3046 3506 3110 mani-

407 3168 479 3212 ac
530 3148 933 3214 verecundiae
982 3148 1470 3230 operimentum,
1518 3153 1903 3225 amplexa-n-

407 3258 519 3308 tur
551 3250 821 3325 lapidem,
854 3246 919 3308 id
948 3255 1065 3322 est,
1102 3245 1219 3307 sub
1250 3245 1570 3327 lapidibus
1601 3264 1713 3307 seu
1746 3244 1900 3307 locis

406 3346 685 3428 petrosis
722 3345 824 3409 vel
863 3344 1153 3409 cavernis
1195 3343 1595 3407 abscondunt
1638 3362 1725 3407 se.
1766 3342 1905 3425 Spi-

406 3443 750 3521 ritualiter‚
799 3444 1035 3507 imbres
1085 3443 1429 3521 montium,
1476 3452 1625 3504 sunt
1670 3441 1905 3505 doctri·

408 3561 507 3605 nae
530 3543 981 3619 virtuosorum,
1001 3542 1236 3623 quibus
1269 3542 1523 3623 spoliati
1556 3540 1902 3604 virtutibus

404 3649 623 3705 mente
666 3640 975 3720 rigantur,
1011 3649 1082 3702 ut
1123 3640 1508 3704 reviviscant
1547 3647 1735 3721 atque
1778 3638 1905 3701 fru—

406 3739 703 3804 ctificent
740 3758 754 3801 :
797 3738 911 3822 qtii
959 3756 1087 3801 non
1129 3738 1434 3801 habentes
1477 3738 1791 3815 velamen,
1838 3738 1904 3801 id

406 3848 503 3903 est
554 3838 787 3902 animae
838 3843 1282 3901 ornamentum
1332 3845 1553 3900 contra
1597 3835 1901 3899 vitiorum

409 3936 789 4012 foeditatem,
817 3934 1257 4016 amplexantur
1288 3934 1552 4017 lapideS‚
1578 3934 1641 3997 id
1673 3943 1790 4012 est,
1824 3935 1903 3996 ad

406 4034 843 4119 perfectorum
894 4032 1202 4096 festinant
1239 4032 1570 4112 suffragia,
1608 4041 1677 4095 ut
1720 4040 1901 4095 orent

408 4152 525 4216 pro
570 4152 661 4195 se.
696 4131 783 4195 De
816 4131 1053 4213 quibus
1084 4131 1239 4195 viris
1280 4130 1580 4213 perfectis
1622 4130 1905 4213 loquitur

2014 3148 2200 3230 pulos
2231 3146 2489 3228 frugum
2517 3166 2868 3229 pauperum
2901 3146 3342 3223 esurientium,
3380 3166 3506 3206 me-

2013 3248 2251 3308 ridiati
2292 3256 2468 3317 sunt,
2512 3245 2576 3307 id
2621 3252 2745 3323 est,
2799 3245 3065 3309 meridie
3115 3245 3506 3326 quieverunt

2015 3364 2124 3408 seu
2175 3344 2392 3427 pransi
2432 3351 2601 3421 sunt,
2636 3344 2717 3406 de
2759 3343 3016 3406 illorum
3059 3342 3503 3425 paupertatula

2014 3444 2410 3507 delicianteS.
2441 3442 2736 3505 Naturale
2765 3450 2861 3505 est
2888 3450 3124 3519 autem,
3153 3443 3506 3505 secundum

2012 3542 2364 3619 Albertum,
2414 3541 2479 3602 in
2522 3541 2788 3603 meridie
2831 3541 3164 3623 prandere,
3201 3541 3356 3602 dum
3407 3538 3503 3603 sol

2013 3642 2090 3704 ad
2131 3658 2460 3721 summum·
2489 3639 2819 3716 accedens,
2852 3638 3224 3700 alimentum
3273 3657 3504 3720 praece·

2013 3738 2222 3801 dentis
2263 3737 2670 3802 comestionis
2699 3756 2736 3800 a
2764 3737 2903 3801 loco
2941 3736 3316 3816 digestionis
3358 3755 3506 3800 evo·

2014 3837 2184 3900 cavit
2231 3837 2310 3898 ad
2358 3835 2662 3899 membra.
2706 3837 2832 3904 Qui
2877 3853 3190 3917 pauperes
3237 3837 3500 3895 calcatis

2017 3937 2447 3996 torcularibus
2486 3936 2750 4004 sitiunt,
2781 3932 2845 3994 id
2888 3940 3004 4009 est,
3051 3931 3190 3995 uvis
3239 3931 3500 3995 calcatis

2013 4043 2143 4096 tam
2175 4051 2398 4116 parum
2433 4031 2669 4094 habent
2697 4032 2775 4094 de
2807 4031 2977 4109 vino,
3002 4038 3074 4093 ut
3103 4048 3230 4093 non
3261 4039 3370 4093 aut
3396 4030 3506 4094 vix

2016 4131 2380 4196 necessitati
2409 4128 2716 4193 sufficiat.

88 4256 380 4304 wera-as.
410 4233 478 4294 in
526 4232 739 4315 prima
780 4250 895 4293 sua
940 4229 1257 4294 Canonica
1302 4230 1521 4293 Petrus
1558 4246 1571 4291 :
1608 4230 1732 4292 Vos
1771 4237 1906 4291 tan-
1935 4231 1986 4293 D
2093 4236 2188 4294 De
2213 4233 2586 4291 civitatibus
2613 4231 2906 4307 fecerunt
2934 4231 3108 4289 viros
3129 4248 3401 4307 qemere,
3435 4228 3500 4291 id

410 4350 607 4413 quam
638 4329 882 4420 lapides
913 4328 1045 4392 vivi
1078 4328 1707 4411 superaedificamini.

508 4432 655 4492 Vim
690 4431 985 4507 fecerunt
1025 4430 1465 4505 depraedantes
1496 4430 1809 4505 pupillos,
1841 4426 1905 4489 id

407 4536 527 4605 est,
560 4526 877 4591 violenter
920 4525 1263 4607 depraedati
1304 4532 1453 4587 sunt
1496 4544 1642 4600 eos3
1680 4535 1739 4585 et
1770 4529 1905 4585 vul-

398 4646 564 4704 ,ωιτη
588 4644 943 4703 pauperem
976 4626 1498 4701 eaespoliaverunt
1528 4644 1549 4683 .·
1581 4642 1781 4704 quum
1818 4631 1907 4685 ta·—

406 4743 559 4787 men
616 4721 885 4805 pupillis
934 4730 995 4785 et
1055 4721 1443 4804 pauperibus
1493 4721 1767 4804 amplius
1823 4720 1906 4783 sit

405 4821 823 4904 parcendum.
862 4821 1077 4881 Nudis
1106 4818 1369 4882 omnino
1394 4838 1507 4882 seu
1538 4838 1763 4901 parum
1799 4838 1905 4881 ve-

408 4920 601 4997 stitis,
644 4928 705 4979 et
750 4919 1191 4979 incedentibus
1240 4920 1472 4998 absque
1517 4920 1769 4990 vestitu,
1817 4918 1905 4980 ita

410 5019 583 5101 quod
610 5036 745 5101 prae
774 5016 993 5099 inopia
1020 5016 1209 5079 etiam
1234 5016 1399 5079 inter
1429 5016 1719 5079 homines
1744 5016 1903 5079 nudi

408 5117 924 5192 ambulaverunt,
958 5124 1019 5177 et
1046 5117 1476 5177 esurientibus
1505 5118 1715 5193 spicas
1748 5120 1905 5176 tule-

408 5226 592 5288 runt,
628 5212 694 5278 id
735 5222 833 5277 est
874 5214 1299 5291 abstulerunt,
1344 5233 1502 5295 quas
1551 5213 1904 5277 esurientes

411 5314 731 5379 laboriose
748 5313 1157 5395 collegerunt.
1171 5312 1468 5393 Talisque
1496 5312 1791 5395 spoliatio
1813 5311 1906 5375 in-

2015 4338 2132 4408 est,
2175 4329 2346 4395 cives
2398 4328 2656 4390 urbium
2694 4329 2773 4390 ad
2803 4327 3110 4407 gemitum
3159 4336 3354 4408 atque
3393 4327 3504 4389 tri-

2014 4428 2252 4490 stitiam
2303 4426 2708 4505 induxerunt,
2745 4426 2912 4489 bona
2955 4444 3174 4488 eorum
3217 4424 3284 4486 in
3335 4424 3504 4506 agris

2014 4527 2336 4601 vastando,
2367 4524 2470 4588 vel
2515 4524 2810 4588 concives
2859 4524 3172 4605 capiendo
3223 4522 3358 4586 sive
3403 4523 3507 4587 lae-

2012 4622 2424 4697 dendo.Quod
2444 4621 2864 4703 spiritualiter
2885 4620 3150 4699 faciunt,
3164 4622 3277 4704 qui
3298 4621 3506 4684 catho-

2014 4723 2171 4785 licos
2208 4721 2379 4784 viros
2415 4719 2813 4797 contristant,
2851 4720 3158 4801 quosdam
3207 4718 3502 4781 fidelium

2012 4820 2417 4903 decipiendo,
2474 4818 2998 4899 damnationique
3052 4817 3426 4899 exponendo
3485 4834 3500 4878 ε

2012 4920 2184 5002 quod
2215 4917 2518 4980 virtuosis
2547 4917 2811 4981 caritate
2840 4915 3232 4981 ferventibus
3261 4914 3502 4996 gravis-

2014 5019 2248 5081 simum
2297 5026 2394 5080 est
2441 5016 2678 5082 videre.
2723 5015 2898 5079 Unde
2945 5033 3059 5097 per
3106 5013 3500 5077 Ezechielem

2012 5117 2318 5181 Dominus
2359 5114 2575 5195 impiis
2623 5114 2714 5176 ait
2746 5130 2760 5175 :
2795 5114 3052 5176 Moerere
3097 5111 3339 5176 fecistis
3387 5132 3500 5176 cor
3529 5128 3794 5237 gezmannus,

2012 5214 2192 5296 justi,
2213 5232 2406 5296 quem
2435 5230 2550 5293 ego
2581 5229 2710 5275 non
2739 5211 3236 5275 contristavi.Et
3256 5214 3496 5273 animoe

2016 5317 2506 5375 vulneratorum
2529 5312 2921 5382 clamabunt,
2955 5328 3086 5392 prae
3114 5309 3333 5373 dolore
3361 5310 3499 5373 vul-

3541 901 3644 945 Lev.
3659 903 3788 952 xmo,

3527 967 3592 1007 10.

3559 2281 3573 2324 1
3588 2282 3692 2326 Cor.
3706 2296 3791 2335 vm,

3533 2346 3599 2388 12.

3533 2570 3792 2622 Mich.vn,2.
