4309 6259
869 465 989 529 746

868 654 1162 713 Articulus
1200 659 1267 713 11.
1306 657 1629 714 Elucidatio
1658 659 1895 732 capituli
1926 659 2166 716 secundi
2201 675 2214 714 :

938 745 1068 800 Filii
1097 749 1293 802 autem
1336 748 1529 814 lsrael,
1564 750 1783 814 Ruben,
1817 749 2071 812 Simeon,
2104 752 2212 806 etc.
2257 751 2360 806 114

866 835 1161 892 Articulus
1200 836 1293 890 III.
1344 836 1665 894 Elucidatio
1713 839 1951 911 capituli
2000 838 2153 894 tertii
2195 856 2210 894 z

938 925 1115 981 David
1146 943 1279 981 vero
1312 927 1417 982 hos
1448 927 1650 984 habuit
1678 928 1847 992 filios,
1880 927 1978 1000 qui
2008 927 2060 984 ei
2093 929 2212 984 nati

935 1017 1073 1070 sunt
1102 1014 1159 1070 in
1194 1015 1421 1072 Ilebron
1448 1059 2210 1073 .........
2255 1019 2358 1074 119

865 1103 1158 1160 Articulus
1190 1105 1276 1158 lv.
1318 1107 1661 1177 Explanatio
1700 1107 1937 1180 capituli
1972 1107 2168 1179 quarti
2200 1125 2213 1162 :

938 1193 1065 1248 Filii
1104 1194 1269 1258 luda,
1309 1195 1541 1258 Phares.
1584 1199 1801 1254 Hesi-on
1851 1201 1909 1254 et
1954 1197 2212 1262 Charmi,

936 1286 1025 1338 etc
1033 1324 2212 1342 ..............
2257 1288 2360 1342 122

865 1371 1159 1428 Articulus
1204 1373 1267 1426 V.
1323 1373 1617 1445 Expositio
1674 1374 1912 1446 capituli
1962 1374 2151 1447 quinti
2198 1392 2211 1430 :

937 1461 1063 1517 Filii
1096 1479 1325 1534 quoque
1362 1464 1561 1520 Ruben
1602 1463 1975 1536 primogeniti
2016 1464 2211 1520 Israel.
2257 1465 2359 1520 128

864 1551 1157 1608 Articulus
1196 1552 1283 1606 vl.
1332 1553 1675 1624 Explanatio
1724 1553 1961 1626 capituli
2008 1553 2153 1610 sexti
2199 1572 2212 1608 :

934 1640 1061 1695 Filii
1092 1641 1222 1698 Levi
1256 1659 1271 1697 :
1304 1643 1541 1704 Gerson.
1574 1643 1751 1699 Caath
1781 1646 1837 1698 et
1864 1643 2070 1700 Merari
2100 1641 2119 1696 .’
2197 1684 2210 1696 .
2255 1643 2358 1698 130

862 1730 1157 1787 Articulus
1177 1732 1293 1787 VII.
1316 1731 1659 1803 Explanatio
1682 1731 1920 1804 capituli
1947 1732 2210 1803 septimi:

934 1819 1111 1874 Porro
1142 1819 1243 1874 mii
1286 1821 1550 1876 issachar
1581 1839 1594 1877 :
1624 1821 1801 1878 Thola
1830 1825 1884 1878 et
1914 1821 2092 1884 Phua,
2124 1822 2216 1876 Ja-

936 1909 1043 1964 sub
1074 1913 1129 1964 ct
1158 1910 1444 1975 Simeron,
1465 1913 1717 1982 quatuor
1722 1951 2210 1966 ......
2255 1911 2359 1966 134

863 1998 1157 2054 Articulus
1185 1999 1328 2054 VIII.
1364 1999 1684 2056 Declaratio
1713 1999 1950 2072 capituli
1984 2000 2166 2056 octavi
2198 2017 2212 2054 :

935 2088 1242 2160 Benjamin
1281 2091 1477 2145 autem
1520 2089 1721 2162 genuit
1760 2088 1895 2146 Bale
1926 2090 2218 2162 primoge-

938 2177 1125 2233 nltum
1158 2194 1330 2234 suum
1342 2218 2211 2234 ..........
2257 2179 2359 2234 136

862 2266 1157 2322 Articulus
1207 2267 1294 2322 IX.
1347 2267 1668 2324 Declaratio
1716 2267 1956 2340 capituli
2008 2267 2149 2323 noni
2199 2285 2213 2323 ι

935 2355 1247 2412 Universus
1285 2373 1423 2428 ergo
1460 2357 1633 2412 Israel
1669 2357 2079 2414 dinumeratus
2108 2359 2212 2412 est.
2259 2357 2358 2411 137

862 2445 1159 2500 Articulus
1196 2447 1259 2500 Χ.
1302 2446 1627 2501 Elucidatio
1666 2446 1904 2519 capituli
1954 2445 2166 2502 decimi
2200 2462 2213 2500 ε

934 2533 1245 2590 philistiim
1286 2538 1482 2591 autem
1526 2536 1866 2608 pugnabant
1904 2539 2107 2590 contra
2145 2536 2220 2589 Is-

931 2624 1049 2680 rael
1059 2664 2212 2680 .............
2258 2623 2361 2678 140

862 2713 1156 2770 Articulus
1194 2714 1281 2768 XI.
1324 2712 1646 2770 Declaratio
1694 2712 1933 2784 capituli
1980 2713 2218 2770 undeci-

936 2802 1016 2858 mi
1051 2819 1065 2858 :
1107 2803 1502 2874 Congregatus
1548 2804 1635 2858 est
1684 2801 1862 2874 igitur
1904 2801 2098 2858 omnis
2138 2804 2218 2857 ls-

932 2891 1051 2948 rael
1083 2893 1157 2946 ad
1188 2891 1367 2946 David
1394 2890 1455 2946 in
1488 2891 1714 2947 Hebron
1723 2931 2214 2946 ......
2259 2892 2362 2948 143

863 2980 1157 3038 Articulus
1186 2980 1300 3036 XII.
1332 2979 1628 3051 Expositio
1664 2979 1902 3052 capituli
1950 2980 2220 3038 duodeci-

936 3069 1018 3125 mi
1060 3087 1074 3126 :
1114 3069 1179 3124 Hi
1225 3085 1457 3140 quoque
1500 3072 1787 3126 venerunt
1822 3071 1897 3127 ad
1938 3070 2117 3127 David
2159 3070 2218 3126 in

937 3159 1158 3231 Siceleg
1249 3197 2213 3216 ...........
2259 3161 2361 3216 147

865 3247 1161 3304 Articulus
1200 3247 1341 3302 XIII.
1382 3245 1707 3302 Elucidatio
1751 3247 1991 3320 capituli
2034 3248 2218 3305 tertii-

938 3335 1151 3393 decimi
1194 3353 1207 3392 :
1248 3336 1383 3392 lniit
1430 3340 1625 3394 autem
1676 3337 1987 3394 consilium
2036 3339 2219 3395 David

940 3443 1075 3482 cum
1104 3426 1357 3482 tribunis
1435 3466 2215 3484 .........
2262 3430 2363 3485 149

868 3515 1161 3571 Articulus
1198 3515 1334 3570 XIV.
1369 3515 1690 3572 Declaratio
1730 3516 1965 3588 capituli
2000 3517 2219 3588 quarti-

942 3603 1153 3662 decimi
1196 3621 1208 3660 :
1249 3604 1402 3660 Misit
1445 3619 1676 3677 quoque
1708 3605 1905 3661 Hiram
1946 3623 2049 3663 rex
2089 3606 2218 3679 Tyri

940 3693 1178 3750 nuntios
1206 3695 1281 3749 ad
1312 3694 1490 3750 David
1533 3734 2214 3750 ........
2262 3697 2357 3751 151

869 3782 1162 3839 Articulus
1186 3783 1297 3837 XV.
1328 3781 1623 3855 Expositio
1652 3782 1890 3854 capituli
1924 3782 2218 3855 quintide·

941 3871 1078 3926 cimi
1108 3888 1121 3927 :
1154 3871 1311 3927 Fecit
1340 3887 1571 3943 quoque
1609 3871 1718 3926 sibi
1760 3873 1967 3928 domos
1996 3872 2056 3928 in
2085 3872 2222 3929 civi-

939 3963 1054 4016 tate
1086 3959 1265 4015 David
1343 4001 2217 4017 ..........
2264 3963 2366 4017 152

871 4049 1165 4106 Articulus
1202 4050 1340 4104 XVI.
1387 4049 1712 4106 Elucidatio
1760 4050 1999 4122 capituli
2048 4050 2223 4107 sexti-

940 4137 1199 4195 decimi:
1241 4139 1575 4194 Attulerunt
1619 4156 1757 4211 ergo
1790 4156 1990 4196 arcam
2026 4141 2145 4196 Dei.
2208 4183 2220 4194 .
2265 4141 2368 4196 155

871 4227 1165 4285 Articulus
1184 4228 1347 4283 XVII.
1370 4227 1665 4299 Expositio
1694 4229 1931 4300 capituli
1961 4229 2224 4300 septimi-

944 4315 1157 4374 decimi
1190 4333 1203 4372 ε
1237 4319 1431 4382 Quum
1472 4321 1667 4374 autem
1708 4318 1995 4375 habitaret
2042 4319 2222 4374 David

945 4407 1003 4462 in
1036 4407 1212 4463 domo
1242 4423 1349 4463 sua
1354 4446 2223 4466 ..........
2269 4409 2369 4464 157

874 4495 1165 4552 Articulus
1200 4496 1389 4550 XVIII.
1420 4495 1717 4567 Expositio
1748 4495 1987 4568 capituli
2020 4497 2228 4553 octavi-

945 4585 1157 4642 decimi
1200 4601 1215 4642 z
1254 4586 1495 4642 Factum
1536 4589 1623 4642 est
1660 4589 1858 4642 autem
1907 4590 2035 4658 post
2080 4588 2224 4643 haec.
2270 4587 2371 4642 159

874 4675 1168 4732 Articulus
1198 4675 1336 4730 XIX.
1376 4675 1673 4746 Expositio
1716 4675 1953 4748 capituli
1986 4677 2228 4734 nonide-

946 4763 1085 4820 cimi
1109 4781 1122 4819 :
1148 4763 1371 4820 Accidit
1402 4768 1597 4820 autem
1626 4767 1691 4820 ut
1722 4769 2047 4822 moreretur
2076 4766 2230 4821 Naas

948 4870 1046 4910 rex
1080 4853 1333 4910 filiorum
1365 4855 1619 4908 Ammon
1646 4893 2225 4912 .......
2273 4855 2374 4910 160

876 4942 1171 4999 Articulus
1190 4943 1301 4998 XX.
1331 4940 1625 5014 Expositio
1657 4941 1893 5014 capituli
1925 4942 2188 4998 vicesimi
2213 4961 2226 4998 ε

948 5031 1187 5086 Factum
1228 5034 1313 5086 est
1350 5033 1547 5086 autem
1588 5033 1719 5101 post
1746 5030 1887 5086 anni
1918 5030 2224 5087 circulum.
2272 5033 2370 5087 161

878 5120 1173 5176 Articulus
1204 5121 1341 5174 XXI.
1374 5119 1668 5190 Expositio
1699 5119 1934 5190 capituli
1966 5120 2230 5177 vicesimi

952 5209 1128 5281 primi
1152 5226 1166 5264 ι
1190 5209 1565 5266 consurrexit
1592 5213 1787 5266 autem
1821 5211 1995 5266 Satan
2028 5213 2232 5267 contra

954 5298 1127 5356 Israel
1169 5341 1181 5354 .
1264 5313 1287 5352 .’
1360 5340 1371 5353 .
1450 5338 1465 5352 .
1549 5340 1563 5353 .
1646 5341 1658 5353 .
1722 5335 1727 5342 -
1741 5340 2227 5357 ......
2272 5301 2376 5357 162

2137 488 2328 537 mun
2367 489 2702 540 (im

2467 642 2764 718 Articulus
2783 661 2947 718 xxn.
2969 661 3264 735 Expositis»
3293 661 3530 736 capituli
3557 660 3822 718 vicesimi

2538 751 2780 808 secundi
2809 769 2824 806 ε
2857 751 3126 824 Dixitque
3165 751 3344 808 David
3377 769 3391 808 :
3425 752 3558 807 Ilaec
3591 755 3680 808 est
3719 751 3822 806 do·

2539 855 2674 895 mus
2705 840 2802 896 Dei
2861 883 3820 896 ...........
3863 839 3958 894 164

2469 927 2764 985 Articulus
2793 931 2982 985 XXIII.
3019 929 3340 987 Declaratio
3389 929 3628 1002 capituli
3673 929 3826 984 vice-

2537 1017 2674 1072 simi
2699 1019 2852 1074 tertii
2878 1037 2892 1075 :
2917 1019 3100 1092 Igitur
3121 1019 3300 1076 David
3325 1035 3499 1076 senex
3531 1023 3590 1075 et
3615 1017 3825 1090 plenus

2541 1107 2772 1163 dierum
2848 1148 3820 1164 ...........
3864 1107 3960 1161 167

2471 1195 2768 1253 Articulus
2805 1198 2991 1252 XXIV.
3023 1197 3368 1270 Explanatio
3406 1196 3646 1269 capituli
3675 1197 3827 1252 vice·

2539 1283 2674 1339 simi
2706 1285 2938 1358 quarti:
2974 1287 3152 1343 Porro
3183 1287 3320 1343 filiis
3349 1289 3542 1342 Aaron
3573 1286 3666 1341 hae
3693 1302 3824 1357 par-

2539 1373 2776 1431 titiones
2805 1380 2972 1432 erant
3047 1415 3818 1431 .........
3867 1373 3964 1429 170

2469 1461 2764 1519 Articulus
2789 1464 2949 1519 XXV.
2991 1463 3314 1520 Declaratio
3351 1463 3591 1536 capituli
3625 1463 3824 1520 vicesi-

2541 1551 2623 1606 mi
2665 1551 2856 1624 quinti
2885 1570 2899 1608 :
2932 1553 3114 1626 Igitur
3141 1554 3320 1609 David
3359 1559 3416 1610 et
3445 1553 3826 1626 magistratus

2539 1641 2830 1698 exercitus
2855 1684 3818 1699 ...........
3865 1645 3957 1699 171

2469 1730 2763 1787 Articulus
2791 1733 2978 1786 XXVI.
3007 1732 3330 1788 Declaratio
3359 1732 3598 1804 capituli
3627 1732 3827 1789 vicesi-

2543 1819 2623 1874 mi
2655 1821 2800 1876 sexti
2833 1837 2846 1876 ε
2879 1821 3202 1877 Divisiones
3239 1825 3432 1878 autem
3454 1821 3780 1893 Janitorum
3807 1865 3821 1876 .
3865 1822 3962 1878 173

2469 1908 2762 1964 Articulus
2783 1911 2994 1965 XXVII.
3019 1909 3344 1966 Elucidatio
3365 1910 3604 1982 capituli
3627 1910 3824 1966 vicesi-

2541 1997 2621 2052 mi
2645 1997 2907 2070 septimi:
2931 1998 3058 2054 Filii
3081 2001 3277 2055 autem
3301 1999 3472 2054 Israel
3495 2000 3822 2056 secundum

2541 2103 2858 2144 numerum
2893 2106 3088 2154 suum,
3114 2088 3406 2160 principes
3437 2087 3821 2144 familiarum.
3867 2090 3966 2144 176

2469 2175 2764 2233 Articulus
2794 2177 3033 2232 XXVIII.
3065 2177 3362 2248 Expositio
3401 2177 3639 2249 capituli
3676 2177 3827 2234 vicc-

2539 2264 2673 2320 simi
2725 2266 2909 2322 octavi
2960 2282 2973 2320 :
3031 2266 3377 2322 Convocavit
3424 2265 3603 2338 igitur
3647 2267 3826 2322 David

2541 2371 2745 2411 omnes
2776 2355 3070 2427 principes
3101 2357 3274 2412 Israel
3331 2396 3819 2410 ......
3866 2358 3964 2412 178

2469 2443 2764 2500 Articulus
2785 2445 2969 2499 XXIX.
3001 2445 3324 2502 Elucidatio
3355 2444 3593 2518 capituli
3624 2445 3824 2502 vicesi-

2541 2532 2624 2587 mi
2655 2532 2795 2588 noni
2825 2537 2883 2590 et
2912 2533 3106 2590 ultimi
3135 2551 3151 2591 :
3182 2535 3546 2606 Locutusque
3585 2538 3675 2591 est
3717 2535 3826 2590 Da·

2539 2622 2638 2678 vid
2666 2639 2769 2680 rex
2799 2624 2875 2680 ad
2909 2641 3146 2680 omnem
3187 2624 3492 2682 ccclesiam
3519 2665 3532 2678 .
3615 2667 3628 2678 .
3711 2667 3725 2680 .
3807 2664 3822 2678 .
3867 2623 3965 2680 182

2675 2855 3027 2900 ΕΝΑΒΒΑΤΙΟ
3072 2854 3134 2900 IN
3179 2855 3494 2902 SECUNDO!
3537 2855 3762 2903 manu!

2951 2953 3484 3000 PARALIPORENON.

2471 3159 2924 3217 Proesatiuncula
2967 3203 3822 3217 ..........
3867 3163 3966 3218 189

2473 3248 2767 3304 Articulus
2813 3249 2853 3303 l.
2905 3248 3230 3305 Elucidatio
3287 3248 3526 3320 capituli
3584 3248 3759 3321 primi
3811 3267 3825 3305 :

2543 3335 2911 3394 Consortatus
2940 3340 3028 3393 est
3055 3353 3193 3410 ergo
3224 3337 3531 3394 Salomon.
3618 3378 3632 3392 .
3713 3380 3728 3393 .
3809 3381 3822 3391 .
3867 3338 3962 3395 191

2472 3424 2768 3482 Articulus
2799 3426 2866 3480 II.
2907 3425 3202 3498 Expositio
3249 3426 3488 3498 capituli
3536 3427 3776 3484 secundi
3811 3445 3824 3482 :

2545 3514 2804 3572 Decrevit
2849 3519 3046 3572 autem
3087 3515 3363 3572 Salomon
3402 3515 3690 3572 aediiicare
3725 3517 3828 3572 do-

2547 3621 2712 3660 mum
2746 3604 2973 3660 nomini
3005 3603 3238 3660 Domini
3335 3646 3822 3661 ......
3869 3607 3967 3660 193

2474 3693 2770 3749 Articulus
2814 3694 2908 3748 111.
2953 3693 3300 3765 Explanatio
3339 3693 3576 3766 capituli
3625 3693 3826 3752 tertii:

2549 3785 2616 3839 Et
2670 3783 2844 3854 coepit
2897 3782 3174 3839 Salomon
3235 3783 3522 3840 aedificare
3581 3785 3826 3840 domum

2547 3871 2780 3928 Domini
2821 3871 2880 3927 in
2919 3872 3238 3928 Jerusalem
3248 3915 3826 3929 .......
3869 3875 3969 3929 195

2477 3962 2772 4018 Articulus
2817 3962 2904 4016 lv.
2945 3961 3290 4033 Explanatio
3321 3961 3558 4033 capituli
3591 3962 3783 4034 quarti
3813 3979 3826 4018 t

2549 4051 2707 4107 Fecit
2737 4067 2964 4123 quoque
2993 4048 3174 4106 altare
3205 4065 3431 4107 aeneum
3441 4094 3824 4108 .....
3871 4053 3969 4106 197

2481 4141 2774 4199 Articulus
2801 4142 2866 4195 V.
2897 4139 3193 4212 Expositio
3221 4140 3457 4212 capituli
3487 4140 3676 4213 quinti
3701 4159 3714 4196 :
3741 4142 3832 4198 ln-

2549 4231 2686 4287 tulit
2713 4230 2892 4304 igitur
2919 4229 3194 4285 Salomon
3217 4229 3418 4286 omnia
3444 4247 3575 4303 quae
3601 4235 3834 4287 voverat

2551 4319 2730 4375 David
2778 4323 2940 4391 pater
2967 4319 3094 4390 ejus
3161 4360 3827 4374 ........
3871 4319 3968 4374 199

2480 4409 2775 4465 Articulus
2821 4409 2908 4463 VI.
2961 4407 3282 4464 Declaratio
3329 4407 3568 4479 capituli
3617 4407 3762 4465 sexti
3815 4425 3830 4464 z

2548 4500 2708 4554 Tunc
2744 4497 3020 4554 Salomon
3061 4496 3142 4552 ait
3177 4513 3191 4552 z
3223 4496 3506 4552 Dominus
3541 4495 3834 4568 pollicitus

2550 4589 2638 4643 est
2666 4589 2730 4643 ut
2753 4585 3044 4643 habitaret
3073 4585 3131 4641 in
3163 4585 3412 4657 caligine
3445 4627 3829 4640 .....
3867 4586 3965 4640 201

2481 4675 2776 4732 Articulus
2804 4675 2920 4730 VII.
2947 4674 3268 4731 Declaratio
3297 4673 3536 4746 capituli
3567 4673 3832 4746 septimi:

2556 4767 2866 4837 Quumque
2899 4763 3248 4836 complesset
3276 4763 3548 4819 Salomon
3581 4761 3834 4820 fundens

2557 4871 2754 4927 preces
2787 4893 3830 4908 ............
3871 4851 3972 4906 204

2485 4942 2779 4999 Articulus
2809 4942 2950 4997 VIII.
2982 4939 3307 4999 Elucidatio
3342 4940 3578 5012 capituli
3610 4940 3836 4997 octavi:

2554 5029 2808 5103 Expletis
2840 5034 3035 5086 autem
3065 5029 3272 5101 viginti
3301 5029 3474 5085 annis
3539 5071 3550 5083 .
3630 5071 3644 5084 .
3727 5072 3740 5084 .
3821 5072 3836 5084 .
3875 5029 3974 5084 206

2485 5120 2782 5178 Articulus
2811 5121 2900 5175 IX.
2931 5117 3226 5192 Expositio
3257 5117 3495 5190 capituli
3527 5117 3666 5174 noni
3695 5119 3838 5174 :Re-

2560 5211 2696 5284 gina
2733 5224 2963 5282 quoque
3007 5207 3177 5274 Saba,
3222 5223 3406 5278 quum
3451 5205 3710 5264 audisset
3754 5206 3839 5263 sa-

2561 5315 2720 5356 mam
2755 5295 3086 5356 Salomonis
3162 5337 3836 5353 ........
3875 5295 3977 5352 208
