<?xml version="1.0" encoding="UTF-8"?>
<!DOCTYPE html PUBLIC "-//W3C//DTD XHTML 1.0 Transitional//EN"
    "http://www.w3.org/TR/xhtml1/DTD/xhtml1-transitional.dtd">
<html xmlns="http://www.w3.org/1999/xhtml" xml:lang="en" lang="en">
 <head>
  <title>
</title>
<meta http-equiv="Content-Type" content="text/html;charset=utf-8" />
  <meta name='ocr-system' content='tesseract 3.04.00' />
  <meta name='ocr-capabilities' content='ocr_page ocr_carea ocr_par ocr_line ocrx_word'/>
</head>
<body>
  <div class='ocr_page' id='page_1' title='image "./doctorisecstati06unkngoog_0279.png"; bbox 0 0 4309 6259; ppageno 0'>
   <div class='ocr_carea' id='block_1_1' title="bbox 97 1090 297 1202">
    <p class='ocr_par' dir='ltr' id='par_1_1' title="bbox 97 1090 297 1202">
     <span class='ocr_line' id='line_1_1' title="bbox 125 1090 296 1138; baseline -0.018 -6"><span class='ocrx_word' id='word_1_1' title='bbox 125 1091 134 1132; x_wconf 91' lang='lat' dir='ltr'>l</span> <span class='ocrx_word' id='word_1_2' title='bbox 151 1090 232 1131; x_wconf 84' lang='lat' dir='ltr'>Cor.</span> <span class='ocrx_word' id='word_1_3' title='bbox 248 1104 296 1138; x_wconf 79' lang='lat' dir='ltr'>nr,</span> 
     </span>
     <span class='ocr_line' id='line_1_2' title="bbox 97 1156 297 1202; baseline 0 -8"><span class='ocrx_word' id='word_1_4' title='bbox 97 1156 297 1202; x_wconf 65' lang='grc' dir='ltr'>ἱόςτιΛόΛΕ).</span> 
     </span>
    </p>
   </div>
   <div class='ocr_carea' id='block_1_2' title="bbox 143 3548 312 3601">
    <p class='ocr_par' dir='ltr' id='par_1_2' title="bbox 143 3548 312 3601">
     <span class='ocr_line' id='line_1_3' title="bbox 143 3548 312 3601; baseline 0.024 -10"><span class='ocrx_word' id='word_1_5' title='bbox 143 3548 312 3601; x_wconf 61' lang='lat' dir='ltr'>flamm.</span> 
     </span>
    </p>
   </div>
   <div class='ocr_carea' id='block_1_3' title="bbox 119 3614 189 3658">
    <p class='ocr_par' dir='ltr' id='par_1_3' title="bbox 119 3614 189 3658">
     <span class='ocr_line' id='line_1_4' title="bbox 119 3614 189 3658; baseline 0.057 -7"><span class='ocrx_word' id='word_1_6' title='bbox 119 3614 146 3658; x_wconf 72' lang='lat'>5.</span> <span class='ocrx_word' id='word_1_7' title='bbox 159 3618 189 3655; x_wconf 70' lang='grc' dir='ltr'>Ε.</span> 
     </span>
    </p>
   </div>
   <div class='ocr_carea' id='block_1_4' title="bbox 147 4424 318 4483">
    <p class='ocr_par' dir='ltr' id='par_1_4' title="bbox 147 4424 318 4483">
     <span class='ocr_line' id='line_1_5' title="bbox 147 4424 318 4483; baseline 0.023 -14"><span class='ocrx_word' id='word_1_8' title='bbox 147 4424 248 4471; x_wconf 64' lang='lat' dir='ltr'>Eud.</span> <span class='ocrx_word' id='word_1_9' title='bbox 259 4444 318 4483; x_wconf 73' lang='grc' dir='ltr'>ιιι,</span> 
     </span>
    </p>
   </div>
   <div class='ocr_carea' id='block_1_5' title="bbox 131 4490 174 4527">
    <p class='ocr_par' dir='ltr' id='par_1_5' title="bbox 131 4490 174 4527">
     <span class='ocr_line' id='line_1_6' title="bbox 131 4490 174 4527; baseline 0.093 -3"><span class='ocrx_word' id='word_1_10' title='bbox 131 4490 174 4527; x_wconf 69' lang='lat' dir='ltr'>tt.</span> 
     </span>
    </p>
   </div>
   <div class='ocr_carea' id='block_1_6' title="bbox 687 500 3052 553">
    <p class='ocr_par' dir='ltr' id='par_1_6' title="bbox 687 500 3052 553">
     <span class='ocr_line' id='line_1_7' title="bbox 687 500 3052 553; baseline -0.002 0"><span class='ocrx_word' id='word_1_11' title='bbox 687 504 1039 553; x_wconf 62' lang='lat' dir='ltr'>marmano</span> <span class='ocrx_word' id='word_1_12' title='bbox 1084 503 1147 548; x_wconf 80' lang='lat' dir='ltr'>IN</span> <span class='ocrx_word' id='word_1_13' title='bbox 1190 503 1327 548; x_wconf 76' lang='lat' dir='ltr'>CAP-</span> <span class='ocrx_word' id='word_1_14' title='bbox 1373 501 1503 548; x_wconf 78' lang='lat' dir='ltr'>XXX</span> <span class='ocrx_word' id='word_1_15' title='bbox 1543 500 1703 549; x_wconf 80' lang='lat' dir='ltr'>Lle</span> <span class='ocrx_word' id='word_1_16' title='bbox 1745 500 1996 546; x_wconf 64' lang='lat' dir='ltr'>summm</span> <span class='ocrx_word' id='word_1_17' title='bbox 2037 502 2569 549; x_wconf 67' lang='lat' dir='ltr'><strong>PAMLIPOMENON.</strong></span> <span class='ocrx_word' id='word_1_18' title='bbox 2611 522 2693 533; x_wconf 92' lang='lat'>—</span> <span class='ocrx_word' id='word_1_19' title='bbox 2733 504 2875 551; x_wconf 73' lang='lat' dir='ltr'>Am.</span> <span class='ocrx_word' id='word_1_20' title='bbox 2924 503 3052 551; x_wconf 77' lang='lat' dir='ltr'>XXX</span> 
     </span>
    </p>
   </div>
   <div class='ocr_carea' id='block_1_7' title="bbox 3292 485 3411 551">
    <p class='ocr_par' dir='ltr' id='par_1_7' title="bbox 3292 485 3411 551">
     <span class='ocr_line' id='line_1_8' title="bbox 3292 485 3411 551; baseline -0.025 0"><span class='ocrx_word' id='word_1_21' title='bbox 3292 485 3411 551; x_wconf 73' lang='lat'>255</span> 
     </span>
    </p>
   </div>
   <div class='ocr_carea' id='block_1_8' title="bbox 321 670 3413 759">
    <p class='ocr_par' dir='ltr' id='par_1_8' title="bbox 321 670 3413 759">
     <span class='ocr_line' id='line_1_9' title="bbox 321 670 3413 759; baseline -0.001 -20"><span class='ocrx_word' id='word_1_22' title='bbox 321 687 386 739; x_wconf 91' lang='lat' dir='ltr'>ut</span> <span class='ocrx_word' id='word_1_23' title='bbox 433 676 638 759; x_wconf 90' lang='lat' dir='ltr'>ipsius</span> <span class='ocrx_word' id='word_1_24' title='bbox 672 675 992 739; x_wconf 84' lang='lat' dir='ltr'>servorem</span> <span class='ocrx_word' id='word_1_25' title='bbox 1035 682 1098 737; x_wconf 93' lang='lat' dir='ltr'>et</span> <span class='ocrx_word' id='word_1_26' title='bbox 1143 674 1374 749; x_wconf 90' lang='lat' dir='ltr'>zelum,</span> <span class='ocrx_word' id='word_1_27' title='bbox 1409 670 1809 753; x_wconf 79' lang='lat' dir='ltr'>diligentiam</span> <span class='ocrx_word' id='word_1_28' title='bbox 1842 671 1890 732; x_wconf 92' lang='lat' dir='ltr'><strong>A</strong></span> <span class='ocrx_word' id='word_1_29' title='bbox 1924 670 2233 752; x_wconf 90' lang='lat' dir='ltr'>templum</span> <span class='ocrx_word' id='word_1_30' title='bbox 2278 680 2429 733; x_wconf 90' lang='lat' dir='ltr'>sunt</span> <span class='ocrx_word' id='word_1_31' title='bbox 2458 672 2732 755; x_wconf 82' lang='lat' dir='ltr'>Spiritus</span> <span class='ocrx_word' id='word_1_32' title='bbox 2778 674 3012 751; x_wconf 83' lang='lat' dir='ltr'><strong>Sancti,</strong></span> <span class='ocrx_word' id='word_1_33' title='bbox 3048 691 3173 736; x_wconf 91' lang='lat' dir='ltr'>non</span> <span class='ocrx_word' id='word_1_34' title='bbox 3220 672 3413 737; x_wconf 79' lang='lat' dir='ltr'>disfe-</span> 
     </span>
    </p>
   </div>
   <div class='ocr_carea' id='block_1_9' title="bbox 323 770 1816 1046">
    <p class='ocr_par' dir='ltr' id='par_1_9' title="bbox 323 770 1816 1046">
     <span class='ocr_line' id='line_1_10' title="bbox 323 770 1814 853; baseline -0.005 -13"><span class='ocrx_word' id='word_1_35' title='bbox 323 785 380 840; x_wconf 86' lang='lat' dir='ltr'>et</span> <span class='ocrx_word' id='word_1_36' title='bbox 410 775 793 839; x_wconf 80' lang='lat' dir='ltr'><strong>fidelitatem</strong></span> <span class='ocrx_word' id='word_1_37' title='bbox 833 782 1181 849; x_wconf 82' lang='lat' dir='ltr'>sectentur,</span> <span class='ocrx_word' id='word_1_38' title='bbox 1213 780 1526 853; x_wconf 86' lang='lat' dir='ltr'>quatenus</span> <span class='ocrx_word' id='word_1_39' title='bbox 1559 788 1674 852; x_wconf 89' lang='lat' dir='ltr'>pro</span> <span class='ocrx_word' id='word_1_40' title='bbox 1703 770 1814 833; x_wconf 93' lang='lat' dir='ltr'>bo-</span> 
     </span>
     <span class='ocr_line' id='line_1_11' title="bbox 323 869 1815 953; baseline -0.004 -16"><span class='ocrx_word' id='word_1_41' title='bbox 323 894 400 938; x_wconf 92' lang='lat' dir='ltr'>no</span> <span class='ocrx_word' id='word_1_42' title='bbox 420 874 769 951; x_wconf 91' lang='lat' dir='ltr'>communi,</span> <span class='ocrx_word' id='word_1_43' title='bbox 793 882 854 937; x_wconf 90' lang='lat' dir='ltr'>et</span> <span class='ocrx_word' id='word_1_44' title='bbox 872 871 1155 953; x_wconf 88' lang='lat' dir='ltr'>generali</span> <span class='ocrx_word' id='word_1_45' title='bbox 1181 869 1631 933; x_wconf 77' lang='lat' dir='ltr'>reformatione</span> <span class='ocrx_word' id='word_1_46' title='bbox 1653 888 1815 931; x_wconf 90' lang='lat' dir='ltr'>sum-</span> 
     </span>
     <span class='ocr_line' id='line_1_12' title="bbox 325 966 1816 1046; baseline -0.006 -11"><span class='ocrx_word' id='word_1_47' title='bbox 325 993 420 1037; x_wconf 87' lang='lat' dir='ltr'>me</span> <span class='ocrx_word' id='word_1_48' title='bbox 461 972 729 1035; x_wconf 87' lang='lat' dir='ltr'>solliciti</span> <span class='ocrx_word' id='word_1_49' title='bbox 777 971 926 1046; x_wconf 90' lang='lat' dir='ltr'>sint,</span> <span class='ocrx_word' id='word_1_50' title='bbox 963 990 1036 1032; x_wconf 91' lang='lat' dir='ltr'>ac</span> <span class='ocrx_word' id='word_1_51' title='bbox 1087 968 1353 1031; x_wconf 89' lang='lat' dir='ltr'>indilate</span> <span class='ocrx_word' id='word_1_52' title='bbox 1385 966 1695 1029; x_wconf 90' lang='lat' dir='ltr'>laborent.</span> <span class='ocrx_word' id='word_1_53' title='bbox 1739 966 1816 1027; x_wconf 91' lang='lat' dir='ltr'>Et</span> 
     </span>
    </p>
   </div>
   <div class='ocr_carea' id='block_1_10' title="bbox 323 1065 1814 1247">
    <p class='ocr_par' dir='ltr' id='par_1_10' title="bbox 323 1065 1814 1247">
     <span class='ocr_line' id='line_1_13' title="bbox 323 1065 1814 1153; baseline -0.007 -18"><span class='ocrx_word' id='word_1_54' title='bbox 323 1072 622 1153; x_wconf 89' lang='lat' dir='ltr'>quoniam</span> <span class='ocrx_word' id='word_1_55' title='bbox 653 1072 834 1152; x_wconf 77' lang='lat' dir='ltr'>juxta</span> <span class='ocrx_word' id='word_1_56' title='bbox 854 1068 1250 1151; x_wconf 84' lang='lat' dir='ltr'>Apostolum,</span> <span class='ocrx_word' id='word_1_57' title='bbox 1277 1085 1407 1129; x_wconf 91' lang='lat' dir='ltr'>non</span> <span class='ocrx_word' id='word_1_58' title='bbox 1439 1065 1646 1127; x_wconf 90' lang='lat' dir='ltr'>solum</span> <span class='ocrx_word' id='word_1_59' title='bbox 1677 1083 1814 1127; x_wconf 89' lang='lat' dir='ltr'>cor-</span> 
     </span>
     <span class='ocr_line' id='line_1_14' title="bbox 325 1166 1814 1247; baseline -0.005 -16"><span class='ocrx_word' id='word_1_60' title='bbox 325 1171 420 1247; x_wconf 88' lang='lat' dir='ltr'>da,</span> <span class='ocrx_word' id='word_1_61' title='bbox 452 1171 561 1234; x_wconf 89' lang='lat' dir='ltr'>sed</span> <span class='ocrx_word' id='word_1_62' title='bbox 597 1170 794 1233; x_wconf 86' lang='lat' dir='ltr'>etiam</span> <span class='ocrx_word' id='word_1_63' title='bbox 844 1166 1133 1231; x_wconf 89' lang='lat' dir='ltr'>membra</span> <span class='ocrx_word' id='word_1_64' title='bbox 1163 1185 1236 1229; x_wconf 88' lang='lat' dir='ltr'>ac</span> <span class='ocrx_word' id='word_1_65' title='bbox 1280 1182 1550 1246; x_wconf 88' lang='lat' dir='ltr'>corpora</span> <span class='ocrx_word' id='word_1_66' title='bbox 1597 1171 1814 1226; x_wconf 87' lang='lat' dir='ltr'>nostra</span> 
     </span>
    </p>
   </div>
   <div class='ocr_carea' id='block_1_11' title="bbox 1923 770 3413 853">
    <p class='ocr_par' dir='ltr' id='par_1_11' title="bbox 1923 770 3413 853">
     <span class='ocr_line' id='line_1_15' title="bbox 1923 770 3413 853; baseline 0.004 -24"><span class='ocrx_word' id='word_1_67' title='bbox 1923 788 2159 845; x_wconf 81' lang='lat' dir='ltr'>ramuS,</span> <span class='ocrx_word' id='word_1_68' title='bbox 2194 788 2311 832; x_wconf 91' lang='lat' dir='ltr'>nec</span> <span class='ocrx_word' id='word_1_69' title='bbox 2342 770 2709 834; x_wconf 87' lang='lat' dir='ltr'>omittamus</span> <span class='ocrx_word' id='word_1_70' title='bbox 2740 773 3085 835; x_wconf 89' lang='lat' dir='ltr'>emundare</span> <span class='ocrx_word' id='word_1_71' title='bbox 3124 790 3239 835; x_wconf 91' lang='lat' dir='ltr'>nos</span> <span class='ocrx_word' id='word_1_72' title='bbox 3280 772 3413 853; x_wconf 91' lang='lat' dir='ltr'>ple-</span> 
     </span>
    </p>
   </div>
   <div class='ocr_carea' id='block_1_12' title="bbox 1923 866 3702 952">
    <p class='ocr_par' dir='ltr' id='par_1_12' title="bbox 1923 866 3702 952">
     <span class='ocr_line' id='line_1_16' title="bbox 1923 866 3702 952; baseline 0.003 -24"><span class='ocrx_word' id='word_1_73' title='bbox 1923 885 2004 929; x_wconf 90' lang='lat' dir='ltr'>ne</span> <span class='ocrx_word' id='word_1_74' title='bbox 2032 866 2112 929; x_wconf 86' lang='lat' dir='ltr'>ab</span> <span class='ocrx_word' id='word_1_75' title='bbox 2143 868 2317 929; x_wconf 89' lang='lat' dir='ltr'>omni</span> <span class='ocrx_word' id='word_1_76' title='bbox 2360 868 2843 950; x_wconf 89' lang='lat' dir='ltr'>inquinamento</span> <span class='ocrx_word' id='word_1_77' title='bbox 2874 870 3083 932; x_wconf 89' lang='lat' dir='ltr'>carnis</span> <span class='ocrx_word' id='word_1_78' title='bbox 3127 878 3191 933; x_wconf 90' lang='lat' dir='ltr'>et</span> <span class='ocrx_word' id='word_1_79' title='bbox 3230 870 3412 952; x_wconf 87' lang='lat' dir='ltr'>spiri·</span> <span class='ocrx_word' id='word_1_80' title='bbox 3459 889 3494 933; x_wconf 88' lang='lat'>11</span> <span class='ocrx_word' id='word_1_81' title='bbox 3515 890 3702 942; x_wconf 57' lang='lat' dir='ltr'>con-sn.</span> 
     </span>
    </p>
   </div>
   <div class='ocr_carea' id='block_1_13' title="bbox 1922 958 3479 1049">
    <p class='ocr_par' dir='ltr' id='par_1_13' title="bbox 1922 958 3479 1049">
     <span class='ocr_line' id='line_1_17' title="bbox 1922 958 3479 1049; baseline 0.004 -23"><span class='ocrx_word' id='word_1_82' title='bbox 1922 973 2046 1042; x_wconf 84' lang='lat' dir='ltr'>tuS,</span> <span class='ocrx_word' id='word_1_83' title='bbox 2079 974 2150 1027; x_wconf 89' lang='lat' dir='ltr'>ut</span> <span class='ocrx_word' id='word_1_84' title='bbox 2182 966 2453 1047; x_wconf 88' lang='lat' dir='ltr'>Spiritus</span> <span class='ocrx_word' id='word_1_85' title='bbox 2488 968 2753 1031; x_wconf 89' lang='lat' dir='ltr'>Sanctus</span> <span class='ocrx_word' id='word_1_86' title='bbox 2796 968 2860 1029; x_wconf 92' lang='lat' dir='ltr'>in</span> <span class='ocrx_word' id='word_1_87' title='bbox 2910 968 3095 1031; x_wconf 90' lang='lat' dir='ltr'>nobis</span> <span class='ocrx_word' id='word_1_88' title='bbox 3136 968 3413 1049; x_wconf 84' lang='lat' dir='ltr'>gratiose</span> <span class='ocrx_word' id='word_1_89' title='bbox 3442 958 3479 997; x_wconf 88' lang='lat'>¹·</span> 
     </span>
    </p>
   </div>
   <div class='ocr_carea' id='block_1_14' title="bbox 1922 1063 3703 1187">
    <p class='ocr_par' dir='ltr' id='par_1_14' title="bbox 1922 1063 3703 1187">
     <span class='ocr_line' id='line_1_18' title="bbox 1922 1063 3703 1187; baseline 0.001 -63"><span class='ocrx_word' id='word_1_90' title='bbox 1922 1063 2211 1127; x_wconf 88' lang='lat' dir='ltr'>habitare</span> <span class='ocrx_word' id='word_1_91' title='bbox 2248 1064 2567 1145; x_wconf 87' lang='lat' dir='ltr'>dignetur,</span> <span class='ocrx_word' id='word_1_92' title='bbox 2604 1074 2666 1129; x_wconf 89' lang='lat' dir='ltr'>et</span> <span class='ocrx_word' id='word_1_93' title='bbox 2707 1066 2953 1131; x_wconf 81' lang='lat' dir='ltr'>deliciae</span> <span class='ocrx_word' id='word_1_94' title='bbox 2983 1066 3093 1129; x_wconf 91' lang='lat' dir='ltr'>Dei</span> <span class='ocrx_word' id='word_1_95' title='bbox 3126 1086 3199 1129; x_wconf 93' lang='lat' dir='ltr'>ac</span> <span class='ocrx_word' id='word_1_96' title='bbox 3230 1067 3414 1130; x_wconf 88' lang='lat' dir='ltr'>Crea-</span> <span class='ocrx_word' id='word_1_97' title='bbox 3440 1083 3703 1187; x_wconf 55' lang='lat' dir='ltr'>afm&#39;vm&#39;</span> 
     </span>
    </p>
   </div>
   <div class='ocr_carea' id='block_1_15' title="bbox 1921 1162 3047 1239">
    <p class='ocr_par' dir='ltr' id='par_1_15' title="bbox 1921 1162 3047 1239">
     <span class='ocr_line' id='line_1_19' title="bbox 1921 1162 3047 1239; baseline 0.002 -16"><span class='ocrx_word' id='word_1_98' title='bbox 1921 1162 2076 1224; x_wconf 91' lang='lat' dir='ltr'>toris</span> <span class='ocrx_word' id='word_1_99' title='bbox 2109 1162 2309 1225; x_wconf 90' lang='lat' dir='ltr'>nostri</span> <span class='ocrx_word' id='word_1_100' title='bbox 2340 1163 2488 1239; x_wconf 89' lang='lat' dir='ltr'>sint,</span> <span class='ocrx_word' id='word_1_101' title='bbox 2523 1182 2661 1227; x_wconf 89' lang='lat' dir='ltr'>esse</span> <span class='ocrx_word' id='word_1_102' title='bbox 2692 1164 3047 1229; x_wconf 90' lang='lat' dir='ltr'>nobiscum.</span> 
     </span>
    </p>
   </div>
   <div class='ocr_carea' id='block_1_16' title="bbox 1391 1591 2354 1679">
    <p class='ocr_par' dir='ltr' id='par_1_16' title="bbox 1391 1591 2354 1679">
     <span class='ocr_line' id='line_1_20' title="bbox 1391 1591 2354 1679; baseline -0.001 -2"><span class='ocrx_word' id='word_1_103' title='bbox 1391 1591 2038 1679; x_wconf 86' lang='lat' dir='ltr'><strong>ARTICULUS</strong></span> <span class='ocrx_word' id='word_1_104' title='bbox 2114 1593 2354 1677; x_wconf 87' lang='lat' dir='ltr'>XXX</span> 
     </span>
    </p>
   </div>
   <div class='ocr_carea' id='block_1_17' title="bbox 411 1865 3315 1923">
    <p class='ocr_par' dir='ltr' id='par_1_17' title="bbox 411 1865 3315 1923">
     <span class='ocr_line' id='line_1_21' title="bbox 411 1865 3315 1923; baseline 0.001 -4"><span class='ocrx_word' id='word_1_105' title='bbox 411 1872 768 1919; x_wconf 66' lang='lat' dir='ltr'>EtucmA&#39;rlo</span> <span class='ocrx_word' id='word_1_106' title='bbox 812 1872 1090 1917; x_wconf 75' lang='lat' dir='ltr'>cAPrrum</span> <span class='ocrx_word' id='word_1_107' title='bbox 1130 1870 1432 1916; x_wconf 74' lang='lat' dir='ltr'>&#39;mici-:suu</span> <span class='ocrx_word' id='word_1_108' title='bbox 1469 1870 1482 1913; x_wconf 91' lang='lat'>:</span> <span class='ocrx_word' id='word_1_109' title='bbox 1527 1867 1691 1913; x_wconf 72' lang='lat' dir='ltr'>nlslT</span> <span class='ocrx_word' id='word_1_110' title='bbox 1733 1865 1968 1919; x_wconf 84' lang='lat' dir='ltr'><strong>QUOQUE</strong></span> <span class='ocrx_word' id='word_1_111' title='bbox 2011 1866 2302 1913; x_wconf 78' lang='lat' dir='ltr'>EZECfflAs</span> <span class='ocrx_word' id='word_1_112' title='bbox 2344 1870 2427 1913; x_wconf 78' lang='lat' dir='ltr'>AD</span> <span class='ocrx_word' id='word_1_113' title='bbox 2470 1869 2681 1915; x_wconf 73' lang='lat' dir='ltr'>oum-:M</span> <span class='ocrx_word' id='word_1_114' title='bbox 2723 1872 2939 1918; x_wconf 75' lang='lat' dir='ltr'>lSRAEt,</span> <span class='ocrx_word' id='word_1_115' title='bbox 2986 1876 3056 1920; x_wconf 76' lang='lat' dir='ltr'>ET</span> <span class='ocrx_word' id='word_1_116' title='bbox 3096 1876 3315 1923; x_wconf 70' lang='lat' dir='ltr'>JUDAM.</span> 
     </span>
    </p>
   </div>
   <div class='ocr_carea' id='block_1_18' title="bbox 458 2144 3415 2235">
    <p class='ocr_par' dir='ltr' id='par_1_18' title="bbox 458 2144 3415 2235">
     <span class='ocr_line' id='line_1_22' title="bbox 458 2144 3415 2235; baseline 0.002 -18"><span class='ocrx_word' id='word_1_117' title='bbox 458 2154 730 2217; x_wconf 83' lang='lat' dir='ltr'><strong>ARRAT</strong></span> <span class='ocrx_word' id='word_1_118' title='bbox 763 2171 1044 2235; x_wconf 83' lang='lat' dir='ltr'>praesens</span> <span class='ocrx_word' id='word_1_119' title='bbox 1081 2149 1454 2233; x_wconf 90' lang='lat' dir='ltr'>capitulum,</span> <span class='ocrx_word' id='word_1_120' title='bbox 1491 2166 1681 2229; x_wconf 87' lang='lat' dir='ltr'>quam</span> <span class='ocrx_word' id='word_1_121' title='bbox 1713 2163 1808 2208; x_wconf 90' lang='lat' dir='ltr'>so·</span> <span class='ocrx_word' id='word_1_122' title='bbox 1853 2144 1900 2205; x_wconf 90' lang='lat' dir='ltr'>B</span> <span class='ocrx_word' id='word_1_123' title='bbox 1927 2144 2455 2228; x_wconf 87' lang='lat' dir='ltr'>impedimentum</span> <span class='ocrx_word' id='word_1_124' title='bbox 2486 2153 2838 2233; x_wconf 85' lang='lat' dir='ltr'>contigerat</span> <span class='ocrx_word' id='word_1_125' title='bbox 2869 2156 3030 2219; x_wconf 83' lang='lat' dir='ltr'>istis.</span> <span class='ocrx_word' id='word_1_126' title='bbox 3064 2158 3240 2222; x_wconf 90' lang='lat' dir='ltr'>Unde</span> <span class='ocrx_word' id='word_1_127' title='bbox 3274 2160 3415 2223; x_wconf 89' lang='lat' dir='ltr'>sub-</span> 
     </span>
    </p>
   </div>
   <div class='ocr_carea' id='block_1_19' title="bbox 332 2248 1817 3311">
    <p class='ocr_par' dir='ltr' id='par_1_19' title="bbox 332 2248 1817 3311">
     <span class='ocr_line' id='line_1_23' title="bbox 479 2248 1810 2327; baseline -0.007 -10"><span class='ocrx_word' id='word_1_128' title='bbox 479 2255 754 2317; x_wconf 89' lang='lat' dir='ltr'>lenniter</span> <span class='ocrx_word' id='word_1_129' title='bbox 785 2273 860 2316; x_wconf 90' lang='lat' dir='ltr'>ac</span> <span class='ocrx_word' id='word_1_130' title='bbox 890 2253 1118 2315; x_wconf 91' lang='lat' dir='ltr'>devote</span> <span class='ocrx_word' id='word_1_131' title='bbox 1149 2269 1256 2313; x_wconf 89' lang='lat' dir='ltr'>rex</span> <span class='ocrx_word' id='word_1_132' title='bbox 1285 2248 1582 2311; x_wconf 87' lang='lat' dir='ltr'>Ezechias</span> <span class='ocrx_word' id='word_1_133' title='bbox 1613 2255 1676 2309; x_wconf 89' lang='lat' dir='ltr'>et</span> <span class='ocrx_word' id='word_1_134' title='bbox 1707 2263 1810 2327; x_wconf 91' lang='lat' dir='ltr'>po-</span> 
     </span>
     <span class='ocr_line' id='line_1_24' title="bbox 332 2347 1813 2435; baseline -0.006 -20"><span class='ocrx_word' id='word_1_135' title='bbox 332 2353 514 2435; x_wconf 88' lang='lat' dir='ltr'>pulus</span> <span class='ocrx_word' id='word_1_136' title='bbox 560 2354 700 2435; x_wconf 87' lang='lat' dir='ltr'>ejus</span> <span class='ocrx_word' id='word_1_137' title='bbox 744 2352 1231 2415; x_wconf 87' lang='lat' dir='ltr'>celebraverunt</span> <span class='ocrx_word' id='word_1_138' title='bbox 1270 2347 1676 2411; x_wconf 84' lang='lat' dir='ltr'>festivitatem</span> <span class='ocrx_word' id='word_1_139' title='bbox 1709 2363 1813 2426; x_wconf 91' lang='lat' dir='ltr'>pa-</span> 
     </span>
     <span class='ocr_line' id='line_1_25' title="bbox 333 2445 1814 2534; baseline -0.008 -21"><span class='ocrx_word' id='word_1_140' title='bbox 333 2452 600 2515; x_wconf 84' lang='lat' dir='ltr'>schalem</span> <span class='ocrx_word' id='word_1_141' title='bbox 633 2452 700 2513; x_wconf 90' lang='lat' dir='ltr'>in</span> <span class='ocrx_word' id='word_1_142' title='bbox 731 2450 940 2534; x_wconf 91' lang='lat' dir='ltr'>primo</span> <span class='ocrx_word' id='word_1_143' title='bbox 985 2449 1083 2511; x_wconf 93' lang='lat' dir='ltr'>sui</span> <span class='ocrx_word' id='word_1_144' title='bbox 1117 2446 1371 2530; x_wconf 91' lang='lat' dir='ltr'>imperii</span> <span class='ocrx_word' id='word_1_145' title='bbox 1400 2463 1591 2509; x_wconf 88' lang='lat' dir='ltr'>anno.</span> <span class='ocrx_word' id='word_1_146' title='bbox 1629 2445 1814 2504; x_wconf 79' lang='lat' dir='ltr'>Misit</span> 
     </span>
     <span class='ocr_line' id='line_1_26' title="bbox 333 2542 1814 2630; baseline -0.005 -18"><span class='ocrx_word' id='word_1_147' title='bbox 333 2571 572 2630; x_wconf 75' lang='lat' dir='ltr'>quoque</span> <span class='ocrx_word' id='word_1_148' title='bbox 617 2551 933 2611; x_wconf 79' lang='lat' dir='ltr'>Ezechias</span> <span class='ocrx_word' id='word_1_149' title='bbox 981 2550 1068 2609; x_wconf 84' lang='lat' dir='ltr'>ad</span> <span class='ocrx_word' id='word_1_150' title='bbox 1122 2568 1372 2607; x_wconf 85' lang='lat' dir='ltr'>omnem</span> <span class='ocrx_word' id='word_1_151' title='bbox 1421 2547 1651 2613; x_wconf 87' lang='lat' dir='ltr'>Israel,</span> <span class='ocrx_word' id='word_1_152' title='bbox 1693 2542 1814 2605; x_wconf 85' lang='lat' dir='ltr'>hoc</span> 
     </span>
     <span class='ocr_line' id='line_1_27' title="bbox 333 2642 1814 2729; baseline -0.006 -18"><span class='ocrx_word' id='word_1_153' title='bbox 333 2657 422 2711; x_wconf 84' lang='lat' dir='ltr'>est</span> <span class='ocrx_word' id='word_1_154' title='bbox 450 2650 529 2711; x_wconf 89' lang='lat' dir='ltr'>ad</span> <span class='ocrx_word' id='word_1_155' title='bbox 559 2668 665 2713; x_wconf 92' lang='lat' dir='ltr'>eos</span> <span class='ocrx_word' id='word_1_156' title='bbox 697 2647 809 2729; x_wconf 88' lang='lat' dir='ltr'>qui</span> <span class='ocrx_word' id='word_1_157' title='bbox 841 2667 918 2711; x_wconf 83' lang='lat' dir='ltr'>ex</span> <span class='ocrx_word' id='word_1_158' title='bbox 949 2649 1166 2710; x_wconf 87' lang='lat' dir='ltr'>decem</span> <span class='ocrx_word' id='word_1_159' title='bbox 1203 2645 1496 2710; x_wconf 89' lang='lat' dir='ltr'>tribubus</span> <span class='ocrx_word' id='word_1_160' title='bbox 1528 2642 1814 2705; x_wconf 90' lang='lat' dir='ltr'>nondum</span> 
     </span>
     <span class='ocr_line' id='line_1_28' title="bbox 335 2742 1814 2829; baseline -0.005 -20"><span class='ocrx_word' id='word_1_161' title='bbox 335 2749 496 2829; x_wconf 88' lang='lat' dir='ltr'>capti</span> <span class='ocrx_word' id='word_1_162' title='bbox 520 2748 544 2810; x_wconf 85' lang='lat' dir='ltr'>f</span> <span class='ocrx_word' id='word_1_163' title='bbox 549 2756 798 2823; x_wconf 88' lang='lat' dir='ltr'>uerunt,</span> <span class='ocrx_word' id='word_1_164' title='bbox 823 2758 882 2809; x_wconf 79' lang='lat' dir='ltr'>et</span> <span class='ocrx_word' id='word_1_165' title='bbox 899 2750 1169 2816; x_wconf 72' lang='lat' dir='ltr'>ludam,</span> <span class='ocrx_word' id='word_1_166' title='bbox 1192 2746 1254 2808; x_wconf 93' lang='lat' dir='ltr'>id</span> <span class='ocrx_word' id='word_1_167' title='bbox 1278 2752 1374 2807; x_wconf 85' lang='lat' dir='ltr'>est</span> <span class='ocrx_word' id='word_1_168' title='bbox 1397 2744 1474 2807; x_wconf 92' lang='lat' dir='ltr'>ad</span> <span class='ocrx_word' id='word_1_169' title='bbox 1506 2742 1814 2825; x_wconf 89' lang='lat' dir='ltr'>populum</span> 
     </span>
     <span class='ocr_line' id='line_1_29' title="bbox 335 2842 1815 2926; baseline -0.005 -20"><span class='ocrx_word' id='word_1_170' title='bbox 335 2847 507 2926; x_wconf 86' lang='lat' dir='ltr'>regni</span> <span class='ocrx_word' id='word_1_171' title='bbox 527 2846 619 2909; x_wconf 89' lang='lat' dir='ltr'>sui</span> <span class='ocrx_word' id='word_1_172' title='bbox 637 2870 654 2920; x_wconf 66' lang='grc' dir='ltr'><strong>ς</strong></span> <span class='ocrx_word' id='word_1_173' title='bbox 675 2848 1055 2924; x_wconf 77' lang='lat' dir='ltr'>scripsitque</span> <span class='ocrx_word' id='word_1_174' title='bbox 1073 2846 1372 2922; x_wconf 76' lang='lat' dir='ltr'>epistolas</span> <span class='ocrx_word' id='word_1_175' title='bbox 1391 2847 1480 2903; x_wconf 80' lang='lat' dir='ltr'>ad</span> <span class='ocrx_word' id='word_1_176' title='bbox 1501 2842 1815 2918; x_wconf 76' lang='lat' dir='ltr'>Ephraim</span> 
     </span>
     <span class='ocr_line' id='line_1_30' title="bbox 335 2939 1814 3023; baseline -0.003 -20"><span class='ocrx_word' id='word_1_177' title='bbox 335 2954 390 3003; x_wconf 80' lang='lat' dir='ltr'>et</span> <span class='ocrx_word' id='word_1_178' title='bbox 415 2949 782 3014; x_wconf 79' lang='lat' dir='ltr'>Manassen,</span> <span class='ocrx_word' id='word_1_179' title='bbox 813 2945 935 3007; x_wconf 87' lang='lat' dir='ltr'>hoe</span> <span class='ocrx_word' id='word_1_180' title='bbox 967 2952 1078 3007; x_wconf 87' lang='lat' dir='ltr'>est.</span> <span class='ocrx_word' id='word_1_181' title='bbox 1101 2944 1180 3006; x_wconf 93' lang='lat' dir='ltr'>ad</span> <span class='ocrx_word' id='word_1_182' title='bbox 1220 2940 1524 3023; x_wconf 84' lang='lat' dir='ltr'>reliquias</span> <span class='ocrx_word' id='word_1_183' title='bbox 1558 2939 1814 3002; x_wconf 91' lang='lat' dir='ltr'>illarum</span> 
     </span>
     <span class='ocr_line' id='line_1_31' title="bbox 337 3036 1816 3119; baseline -0.003 -17"><span class='ocrx_word' id='word_1_184' title='bbox 337 3042 632 3119; x_wconf 88' lang='lat' dir='ltr'>tribuum,</span> <span class='ocrx_word' id='word_1_185' title='bbox 667 3043 798 3105; x_wconf 91' lang='lat' dir='ltr'>imo</span> <span class='ocrx_word' id='word_1_186' title='bbox 847 3050 912 3106; x_wconf 90' lang='lat' dir='ltr'>et</span> <span class='ocrx_word' id='word_1_187' title='bbox 957 3049 1334 3117; x_wconf 89' lang='lat' dir='ltr'>ceterarum,</span> <span class='ocrx_word' id='word_1_188' title='bbox 1387 3046 1457 3101; x_wconf 90' lang='lat' dir='ltr'>ut</span> <span class='ocrx_word' id='word_1_189' title='bbox 1507 3036 1675 3100; x_wconf 82' lang='lat' dir='ltr'>infra</span> <span class='ocrx_word' id='word_1_190' title='bbox 1724 3036 1816 3098; x_wconf 91' lang='lat' dir='ltr'>in-</span> 
     </span>
     <span class='ocr_line' id='line_1_32' title="bbox 339 3136 1814 3218; baseline -0.005 -18"><span class='ocrx_word' id='word_1_191' title='bbox 339 3141 567 3218; x_wconf 89' lang='lat' dir='ltr'>nuitur,</span> <span class='ocrx_word' id='word_1_192' title='bbox 601 3151 674 3202; x_wconf 88' lang='lat' dir='ltr'>ut</span> <span class='ocrx_word' id='word_1_193' title='bbox 701 3143 998 3202; x_wconf 84' lang='lat' dir='ltr'>venirent</span> <span class='ocrx_word' id='word_1_194' title='bbox 1038 3143 1126 3199; x_wconf 87' lang='lat' dir='ltr'>ad</span> <span class='ocrx_word' id='word_1_195' title='bbox 1151 3143 1416 3199; x_wconf 85' lang='lat' dir='ltr'>domum</span> <span class='ocrx_word' id='word_1_196' title='bbox 1445 3137 1712 3198; x_wconf 87' lang='lat' dir='ltr'>Domini</span> <span class='ocrx_word' id='word_1_197' title='bbox 1739 3136 1814 3193; x_wconf 88' lang='lat' dir='ltr'>in</span> 
     </span>
     <span class='ocr_line' id='line_1_33' title="bbox 333 3236 1817 3311; baseline -0.003 -12"><span class='ocrx_word' id='word_1_198' title='bbox 333 3242 699 3311; x_wconf 79' lang='lat' dir='ltr'>Jerusalem,</span> <span class='ocrx_word' id='word_1_199' title='bbox 731 3239 796 3302; x_wconf 92' lang='lat' dir='ltr'>id</span> <span class='ocrx_word' id='word_1_200' title='bbox 827 3247 924 3301; x_wconf 86' lang='lat' dir='ltr'>est</span> <span class='ocrx_word' id='word_1_201' title='bbox 952 3239 1030 3301; x_wconf 90' lang='lat' dir='ltr'>ad</span> <span class='ocrx_word' id='word_1_202' title='bbox 1066 3237 1414 3301; x_wconf 88' lang='lat' dir='ltr'>Jerusalem</span> <span class='ocrx_word' id='word_1_203' title='bbox 1445 3243 1508 3298; x_wconf 90' lang='lat' dir='ltr'>et</span> <span class='ocrx_word' id='word_1_204' title='bbox 1543 3236 1623 3298; x_wconf 85' lang='lat' dir='ltr'>ad</span> <span class='ocrx_word' id='word_1_205' title='bbox 1658 3241 1817 3297; x_wconf 90' lang='lat' dir='ltr'>tcm-</span> 
     </span>
    </p>
   </div>
   <div class='ocr_carea' id='block_1_20' title="bbox 1921 2244 3415 3322">
    <p class='ocr_par' dir='ltr' id='par_1_20' title="bbox 1921 2244 3415 3322">
     <span class='ocr_line' id='line_1_34' title="bbox 1922 2244 3414 2337; baseline 0.009 -32"><span class='ocrx_word' id='word_1_206' title='bbox 1922 2244 2213 2325; x_wconf 83' lang='lat' dir='ltr'>jungitur</span> <span class='ocrx_word' id='word_1_207' title='bbox 2257 2266 2270 2310; x_wconf 90' lang='lat'><strong>:</strong></span> <span class='ocrx_word' id='word_1_208' title='bbox 2322 2252 2469 2311; x_wconf 85' lang='lat' dir='ltr'>Non</span> <span class='ocrx_word' id='word_1_209' title='bbox 2514 2255 2689 2315; x_wconf 78' lang='lat' dir='ltr'>enim</span> <span class='ocrx_word' id='word_1_210' title='bbox 2742 2268 3153 2319; x_wconf 83' lang='lat' dir='ltr'>occurrerant</span> <span class='ocrx_word' id='word_1_211' title='bbox 3200 2260 3414 2337; x_wconf 82' lang='lat' dir='ltr'>facere</span> 
     </span>
     <span class='ocr_line' id='line_1_35' title="bbox 1925 2348 3413 2434; baseline 0.012 -33"><span class='ocrx_word' id='word_1_212' title='bbox 1925 2352 2199 2421; x_wconf 75' lang='lat' dir='ltr'>tempore</span> <span class='ocrx_word' id='word_1_213' title='bbox 2215 2367 2357 2417; x_wconf 83' lang='lat' dir='ltr'>suo,</span> <span class='ocrx_word' id='word_1_214' title='bbox 2378 2348 2497 2411; x_wconf 94' lang='lat' dir='ltr'>hoc</span> <span class='ocrx_word' id='word_1_215' title='bbox 2526 2360 2641 2427; x_wconf 90' lang='lat' dir='ltr'>est,</span> <span class='ocrx_word' id='word_1_216' title='bbox 2667 2352 2960 2434; x_wconf 89' lang='lat' dir='ltr'>dispositi</span> <span class='ocrx_word' id='word_1_217' title='bbox 2994 2374 3120 2417; x_wconf 91' lang='lat' dir='ltr'>non</span> <span class='ocrx_word' id='word_1_218' title='bbox 3154 2354 3413 2419; x_wconf 85' lang='lat' dir='ltr'>fuerunt</span> 
     </span>
     <span class='ocr_line' id='line_1_36' title="bbox 1922 2442 3410 2537; baseline 0.009 -33"><span class='ocrx_word' id='word_1_219' title='bbox 1922 2442 2157 2506; x_wconf 90' lang='lat' dir='ltr'>Pascha</span> <span class='ocrx_word' id='word_1_220' title='bbox 2201 2465 2501 2527; x_wconf 88' lang='lat' dir='ltr'>peragere</span> <span class='ocrx_word' id='word_1_221' title='bbox 2544 2456 2826 2532; x_wconf 90' lang='lat' dir='ltr'>tempore</span> <span class='ocrx_word' id='word_1_222' title='bbox 2872 2452 3410 2537; x_wconf 46' lang='lat' dir='ltr'>determinatofin</span> 
     </span>
     <span class='ocr_line' id='line_1_37' title="bbox 1925 2541 3414 2625; baseline 0.01 -23"><span class='ocrx_word' id='word_1_223' title='bbox 1925 2541 2100 2621; x_wconf 86' lang='lat' dir='ltr'>lege:</span> <span class='ocrx_word' id='word_1_224' title='bbox 2136 2545 2322 2625; x_wconf 82' lang='lat' dir='ltr'>cujus</span> <span class='ocrx_word' id='word_1_225' title='bbox 2364 2548 2582 2610; x_wconf 78' lang='lat' dir='ltr'>multae</span> <span class='ocrx_word' id='word_1_226' title='bbox 2611 2567 2819 2613; x_wconf 85' lang='lat' dir='ltr'>causae</span> <span class='ocrx_word' id='word_1_227' title='bbox 2864 2550 3244 2616; x_wconf 87' lang='lat' dir='ltr'>subduntur.</span> <span class='ocrx_word' id='word_1_228' title='bbox 3278 2554 3414 2617; x_wconf 88' lang='lat' dir='ltr'>Una</span> 
     </span>
     <span class='ocr_line' id='line_1_38' title="bbox 1924 2645 3415 2728; baseline 0.008 -27"><span class='ocrx_word' id='word_1_229' title='bbox 1924 2648 2020 2701; x_wconf 87' lang='lat' dir='ltr'>est</span> <span class='ocrx_word' id='word_1_230' title='bbox 2053 2658 2066 2703; x_wconf 77' lang='lat' dir='ltr'><strong><em>z</em></strong></span> <span class='ocrx_word' id='word_1_231' title='bbox 2101 2645 2261 2720; x_wconf 83' lang='lat' dir='ltr'>quia</span> <span class='ocrx_word' id='word_1_232' title='bbox 2299 2648 2648 2707; x_wconf 80' lang='lat' dir='ltr'>sacerdotes</span> <span class='ocrx_word' id='word_1_233' title='bbox 2694 2650 2812 2727; x_wconf 86' lang='lat' dir='ltr'>qui</span> <span class='ocrx_word' id='word_1_234' title='bbox 2836 2661 3086 2725; x_wconf 82' lang='lat' dir='ltr'>possent</span> <span class='ocrx_word' id='word_1_235' title='bbox 3130 2654 3415 2728; x_wconf 80' lang='lat' dir='ltr'>sufficere</span> 
     </span>
     <span class='ocr_line' id='line_1_39' title="bbox 1923 2738 3414 2826; baseline 0.008 -25"><span class='ocrx_word' id='word_1_236' title='bbox 1923 2740 2001 2801; x_wconf 89' lang='lat' dir='ltr'>ad</span> <span class='ocrx_word' id='word_1_237' title='bbox 2059 2738 2465 2804; x_wconf 85' lang='lat' dir='ltr'>offerendum</span> <span class='ocrx_word' id='word_1_238' title='bbox 2528 2744 2819 2808; x_wconf 89' lang='lat' dir='ltr'>solennia</span> <span class='ocrx_word' id='word_1_239' title='bbox 2866 2748 3206 2826; x_wconf 77' lang='lat' dir='ltr'>sacrificia,</span> <span class='ocrx_word' id='word_1_240' title='bbox 3260 2759 3414 2814; x_wconf 90' lang='lat' dir='ltr'>tunc</span> 
     </span>
     <span class='ocr_line' id='line_1_40' title="bbox 1924 2840 3414 2919; baseline 0.009 -20"><span class='ocrx_word' id='word_1_241' title='bbox 1924 2846 2165 2919; x_wconf 87' lang='lat' dir='ltr'>septem</span> <span class='ocrx_word' id='word_1_242' title='bbox 2212 2840 2437 2903; x_wconf 90' lang='lat' dir='ltr'>diebus</span> <span class='ocrx_word' id='word_1_243' title='bbox 2476 2843 2878 2908; x_wconf 89' lang='lat' dir='ltr'>solennitatis</span> <span class='ocrx_word' id='word_1_244' title='bbox 2920 2846 3092 2910; x_wconf 87' lang='lat' dir='ltr'>illius</span> <span class='ocrx_word' id='word_1_245' title='bbox 3136 2847 3414 2912; x_wconf 82' lang='lat' dir='ltr'>offeren-</span> 
     </span>
     <span class='ocr_line' id='line_1_41' title="bbox 1923 2936 3415 3028; baseline 0.008 -31"><span class='ocrx_word' id='word_1_246' title='bbox 1923 2936 2022 3013; x_wconf 88' lang='lat' dir='ltr'>da,</span> <span class='ocrx_word' id='word_1_247' title='bbox 2049 2946 2241 3019; x_wconf 88' lang='lat' dir='ltr'>atque</span> <span class='ocrx_word' id='word_1_248' title='bbox 2262 2940 2342 3001; x_wconf 89' lang='lat' dir='ltr'>ad</span> <span class='ocrx_word' id='word_1_249' title='bbox 2372 2939 2498 3002; x_wconf 89' lang='lat' dir='ltr'>alia</span> <span class='ocrx_word' id='word_1_250' title='bbox 2529 2949 2678 3005; x_wconf 89' lang='lat' dir='ltr'>tunc</span> <span class='ocrx_word' id='word_1_251' title='bbox 2700 2962 2812 3025; x_wconf 90' lang='lat' dir='ltr'>per</span> <span class='ocrx_word' id='word_1_252' title='bbox 2840 2946 3194 3010; x_wconf 86' lang='lat' dir='ltr'>sacerdotes</span> <span class='ocrx_word' id='word_1_253' title='bbox 3226 2966 3415 3028; x_wconf 84' lang='lat' dir='ltr'>agen-</span> 
     </span>
     <span class='ocr_line' id='line_1_42' title="bbox 1921 3035 3409 3119; baseline 0.009 -23"><span class='ocrx_word' id='word_1_254' title='bbox 1921 3035 2023 3111; x_wconf 88' lang='lat' dir='ltr'>da,</span> <span class='ocrx_word' id='word_1_255' title='bbox 2054 3039 2449 3114; x_wconf 79' lang='lat' dir='ltr'>sanctificati</span> <span class='ocrx_word' id='word_1_256' title='bbox 2483 3060 2614 3101; x_wconf 88' lang='lat' dir='ltr'>non</span> <span class='ocrx_word' id='word_1_257' title='bbox 2640 3043 2935 3119; x_wconf 82' lang='lat' dir='ltr'>fuerant,</span> <span class='ocrx_word' id='word_1_258' title='bbox 2964 3044 3085 3107; x_wconf 91' lang='lat' dir='ltr'>hoc</span> <span class='ocrx_word' id='word_1_259' title='bbox 3121 3054 3217 3108; x_wconf 86' lang='lat' dir='ltr'>est</span> <span class='ocrx_word' id='word_1_260' title='bbox 3257 3048 3409 3110; x_wconf 88' lang='lat' dir='ltr'>satis</span> 
     </span>
     <span class='ocr_line' id='line_1_43' title="bbox 1922 3134 3414 3227; baseline 0.011 -34"><span class='ocrx_word' id='word_1_261' title='bbox 1922 3134 2148 3214; x_wconf 89' lang='lat' dir='ltr'>parati,</span> <span class='ocrx_word' id='word_1_262' title='bbox 2175 3137 2450 3216; x_wconf 87' lang='lat' dir='ltr'>purgati,</span> <span class='ocrx_word' id='word_1_263' title='bbox 2482 3145 2546 3201; x_wconf 88' lang='lat' dir='ltr'>et</span> <span class='ocrx_word' id='word_1_264' title='bbox 2575 3142 2926 3204; x_wconf 88' lang='lat' dir='ltr'>consecrati</span> <span class='ocrx_word' id='word_1_265' title='bbox 2958 3143 3035 3205; x_wconf 90' lang='lat' dir='ltr'>ad</span> <span class='ocrx_word' id='word_1_266' title='bbox 3069 3162 3414 3227; x_wconf 88' lang='lat' dir='ltr'>exsequen-</span> 
     </span>
     <span class='ocr_line' id='line_1_44' title="bbox 1921 3232 3408 3322; baseline 0.009 -29"><span class='ocrx_word' id='word_1_267' title='bbox 1921 3232 2002 3294; x_wconf 86' lang='lat' dir='ltr'>da</span> <span class='ocrx_word' id='word_1_268' title='bbox 2031 3253 2144 3295; x_wconf 89' lang='lat' dir='ltr'>sua</span> <span class='ocrx_word' id='word_1_269' title='bbox 2188 3234 2432 3298; x_wconf 84' lang='lat' dir='ltr'>officia.</span> <span class='ocrx_word' id='word_1_270' title='bbox 2469 3237 2608 3301; x_wconf 90' lang='lat' dir='ltr'>Alia</span> <span class='ocrx_word' id='word_1_271' title='bbox 2646 3258 2837 3302; x_wconf 88' lang='lat' dir='ltr'>causa</span> <span class='ocrx_word' id='word_1_272' title='bbox 2865 3249 2962 3304; x_wconf 89' lang='lat' dir='ltr'>est</span> <span class='ocrx_word' id='word_1_273' title='bbox 2994 3259 3008 3303; x_wconf 91' lang='lat'><strong>:</strong></span> <span class='ocrx_word' id='word_1_274' title='bbox 3040 3252 3099 3301; x_wconf 83' lang='lat' dir='ltr'>et</span> <span class='ocrx_word' id='word_1_275' title='bbox 3124 3249 3408 3322; x_wconf 80' lang='lat' dir='ltr'>populus</span> 
     </span>
    </p>
   </div>
   <div class='ocr_carea' id='block_1_21' title="bbox 337 3332 3407 3417">
    <p class='ocr_par' dir='ltr' id='par_1_21' title="bbox 337 3332 3407 3417">
     <span class='ocr_line' id='line_1_45' title="bbox 337 3332 3407 3417; baseline 0.002 -18"><span class='ocrx_word' id='word_1_276' title='bbox 337 3337 527 3417; x_wconf 87' lang='lat' dir='ltr'>plum,</span> <span class='ocrx_word' id='word_1_277' title='bbox 549 3350 604 3399; x_wconf 86' lang='lat' dir='ltr'>et</span> <span class='ocrx_word' id='word_1_278' title='bbox 631 3342 918 3417; x_wconf 85' lang='lat' dir='ltr'>facerent</span> <span class='ocrx_word' id='word_1_279' title='bbox 946 3341 1163 3399; x_wconf 73' lang='lat' dir='ltr'>Phase</span> <span class='ocrx_word' id='word_1_280' title='bbox 1184 3338 1460 3397; x_wconf 87' lang='lat' dir='ltr'>Domino</span> <span class='ocrx_word' id='word_1_281' title='bbox 1490 3338 1615 3395; x_wconf 87' lang='lat' dir='ltr'>Deo</span> <span class='ocrx_word' id='word_1_282' title='bbox 1643 3337 1816 3396; x_wconf 87' lang='lat' dir='ltr'>Isra-</span> <span class='ocrx_word' id='word_1_283' title='bbox 1850 3332 1893 3395; x_wconf 94' lang='lat' dir='ltr'>C</span> <span class='ocrx_word' id='word_1_284' title='bbox 1923 3336 2213 3395; x_wconf 83' lang='lat' dir='ltr'>nondum</span> <span class='ocrx_word' id='word_1_285' title='bbox 2239 3346 2660 3413; x_wconf 71' lang='lat' dir='ltr'>eonqreyatus</span> <span class='ocrx_word' id='word_1_286' title='bbox 2684 3339 2905 3415; x_wconf 82' lang='lat' dir='ltr'>fuerat</span> <span class='ocrx_word' id='word_1_287' title='bbox 2933 3342 3007 3401; x_wconf 87' lang='lat' dir='ltr'>in</span> <span class='ocrx_word' id='word_1_288' title='bbox 3025 3342 3407 3417; x_wconf 79' lang='lat' dir='ltr'>Jerusalem,</span> 
     </span>
    </p>
   </div>
   <div class='ocr_carea' id='block_1_22' title="bbox 335 3430 1816 4501">
    <p class='ocr_par' dir='ltr' id='par_1_22' title="bbox 335 3430 1816 3696">
     <span class='ocr_line' id='line_1_46' title="bbox 335 3430 1809 3513; baseline -0.001 -18"><span class='ocrx_word' id='word_1_289' title='bbox 335 3440 413 3506; x_wconf 86' lang='lat' dir='ltr'>el,</span> <span class='ocrx_word' id='word_1_290' title='bbox 433 3437 496 3499; x_wconf 94' lang='lat' dir='ltr'>id</span> <span class='ocrx_word' id='word_1_291' title='bbox 523 3445 638 3513; x_wconf 89' lang='lat' dir='ltr'>est,</span> <span class='ocrx_word' id='word_1_292' title='bbox 670 3436 909 3499; x_wconf 91' lang='lat' dir='ltr'>Pascha</span> <span class='ocrx_word' id='word_1_293' title='bbox 939 3454 1154 3499; x_wconf 88' lang='lat' dir='ltr'>secum</span> <span class='ocrx_word' id='word_1_294' title='bbox 1185 3434 1602 3510; x_wconf 88' lang='lat' dir='ltr'>celebrarent,</span> <span class='ocrx_word' id='word_1_295' title='bbox 1636 3430 1809 3513; x_wconf 90' lang='lat' dir='ltr'>quod</span> 
     </span>
     <span class='ocr_line' id='line_1_47' title="bbox 339 3530 1816 3613; baseline -0.003 -18"><span class='ocrx_word' id='word_1_296' title='bbox 339 3542 504 3596; x_wconf 82' lang='lat' dir='ltr'>extra</span> <span class='ocrx_word' id='word_1_297' title='bbox 545 3534 764 3597; x_wconf 90' lang='lat' dir='ltr'>urbem</span> <span class='ocrx_word' id='word_1_298' title='bbox 805 3533 1018 3597; x_wconf 90' lang='lat' dir='ltr'>cultus</span> <span class='ocrx_word' id='word_1_299' title='bbox 1048 3532 1253 3595; x_wconf 89' lang='lat' dir='ltr'>divini</span> <span class='ocrx_word' id='word_1_300' title='bbox 1293 3538 1356 3594; x_wconf 90' lang='lat' dir='ltr'>et</span> <span class='ocrx_word' id='word_1_301' title='bbox 1398 3530 1622 3613; x_wconf 86' lang='lat' dir='ltr'>templi</span> <span class='ocrx_word' id='word_1_302' title='bbox 1655 3530 1816 3592; x_wconf 91' lang='lat' dir='ltr'>cele-</span> 
     </span>
     <span class='ocr_line' id='line_1_48' title="bbox 341 3632 894 3696; baseline 0.002 -3"><span class='ocrx_word' id='word_1_303' title='bbox 341 3632 500 3695; x_wconf 88' lang='lat' dir='ltr'>brari</span> <span class='ocrx_word' id='word_1_304' title='bbox 531 3652 656 3696; x_wconf 87' lang='lat' dir='ltr'>non</span> <span class='ocrx_word' id='word_1_305' title='bbox 688 3632 894 3695; x_wconf 89' lang='lat' dir='ltr'>licuit.</span> 
     </span>
    </p>

    <p class='ocr_par' dir='ltr' id='par_1_23' title="bbox 341 3730 1813 4501">
     <span class='ocr_line' id='line_1_49' title="bbox 411 3730 1810 3810; baseline -0.004 -17"><span class='ocrx_word' id='word_1_306' title='bbox 411 3735 578 3793; x_wconf 79' lang='lat' dir='ltr'>Inito</span> <span class='ocrx_word' id='word_1_307' title='bbox 612 3753 760 3810; x_wconf 74' lang='lat' dir='ltr'>eryo</span> <span class='ocrx_word' id='word_1_308' title='bbox 797 3732 1064 3792; x_wconf 75' lang='lat' dir='ltr'>consilio</span> <span class='ocrx_word' id='word_1_309' title='bbox 1101 3732 1273 3807; x_wconf 71' lang='lat' dir='ltr'>reqis</span> <span class='ocrx_word' id='word_1_310' title='bbox 1307 3738 1364 3789; x_wconf 84' lang='lat' dir='ltr'>et</span> <span class='ocrx_word' id='word_1_311' title='bbox 1400 3730 1810 3807; x_wconf 78' lang='lat' dir='ltr'>principum,</span> 
     </span>
     <span class='ocr_line' id='line_1_50' title="bbox 343 3831 1813 3900; baseline -0.001 -13"><span class='ocrx_word' id='word_1_312' title='bbox 343 3840 398 3889; x_wconf 86' lang='lat' dir='ltr'>et</span> <span class='ocrx_word' id='word_1_313' title='bbox 425 3832 712 3893; x_wconf 78' lang='lat' dir='ltr'>universi</span> <span class='ocrx_word' id='word_1_314' title='bbox 745 3840 941 3893; x_wconf 83' lang='lat' dir='ltr'>coetus</span> <span class='ocrx_word' id='word_1_315' title='bbox 965 3832 1350 3900; x_wconf 83' lang='lat' dir='ltr'>Jerusalem,</span> <span class='ocrx_word' id='word_1_316' title='bbox 1395 3831 1813 3888; x_wconf 85' lang='lat' dir='ltr'>decreverunt</span> 
     </span>
     <span class='ocr_line' id='line_1_51' title="bbox 341 3925 1806 4005; baseline -0.001 -18"><span class='ocrx_word' id='word_1_317' title='bbox 341 3937 405 3987; x_wconf 78' lang='lat' dir='ltr'>ut</span> <span class='ocrx_word' id='word_1_318' title='bbox 429 3931 704 4005; x_wconf 80' lang='lat' dir='ltr'>facerent</span> <span class='ocrx_word' id='word_1_319' title='bbox 727 3931 939 3991; x_wconf 81' lang='lat' dir='ltr'>Phase</span> <span class='ocrx_word' id='word_1_320' title='bbox 967 3948 1178 3987; x_wconf 83' lang='lat' dir='ltr'>mense</span> <span class='ocrx_word' id='word_1_321' title='bbox 1201 3929 1474 3987; x_wconf 82' lang='lat' dir='ltr'>secundo</span> <span class='ocrx_word' id='word_1_322' title='bbox 1497 3945 1519 3985; x_wconf 90' lang='lat'>.·</span> <span class='ocrx_word' id='word_1_323' title='bbox 1541 3925 1661 3987; x_wconf 83' lang='lat' dir='ltr'>hoc</span> <span class='ocrx_word' id='word_1_324' title='bbox 1690 3932 1806 4001; x_wconf 82' lang='lat' dir='ltr'>est,</span> 
     </span>
     <span class='ocr_line' id='line_1_52' title="bbox 341 4024 1813 4108; baseline -0.001 -23"><span class='ocrx_word' id='word_1_325' title='bbox 341 4024 469 4105; x_wconf 89' lang='lat' dir='ltr'>ipse</span> <span class='ocrx_word' id='word_1_326' title='bbox 495 4047 600 4090; x_wconf 83' lang='lat' dir='ltr'>rex</span> <span class='ocrx_word' id='word_1_327' title='bbox 628 4036 693 4090; x_wconf 94' lang='lat' dir='ltr'>et</span> <span class='ocrx_word' id='word_1_328' title='bbox 723 4025 1047 4108; x_wconf 88' lang='lat' dir='ltr'>principes</span> <span class='ocrx_word' id='word_1_329' title='bbox 1077 4044 1151 4087; x_wconf 92' lang='lat' dir='ltr'>ac</span> <span class='ocrx_word' id='word_1_330' title='bbox 1173 4024 1456 4088; x_wconf 89' lang='lat' dir='ltr'>seniores</span> <span class='ocrx_word' id='word_1_331' title='bbox 1487 4031 1550 4087; x_wconf 88' lang='lat' dir='ltr'>et</span> <span class='ocrx_word' id='word_1_332' title='bbox 1573 4030 1813 4105; x_wconf 89' lang='lat' dir='ltr'>patres-</span> 
     </span>
     <span class='ocr_line' id='line_1_53' title="bbox 343 4122 1812 4203; baseline -0.001 -20"><span class='ocrx_word' id='word_1_333' title='bbox 343 4123 598 4189; x_wconf 75' lang='lat' dir='ltr'>familias</span> <span class='ocrx_word' id='word_1_334' title='bbox 653 4122 1026 4200; x_wconf 87' lang='lat' dir='ltr'>Jerusalem,</span> <span class='ocrx_word' id='word_1_335' title='bbox 1080 4122 1401 4186; x_wconf 89' lang='lat' dir='ltr'>celebrato</span> <span class='ocrx_word' id='word_1_336' title='bbox 1451 4140 1641 4203; x_wconf 90' lang='lat' dir='ltr'>super</span> <span class='ocrx_word' id='word_1_337' title='bbox 1690 4122 1812 4183; x_wconf 92' lang='lat' dir='ltr'>hoc</span> 
     </span>
     <span class='ocr_line' id='line_1_54' title="bbox 341 4220 1812 4301; baseline -0.001 -18"><span class='ocrx_word' id='word_1_338' title='bbox 341 4224 612 4301; x_wconf 90' lang='lat' dir='ltr'>concilio,</span> <span class='ocrx_word' id='word_1_339' title='bbox 657 4222 1060 4287; x_wconf 82' lang='lat' dir='ltr'>definierunt</span> <span class='ocrx_word' id='word_1_340' title='bbox 1101 4221 1422 4285; x_wconf 86' lang='lat' dir='ltr'>celebrare</span> <span class='ocrx_word' id='word_1_341' title='bbox 1473 4220 1812 4283; x_wconf 89' lang='lat' dir='ltr'>solennita-</span> 
     </span>
     <span class='ocr_line' id='line_1_55' title="bbox 345 4318 1804 4403; baseline 0.001 -23"><span class='ocrx_word' id='word_1_342' title='bbox 345 4326 459 4381; x_wconf 87' lang='lat' dir='ltr'>tem</span> <span class='ocrx_word' id='word_1_343' title='bbox 489 4322 841 4403; x_wconf 82' lang='lat' dir='ltr'>paschalem</span> <span class='ocrx_word' id='word_1_344' title='bbox 863 4340 1083 4383; x_wconf 88' lang='lat' dir='ltr'>mense</span> <span class='ocrx_word' id='word_1_345' title='bbox 1105 4321 1383 4382; x_wconf 90' lang='lat' dir='ltr'>secundo</span> <span class='ocrx_word' id='word_1_346' title='bbox 1413 4319 1566 4381; x_wconf 90' lang='lat' dir='ltr'>anni</span> <span class='ocrx_word' id='word_1_347' title='bbox 1598 4318 1804 4381; x_wconf 86' lang='lat' dir='ltr'>illius:</span> 
     </span>
     <span class='ocr_line' id='line_1_56' title="bbox 344 4417 1811 4501; baseline 0.002 -24"><span class='ocrx_word' id='word_1_348' title='bbox 344 4420 772 4483; x_wconf 84' lang='lat' dir='ltr'>nonobstante</span> <span class='ocrx_word' id='word_1_349' title='bbox 805 4420 978 4501; x_wconf 88' lang='lat' dir='ltr'>quod</span> <span class='ocrx_word' id='word_1_350' title='bbox 1014 4418 1318 4481; x_wconf 87' lang='lat' dir='ltr'>Dominus</span> <span class='ocrx_word' id='word_1_351' title='bbox 1356 4417 1548 4498; x_wconf 85' lang='lat' dir='ltr'>jussit</span> <span class='ocrx_word' id='word_1_352' title='bbox 1589 4418 1655 4480; x_wconf 91' lang='lat' dir='ltr'>in</span> <span class='ocrx_word' id='word_1_353' title='bbox 1694 4418 1811 4480; x_wconf 85' lang='lat' dir='ltr'>Ex-</span> 
     </span>
    </p>
   </div>
   <div class='ocr_carea' id='block_1_23' title="bbox 1924 3428 3413 3717">
    <p class='ocr_par' dir='ltr' id='par_1_24' title="bbox 1924 3428 3413 3717">
     <span class='ocr_line' id='line_1_57' title="bbox 1927 3428 3409 3508; baseline 0.01 -18"><span class='ocrx_word' id='word_1_354' title='bbox 1927 3428 1988 3491; x_wconf 91' lang='lat' dir='ltr'>id</span> <span class='ocrx_word' id='word_1_355' title='bbox 2037 3438 2153 3508; x_wconf 90' lang='lat' dir='ltr'>est,</span> <span class='ocrx_word' id='word_1_356' title='bbox 2205 3434 2284 3495; x_wconf 91' lang='lat' dir='ltr'>de</span> <span class='ocrx_word' id='word_1_357' title='bbox 2330 3433 2595 3498; x_wconf 89' lang='lat' dir='ltr'>urbibus</span> <span class='ocrx_word' id='word_1_358' title='bbox 2646 3437 2931 3499; x_wconf 91' lang='lat' dir='ltr'>nondum</span> <span class='ocrx_word' id='word_1_359' title='bbox 2979 3441 3282 3503; x_wconf 88' lang='lat' dir='ltr'>convenit</span> <span class='ocrx_word' id='word_1_360' title='bbox 3341 3442 3409 3505; x_wconf 91' lang='lat' dir='ltr'>in</span> 
     </span>
     <span class='ocr_line' id='line_1_58' title="bbox 1925 3528 3413 3621; baseline 0.011 -32"><span class='ocrx_word' id='word_1_361' title='bbox 1925 3528 2128 3610; x_wconf 87' lang='lat' dir='ltr'>ipsam</span> <span class='ocrx_word' id='word_1_362' title='bbox 2163 3531 2339 3611; x_wconf 86' lang='lat' dir='ltr'>regni</span> <span class='ocrx_word' id='word_1_363' title='bbox 2370 3532 2795 3615; x_wconf 89' lang='lat' dir='ltr'>metropolim.</span> <span class='ocrx_word' id='word_1_364' title='bbox 2821 3536 2957 3599; x_wconf 92' lang='lat' dir='ltr'>Non</span> <span class='ocrx_word' id='word_1_365' title='bbox 2988 3538 3162 3601; x_wconf 88' lang='lat' dir='ltr'>enim</span> <span class='ocrx_word' id='word_1_366' title='bbox 3188 3558 3413 3621; x_wconf 88' lang='lat' dir='ltr'>cogno-</span> 
     </span>
     <span class='ocr_line' id='line_1_59' title="bbox 1924 3629 3409 3717; baseline 0.01 -28"><span class='ocrx_word' id='word_1_367' title='bbox 1924 3636 2154 3691; x_wconf 88' lang='lat' dir='ltr'>verunt</span> <span class='ocrx_word' id='word_1_368' title='bbox 2174 3629 2328 3692; x_wconf 89' lang='lat' dir='ltr'>satis</span> <span class='ocrx_word' id='word_1_369' title='bbox 2358 3633 2755 3714; x_wconf 88' lang='lat' dir='ltr'>tempestive,</span> <span class='ocrx_word' id='word_1_370' title='bbox 2782 3636 3089 3717; x_wconf 88' lang='lat' dir='ltr'>templum</span> <span class='ocrx_word' id='word_1_371' title='bbox 3121 3657 3261 3702; x_wconf 89' lang='lat' dir='ltr'>esse</span> <span class='ocrx_word' id='word_1_372' title='bbox 3282 3647 3409 3703; x_wconf 83' lang='lat' dir='ltr'>tam</span> 
     </span>
    </p>
   </div>
   <div class='ocr_carea' id='block_1_24' title="bbox 1923 3732 3407 3887">
    <p class='ocr_par' dir='ltr' id='par_1_25' title="bbox 1923 3732 3407 3887">
     <span class='ocr_line' id='line_1_60' title="bbox 1923 3732 3407 3818; baseline 0.009 -32"><span class='ocrx_word' id='word_1_373' title='bbox 1923 3734 2183 3807; x_wconf 90' lang='lat' dir='ltr'>repente</span> <span class='ocrx_word' id='word_1_374' title='bbox 2213 3738 2573 3809; x_wconf 88' lang='lat' dir='ltr'>purgatum,</span> <span class='ocrx_word' id='word_1_375' title='bbox 2607 3732 2980 3815; x_wconf 88' lang='lat' dir='ltr'>cultumque</span> <span class='ocrx_word' id='word_1_376' title='bbox 3010 3734 3119 3797; x_wconf 89' lang='lat' dir='ltr'>Dei</span> <span class='ocrx_word' id='word_1_377' title='bbox 3151 3754 3407 3818; x_wconf 90' lang='lat' dir='ltr'>recupe-</span> 
     </span>
     <span class='ocr_line' id='line_1_61' title="bbox 1923 3831 2152 3887; baseline 0.013 -3"><span class='ocrx_word' id='word_1_378' title='bbox 1923 3831 2152 3887; x_wconf 87' lang='lat' dir='ltr'>ratum.</span> 
     </span>
    </p>
   </div>
   <div class='ocr_carea' id='block_1_25' title="bbox 1919 3925 3411 4510">
    <p class='ocr_par' dir='ltr' id='par_1_26' title="bbox 1919 3925 3411 4510">
     <span class='ocr_line' id='line_1_62' title="bbox 2001 3925 3409 4006; baseline 0.009 -23"><span class='ocrx_word' id='word_1_379' title='bbox 2001 3925 2389 4004; x_wconf 82' lang='lat' dir='ltr'>Placuitque</span> <span class='ocrx_word' id='word_1_380' title='bbox 2416 3948 2617 3987; x_wconf 86' lang='lat' dir='ltr'>sermo</span> <span class='ocrx_word' id='word_1_381' title='bbox 2647 3932 2789 4006; x_wconf 71' lang='lat' dir='ltr'>reqi</span> <span class='ocrx_word' id='word_1_382' title='bbox 2814 3940 2873 3990; x_wconf 88' lang='lat' dir='ltr'>et</span> <span class='ocrx_word' id='word_1_383' title='bbox 2900 3936 3081 3992; x_wconf 85' lang='lat' dir='ltr'>omni</span> <span class='ocrx_word' id='word_1_384' title='bbox 3118 3937 3409 3995; x_wconf 82' lang='lat' dir='ltr'>multitu—</span> 
     </span>
     <span class='ocr_line' id='line_1_63' title="bbox 1919 4024 3409 4105; baseline 0.009 -23"><span class='ocrx_word' id='word_1_385' title='bbox 1919 4024 2094 4092; x_wconf 86' lang='lat' dir='ltr'>dini,</span> <span class='ocrx_word' id='word_1_386' title='bbox 2137 4042 2351 4085; x_wconf 88' lang='lat' dir='ltr'>secum</span> <span class='ocrx_word' id='word_1_387' title='bbox 2404 4033 2555 4088; x_wconf 88' lang='lat' dir='ltr'>tunc</span> <span class='ocrx_word' id='word_1_388' title='bbox 2604 4028 2973 4105; x_wconf 84' lang='lat' dir='ltr'>exsistenti;</span> <span class='ocrx_word' id='word_1_389' title='bbox 3021 4042 3080 4093; x_wconf 88' lang='lat' dir='ltr'>et</span> <span class='ocrx_word' id='word_1_390' title='bbox 3122 4035 3409 4095; x_wconf 80' lang='lat' dir='ltr'>decreve-</span> 
     </span>
     <span class='ocr_line' id='line_1_64' title="bbox 1919 4124 3409 4194; baseline 0.01 -15"><span class='ocrx_word' id='word_1_391' title='bbox 1919 4130 2101 4191; x_wconf 85' lang='lat' dir='ltr'>runt,</span> <span class='ocrx_word' id='word_1_392' title='bbox 2131 4131 2203 4181; x_wconf 85' lang='lat' dir='ltr'>ut</span> <span class='ocrx_word' id='word_1_393' title='bbox 2246 4124 2571 4185; x_wconf 79' lang='lat' dir='ltr'>mitterent</span> <span class='ocrx_word' id='word_1_394' title='bbox 2600 4129 2863 4187; x_wconf 82' lang='lat' dir='ltr'>nuntios</span> <span class='ocrx_word' id='word_1_395' title='bbox 2900 4132 2989 4190; x_wconf 84' lang='lat' dir='ltr'>ad</span> <span class='ocrx_word' id='word_1_396' title='bbox 3025 4134 3409 4194; x_wconf 82' lang='lat' dir='ltr'>universum</span> 
     </span>
     <span class='ocr_line' id='line_1_65' title="bbox 1921 4222 3409 4314; baseline 0.01 -33"><span class='ocrx_word' id='word_1_397' title='bbox 1921 4222 2124 4281; x_wconf 82' lang='lat' dir='ltr'>Israel</span> <span class='ocrx_word' id='word_1_398' title='bbox 2151 4224 2230 4281; x_wconf 81' lang='lat' dir='ltr'>de</span> <span class='ocrx_word' id='word_1_399' title='bbox 2257 4226 2562 4284; x_wconf 85' lang='lat' dir='ltr'>Bersabee</span> <span class='ocrx_word' id='word_1_400' title='bbox 2588 4246 2787 4303; x_wconf 82' lang='lat' dir='ltr'>usque</span> <span class='ocrx_word' id='word_1_401' title='bbox 2814 4229 2988 4298; x_wconf 87' lang='lat' dir='ltr'>Dan,</span> <span class='ocrx_word' id='word_1_402' title='bbox 3018 4230 3138 4293; x_wconf 84' lang='lat' dir='ltr'>hoc</span> <span class='ocrx_word' id='word_1_403' title='bbox 3170 4238 3267 4295; x_wconf 83' lang='lat' dir='ltr'>est</span> <span class='ocrx_word' id='word_1_404' title='bbox 3295 4252 3409 4314; x_wconf 84' lang='lat' dir='ltr'>pet·</span> 
     </span>
     <span class='ocr_line' id='line_1_66' title="bbox 1919 4322 3411 4401; baseline 0.011 -23"><span class='ocrx_word' id='word_1_405' title='bbox 1919 4325 2110 4379; x_wconf 90' lang='lat' dir='ltr'>totam</span> <span class='ocrx_word' id='word_1_406' title='bbox 2149 4326 2376 4381; x_wconf 90' lang='lat' dir='ltr'>terram</span> <span class='ocrx_word' id='word_1_407' title='bbox 2419 4322 2596 4401; x_wconf 85' lang='lat' dir='ltr'>regni</span> <span class='ocrx_word' id='word_1_408' title='bbox 2628 4322 2839 4401; x_wconf 90' lang='lat' dir='ltr'>Israel,</span> <span class='ocrx_word' id='word_1_409' title='bbox 2891 4326 2971 4387; x_wconf 91' lang='lat' dir='ltr'>ab</span> <span class='ocrx_word' id='word_1_410' title='bbox 3024 4348 3153 4392; x_wconf 90' lang='lat' dir='ltr'>uno</span> <span class='ocrx_word' id='word_1_411' title='bbox 3194 4332 3411 4393; x_wconf 87' lang='lat' dir='ltr'>termi-</span> 
     </span>
     <span class='ocr_line' id='line_1_67' title="bbox 1919 4416 3408 4510; baseline 0.012 -34"><span class='ocrx_word' id='word_1_412' title='bbox 1919 4434 2002 4477; x_wconf 98' lang='lat' dir='ltr'>no</span> <span class='ocrx_word' id='word_1_413' title='bbox 2033 4416 2172 4497; x_wconf 87' lang='lat' dir='ltr'>ejus</span> <span class='ocrx_word' id='word_1_414' title='bbox 2205 4417 2315 4498; x_wconf 92' lang='lat' dir='ltr'>qui</span> <span class='ocrx_word' id='word_1_415' title='bbox 2356 4419 2685 4483; x_wconf 89' lang='lat' dir='ltr'>dicebatur</span> <span class='ocrx_word' id='word_1_416' title='bbox 2715 4423 3041 4504; x_wconf 88' lang='lat' dir='ltr'>Bersabee,</span> <span class='ocrx_word' id='word_1_417' title='bbox 3081 4447 3284 4510; x_wconf 88' lang='lat' dir='ltr'>usque</span> <span class='ocrx_word' id='word_1_418' title='bbox 3328 4432 3408 4494; x_wconf 90' lang='lat' dir='ltr'>ad</span> 
     </span>
    </p>
   </div>
   <div class='ocr_carea' id='block_1_26' title="bbox 4246 88 4253 1449">
    <p class='ocr_par' dir='ltr' id='par_1_27' title="bbox 4246 88 4253 1449">
     <span class='ocr_line' id='line_1_68' title="bbox 4246 88 4253 1449; baseline 0 0"><span class='ocrx_word' id='word_1_419' title='bbox 4246 88 4253 1449; x_wconf 95' lang='lat' dir='ltr'> </span> 
     </span>
    </p>
   </div>
   <div class='ocr_carea' id='block_1_27' title="bbox 131 4514 3407 5384">
    <p class='ocr_par' dir='ltr' id='par_1_28' title="bbox 131 4514 3407 5384">
     <span class='ocr_line' id='line_1_69' title="bbox 343 4514 3407 4599; baseline 0.005 -23"><span class='ocrx_word' id='word_1_420' title='bbox 343 4516 475 4591; x_wconf 90' lang='lat' dir='ltr'>odo,</span> <span class='ocrx_word' id='word_1_421' title='bbox 523 4526 590 4579; x_wconf 86' lang='lat' dir='ltr'>ut</span> <span class='ocrx_word' id='word_1_422' title='bbox 634 4517 978 4581; x_wconf 89' lang='lat' dir='ltr'>celebratio</span> <span class='ocrx_word' id='word_1_423' title='bbox 1030 4516 1142 4577; x_wconf 90' lang='lat' dir='ltr'>illa</span> <span class='ocrx_word' id='word_1_424' title='bbox 1187 4515 1497 4597; x_wconf 90' lang='lat' dir='ltr'>inciperet</span> <span class='ocrx_word' id='word_1_425' title='bbox 1553 4525 1810 4597; x_wconf 87' lang='lat' dir='ltr'>quarta·</span> <span class='ocrx_word' id='word_1_426' title='bbox 1840 4517 1889 4579; x_wconf 92' lang='lat' dir='ltr'>D</span> <span class='ocrx_word' id='word_1_427' title='bbox 1916 4514 2110 4576; x_wconf 86' lang='lat' dir='ltr'>alium</span> <span class='ocrx_word' id='word_1_428' title='bbox 2155 4516 2267 4595; x_wconf 89' lang='lat' dir='ltr'>qui</span> <span class='ocrx_word' id='word_1_429' title='bbox 2316 4517 2523 4581; x_wconf 89' lang='lat' dir='ltr'>dietus</span> <span class='ocrx_word' id='word_1_430' title='bbox 2571 4528 2669 4583; x_wconf 90' lang='lat' dir='ltr'>est</span> <span class='ocrx_word' id='word_1_431' title='bbox 2697 4521 2851 4599; x_wconf 91' lang='lat' dir='ltr'>Dan,</span> <span class='ocrx_word' id='word_1_432' title='bbox 2888 4534 2959 4585; x_wconf 86' lang='lat' dir='ltr'>ut</span> <span class='ocrx_word' id='word_1_433' title='bbox 3005 4530 3299 4591; x_wconf 81' lang='lat' dir='ltr'>venirent</span> <span class='ocrx_word' id='word_1_434' title='bbox 3349 4541 3407 4591; x_wconf 85' lang='lat' dir='ltr'>et</span> 
     </span>
     <span class='ocr_line' id='line_1_70' title="bbox 344 4613 3406 4696; baseline 0.006 -23"><span class='ocrx_word' id='word_1_435' title='bbox 344 4613 570 4677; x_wconf 87' lang='lat' dir='ltr'>decima</span> <span class='ocrx_word' id='word_1_436' title='bbox 610 4616 712 4678; x_wconf 91' lang='lat' dir='ltr'>die</span> <span class='ocrx_word' id='word_1_437' title='bbox 757 4614 1020 4691; x_wconf 90' lang='lat' dir='ltr'>mensis,</span> <span class='ocrx_word' id='word_1_438' title='bbox 1057 4613 1168 4696; x_wconf 91' lang='lat' dir='ltr'>qui</span> <span class='ocrx_word' id='word_1_439' title='bbox 1211 4614 1378 4695; x_wconf 86' lang='lat' dir='ltr'>apud</span> <span class='ocrx_word' id='word_1_440' title='bbox 1415 4613 1662 4677; x_wconf 82' lang='lat' dir='ltr'>Judaeos</span> <span class='ocrx_word' id='word_1_441' title='bbox 1713 4622 1810 4677; x_wconf 92' lang='lat' dir='ltr'>est</span> <span class='ocrx_word' id='word_1_442' title='bbox 1914 4613 2203 4690; x_wconf 83' lang='lat' dir='ltr'>facerent</span> <span class='ocrx_word' id='word_1_443' title='bbox 2228 4618 2439 4676; x_wconf 74' lang='lat' dir='ltr'>Phase</span> <span class='ocrx_word' id='word_1_444' title='bbox 2474 4620 2749 4681; x_wconf 86' lang='lat' dir='ltr'>Domino</span> <span class='ocrx_word' id='word_1_445' title='bbox 2785 4623 2914 4682; x_wconf 88' lang='lat' dir='ltr'>Deo</span> <span class='ocrx_word' id='word_1_446' title='bbox 2957 4627 3165 4687; x_wconf 84' lang='lat' dir='ltr'>Israel</span> <span class='ocrx_word' id='word_1_447' title='bbox 3205 4630 3275 4689; x_wconf 83' lang='lat' dir='ltr'>in</span> <span class='ocrx_word' id='word_1_448' title='bbox 3306 4633 3406 4690; x_wconf 86' lang='lat' dir='ltr'>Je-</span> 
     </span>
     <span class='ocr_line' id='line_1_71' title="bbox 347 4711 1805 4793; baseline 0.003 -22"><span class='ocrx_word' id='word_1_449' title='bbox 347 4712 568 4789; x_wconf 88' lang='lat' dir='ltr'>primus</span> <span class='ocrx_word' id='word_1_450' title='bbox 614 4714 854 4778; x_wconf 89' lang='lat' dir='ltr'>mensis</span> <span class='ocrx_word' id='word_1_451' title='bbox 904 4712 1079 4789; x_wconf 88' lang='lat' dir='ltr'>anni,</span> <span class='ocrx_word' id='word_1_452' title='bbox 1133 4711 1245 4793; x_wconf 89' lang='lat' dir='ltr'>qui</span> <span class='ocrx_word' id='word_1_453' title='bbox 1295 4713 1619 4775; x_wconf 90' lang='lat' dir='ltr'>concurrit</span> <span class='ocrx_word' id='word_1_454' title='bbox 1661 4732 1805 4777; x_wconf 90' lang='lat' dir='ltr'>cum</span> 
     </span>
     <span class='ocr_line' id='line_1_72' title="bbox 347 4811 1810 4894; baseline 0.003 -25"><span class='ocrx_word' id='word_1_455' title='bbox 347 4818 544 4874; x_wconf 87' lang='lat' dir='ltr'>nostro</span> <span class='ocrx_word' id='word_1_456' title='bbox 583 4813 797 4876; x_wconf 84' lang='lat' dir='ltr'>Martio</span> <span class='ocrx_word' id='word_1_457' title='bbox 827 4812 927 4877; x_wconf 88' lang='lat' dir='ltr'>vel</span> <span class='ocrx_word' id='word_1_458' title='bbox 958 4811 1185 4894; x_wconf 86' lang='lat' dir='ltr'>Aprili.</span> <span class='ocrx_word' id='word_1_459' title='bbox 1220 4811 1549 4894; x_wconf 86' lang='lat' dir='ltr'>Siquidem</span> <span class='ocrx_word' id='word_1_460' title='bbox 1591 4812 1658 4875; x_wconf 90' lang='lat' dir='ltr'>in</span> <span class='ocrx_word' id='word_1_461' title='bbox 1689 4813 1810 4876; x_wconf 93' lang='lat' dir='ltr'>Nu-</span> 
     </span>
     <span class='ocr_line' id='line_1_73' title="bbox 156 4908 1811 4993; baseline 0.01 -37"><span class='ocrx_word' id='word_1_462' title='bbox 156 4912 324 4971; x_wconf 70' lang='lat' dir='ltr'>sm..1,</span> <span class='ocrx_word' id='word_1_463' title='bbox 347 4922 640 4971; x_wconf 89' lang='lat' dir='ltr'>merorum</span> <span class='ocrx_word' id='word_1_464' title='bbox 683 4910 848 4972; x_wconf 91' lang='lat' dir='ltr'>libro</span> <span class='ocrx_word' id='word_1_465' title='bbox 879 4910 1182 4973; x_wconf 88' lang='lat' dir='ltr'>Dominus</span> <span class='ocrx_word' id='word_1_466' title='bbox 1210 4908 1424 4991; x_wconf 86' lang='lat' dir='ltr'>jussit,</span> <span class='ocrx_word' id='word_1_467' title='bbox 1459 4918 1529 4971; x_wconf 91' lang='lat' dir='ltr'>ut</span> <span class='ocrx_word' id='word_1_468' title='bbox 1570 4910 1682 4993; x_wconf 87' lang='lat' dir='ltr'>qui</span> <span class='ocrx_word' id='word_1_469' title='bbox 1729 4910 1811 4973; x_wconf 91' lang='lat' dir='ltr'>le-</span> 
     </span>
     <span class='ocr_line' id='line_1_74' title="bbox 131 4978 1807 5090; baseline 0.007 -29"><span class='ocrx_word' id='word_1_470' title='bbox 131 4978 176 5020; x_wconf 76' lang='lat'>¹⁰&#39;</span> <span class='ocrx_word' id='word_1_471' title='bbox 193 4981 240 5021; x_wconf 82' lang='lat'>¹¹·</span> <span class='ocrx_word' id='word_1_472' title='bbox 348 5002 549 5080; x_wconf 81' lang='lat' dir='ltr'>gitime</span> <span class='ocrx_word' id='word_1_473' title='bbox 575 5008 886 5090; x_wconf 89' lang='lat' dir='ltr'>impediti,</span> <span class='ocrx_word' id='word_1_474' title='bbox 911 5026 1040 5070; x_wconf 90' lang='lat' dir='ltr'>non</span> <span class='ocrx_word' id='word_1_475' title='bbox 1061 5015 1357 5089; x_wconf 89' lang='lat' dir='ltr'>poterant</span> <span class='ocrx_word' id='word_1_476' title='bbox 1383 5006 1594 5087; x_wconf 31' lang='lat' dir='ltr'>facere·</span> <span class='ocrx_word' id='word_1_477' title='bbox 1610 5009 1807 5073; x_wconf 90' lang='lat' dir='ltr'>Phase</span> 
     </span>
     <span class='ocr_line' id='line_1_75' title="bbox 351 5099 1808 5187; baseline 0.005 -26"><span class='ocrx_word' id='word_1_478' title='bbox 351 5099 512 5179; x_wconf 74' lang='lat' dir='ltr'>juxta</span> <span class='ocrx_word' id='word_1_479' title='bbox 553 5104 748 5186; x_wconf 80' lang='lat' dir='ltr'>legem</span> <span class='ocrx_word' id='word_1_480' title='bbox 793 5124 1012 5168; x_wconf 88' lang='lat' dir='ltr'>mense</span> <span class='ocrx_word' id='word_1_481' title='bbox 1057 5106 1284 5187; x_wconf 89' lang='lat' dir='ltr'>primo,</span> <span class='ocrx_word' id='word_1_482' title='bbox 1334 5106 1808 5187; x_wconf 88' lang='lat' dir='ltr'>quartadecima</span> 
     </span>
     <span class='ocr_line' id='line_1_76' title="bbox 353 5202 1809 5281; baseline 0.007 -23"><span class='ocrx_word' id='word_1_483' title='bbox 353 5202 568 5263; x_wconf 85' lang='lat' dir='ltr'>mensis</span> <span class='ocrx_word' id='word_1_484' title='bbox 594 5203 764 5267; x_wconf 87' lang='lat' dir='ltr'>illius</span> <span class='ocrx_word' id='word_1_485' title='bbox 795 5205 921 5281; x_wconf 89' lang='lat' dir='ltr'>die,</span> <span class='ocrx_word' id='word_1_486' title='bbox 958 5202 1241 5266; x_wconf 80' lang='lat' dir='ltr'>facerent</span> <span class='ocrx_word' id='word_1_487' title='bbox 1272 5204 1433 5267; x_wconf 90' lang='lat' dir='ltr'>illud</span> <span class='ocrx_word' id='word_1_488' title='bbox 1465 5223 1683 5267; x_wconf 88' lang='lat' dir='ltr'>mense</span> <span class='ocrx_word' id='word_1_489' title='bbox 1714 5224 1809 5268; x_wconf 87' lang='lat' dir='ltr'>se-</span> 
     </span>
     <span class='ocr_line' id='line_1_77' title="bbox 353 5299 1800 5384; baseline 0.009 -27"><span class='ocrx_word' id='word_1_490' title='bbox 353 5299 564 5379; x_wconf 87' lang='lat' dir='ltr'>cundo,</span> <span class='ocrx_word' id='word_1_491' title='bbox 591 5303 1062 5384; x_wconf 85' lang='lat' dir='ltr'>quartadecima</span> <span class='ocrx_word' id='word_1_492' title='bbox 1090 5303 1230 5383; x_wconf 86' lang='lat' dir='ltr'>ejus</span> <span class='ocrx_word' id='word_1_493' title='bbox 1259 5304 1384 5369; x_wconf 88' lang='lat' dir='ltr'>die.</span> <span class='ocrx_word' id='word_1_494' title='bbox 1411 5303 1560 5366; x_wconf 91' lang='lat' dir='ltr'>Tale</span> <span class='ocrx_word' id='word_1_495' title='bbox 1587 5312 1800 5370; x_wconf 87' lang='lat' dir='ltr'>autem</span> 
     </span>
    </p>
   </div>
   <div class='ocr_carea' id='block_1_28' title="bbox 1913 4716 3401 4799">
    <p class='ocr_par' dir='ltr' id='par_1_29' title="bbox 1913 4716 3401 4799">
     <span class='ocr_line' id='line_1_78' title="bbox 1913 4716 3401 4799; baseline 0.012 -28"><span class='ocrx_word' id='word_1_496' title='bbox 1913 4716 2218 4775; x_wconf 82' lang='lat' dir='ltr'>rusalem.</span> <span class='ocrx_word' id='word_1_497' title='bbox 2265 4718 2466 4776; x_wconf 81' lang='lat' dir='ltr'>Multi</span> <span class='ocrx_word' id='word_1_498' title='bbox 2503 4719 2680 4779; x_wconf 85' lang='lat' dir='ltr'>enim</span> <span class='ocrx_word' id='word_1_499' title='bbox 2720 4740 2849 4781; x_wconf 88' lang='lat' dir='ltr'>non</span> <span class='ocrx_word' id='word_1_500' title='bbox 2884 4723 3196 4799; x_wconf 82' lang='lat' dir='ltr'>fecerant,</span> <span class='ocrx_word' id='word_1_501' title='bbox 3235 4729 3401 4789; x_wconf 83' lang='lat' dir='ltr'>sicut</span> 
     </span>
    </p>
   </div>
   <div class='ocr_carea' id='block_1_29' title="bbox 1917 4813 3691 4907">
    <p class='ocr_par' dir='ltr' id='par_1_30' title="bbox 1917 4813 3691 4907">
     <span class='ocr_line' id='line_1_79' title="bbox 1917 4813 3691 4907; baseline 0.014 -37"><span class='ocrx_word' id='word_1_502' title='bbox 1917 4813 1989 4871; x_wconf 88' lang='lat' dir='ltr'>in</span> <span class='ocrx_word' id='word_1_503' title='bbox 2019 4816 2150 4889; x_wconf 74' lang='lat' dir='ltr'>leye</span> <span class='ocrx_word' id='word_1_504' title='bbox 2170 4816 2623 4893; x_wconf 62' lang='lat' dir='ltr'>praescript-um</span> <span class='ocrx_word' id='word_1_505' title='bbox 2661 4828 2775 4887; x_wconf 84' lang='lat' dir='ltr'>est,</span> <span class='ocrx_word' id='word_1_506' title='bbox 2804 4818 3048 4883; x_wconf 86' lang='lat' dir='ltr'>seilicet</span> <span class='ocrx_word' id='word_1_507' title='bbox 3089 4822 3154 4884; x_wconf 89' lang='lat' dir='ltr'>in</span> <span class='ocrx_word' id='word_1_508' title='bbox 3186 4824 3397 4888; x_wconf 88' lang='lat' dir='ltr'>Exodo</span> <span class='ocrx_word' id='word_1_509' title='bbox 3454 4855 3691 4907; x_wconf 48' lang='lat' dir='ltr'>amdan,</span> 
     </span>
    </p>
   </div>
   <div class='ocr_carea' id='block_1_30' title="bbox 1917 4911 3692 5100">
    <p class='ocr_par' dir='ltr' id='par_1_31' title="bbox 1917 4911 3692 5100">
     <span class='ocr_line' id='line_1_80' title="bbox 1917 4911 3692 5026; baseline 0.006 -54"><span class='ocrx_word' id='word_1_510' title='bbox 1917 4918 1980 4972; x_wconf 91' lang='lat' dir='ltr'>et</span> <span class='ocrx_word' id='word_1_511' title='bbox 2009 4911 2163 4973; x_wconf 92' lang='lat' dir='ltr'>alibi</span> <span class='ocrx_word' id='word_1_512' title='bbox 2191 4929 2204 4973; x_wconf 79' lang='lat' dir='ltr'>t</span> <span class='ocrx_word' id='word_1_513' title='bbox 2240 4913 2410 4992; x_wconf 89' lang='lat' dir='ltr'>quod</span> <span class='ocrx_word' id='word_1_514' title='bbox 2442 4913 2685 4977; x_wconf 90' lang='lat' dir='ltr'>scilicet</span> <span class='ocrx_word' id='word_1_515' title='bbox 2713 4916 2888 4978; x_wconf 90' lang='lat' dir='ltr'>omni</span> <span class='ocrx_word' id='word_1_516' title='bbox 2920 4937 3086 4982; x_wconf 90' lang='lat' dir='ltr'>anno</span> <span class='ocrx_word' id='word_1_517' title='bbox 3108 4922 3400 4985; x_wconf 85' lang='lat' dir='ltr'>venirent</span> <span class='ocrx_word' id='word_1_518' title='bbox 3429 4920 3692 5026; x_wconf 41' lang='lat' dir='ltr'>{3³3¹}ss</span> 
     </span>
     <span class='ocr_line' id='line_1_81' title="bbox 1917 5008 3692 5100; baseline 0.008 -29"><span class='ocrx_word' id='word_1_519' title='bbox 1917 5008 1982 5071; x_wconf 92' lang='lat' dir='ltr'>in</span> <span class='ocrx_word' id='word_1_520' title='bbox 2011 5010 2381 5086; x_wconf 85' lang='lat' dir='ltr'>Jerusalem,</span> <span class='ocrx_word' id='word_1_521' title='bbox 2420 5013 2770 5093; x_wconf 80' lang='lat' dir='ltr'>praesertim</span> <span class='ocrx_word' id='word_1_522' title='bbox 2799 5014 2865 5075; x_wconf 85' lang='lat' dir='ltr'>in</span> <span class='ocrx_word' id='word_1_523' title='bbox 2899 5014 3061 5079; x_wconf 80' lang='lat' dir='ltr'>festo</span> <span class='ocrx_word' id='word_1_524' title='bbox 3090 5021 3395 5100; x_wconf 87' lang='lat' dir='ltr'>paschali,</span> <span class='ocrx_word' id='word_1_525' title='bbox 3428 5013 3541 5093; x_wconf 64' lang='lat' dir='ltr'>xxi...</span> <span class='ocrx_word' id='word_1_526' title='bbox 3563 5014 3613 5095; x_wconf 79' lang='lat'>&#39;5,</span> <span class='ocrx_word' id='word_1_527' title='bbox 3641 5014 3692 5097; x_wconf 68' lang='lat' dir='ltr'>o}</span> 
     </span>
    </p>
   </div>
   <div class='ocr_carea' id='block_1_31' title="bbox 1915 5105 3701 5291">
    <p class='ocr_par' dir='ltr' id='par_1_32' title="bbox 1915 5105 3701 5291">
     <span class='ocr_line' id='line_1_82' title="bbox 1916 5105 3701 5218; baseline 0.003 -49"><span class='ocrx_word' id='word_1_528' title='bbox 1916 5109 1983 5170; x_wconf 91' lang='lat' dir='ltr'>in</span> <span class='ocrx_word' id='word_1_529' title='bbox 2031 5109 2398 5171; x_wconf 88' lang='lat' dir='ltr'>Pentecoste</span> <span class='ocrx_word' id='word_1_530' title='bbox 2439 5129 2716 5192; x_wconf 87' lang='lat' dir='ltr'>quoque,</span> <span class='ocrx_word' id='word_1_531' title='bbox 2750 5121 2814 5173; x_wconf 90' lang='lat' dir='ltr'>et</span> <span class='ocrx_word' id='word_1_532' title='bbox 2854 5113 2918 5174; x_wconf 92' lang='lat' dir='ltr'>in</span> <span class='ocrx_word' id='word_1_533' title='bbox 2965 5114 3127 5178; x_wconf 88' lang='lat' dir='ltr'>festo</span> <span class='ocrx_word' id='word_1_534' title='bbox 3171 5117 3401 5181; x_wconf 84' lang='lat' dir='ltr'>Taber-</span> <span class='ocrx_word' id='word_1_535' title='bbox 3427 5105 3701 5218; x_wconf 52' lang='grc' dir='ltr'>ᾖξ’ἷξῗθῖἶ·</span> 
     </span>
     <span class='ocr_line' id='line_1_83' title="bbox 1915 5200 3601 5291; baseline 0.002 -23"><span class='ocrx_word' id='word_1_536' title='bbox 1915 5207 2286 5268; x_wconf 91' lang='lat' dir='ltr'>naculorum</span> <span class='ocrx_word' id='word_1_537' title='bbox 2315 5231 2329 5281; x_wconf 81' lang='lat'><em>3</em></span> <span class='ocrx_word' id='word_1_538' title='bbox 2363 5207 2488 5269; x_wconf 89' lang='lat' dir='ltr'>nisi</span> <span class='ocrx_word' id='word_1_539' title='bbox 2520 5208 2683 5270; x_wconf 77' lang='lat' dir='ltr'>sorte</span> <span class='ocrx_word' id='word_1_540' title='bbox 2724 5210 3200 5291; x_wconf 89' lang='lat' dir='ltr'>dispensaretur</span> <span class='ocrx_word' id='word_1_541' title='bbox 3252 5236 3397 5280; x_wconf 88' lang='lat' dir='ltr'>cum</span> <span class='ocrx_word' id='word_1_542' title='bbox 3427 5200 3601 5281; x_wconf 75' lang='lat' dir='ltr'>1v1.1&#39;o.</span> 
     </span>
    </p>
   </div>
   <div class='ocr_carea' id='block_1_32' title="bbox 1914 5304 3401 5385">
    <p class='ocr_par' dir='ltr' id='par_1_33' title="bbox 1914 5304 3401 5385">
     <span class='ocr_line' id='line_1_84' title="bbox 1914 5304 3401 5385; baseline 0.008 -19"><span class='ocrx_word' id='word_1_543' title='bbox 1914 5304 2029 5380; x_wconf 79' lang='lat' dir='ltr'>eiS,</span> <span class='ocrx_word' id='word_1_544' title='bbox 2062 5304 2145 5366; x_wconf 93' lang='lat' dir='ltr'>ob</span> <span class='ocrx_word' id='word_1_545' title='bbox 2192 5304 2655 5384; x_wconf 87' lang='lat' dir='ltr'>longitudinem</span> <span class='ocrx_word' id='word_1_546' title='bbox 2704 5306 2845 5385; x_wconf 82' lang='lat' dir='ltr'>viae,</span> <span class='ocrx_word' id='word_1_547' title='bbox 2883 5310 2962 5372; x_wconf 90' lang='lat' dir='ltr'>de</span> <span class='ocrx_word' id='word_1_548' title='bbox 3006 5312 3282 5375; x_wconf 90' lang='lat' dir='ltr'>adventu</span> <span class='ocrx_word' id='word_1_549' title='bbox 3330 5316 3401 5379; x_wconf 92' lang='lat' dir='ltr'>in</span> 
     </span>
    </p>
   </div>
  </div>
 </body>
</html>
