4309 6259
564 1481 725 1524 Iouna.
742 1494 813 1533 ιιι,

551 1546 699 1588 27-29.

554 3156 686 3201 Cant.
700 3157 815 3208 mu.

842 489 961 552 690

1630 507 1975 554 munuum
2019 507 2079 551 IN
2124 507 2261 552 GAP.
2297 505 2511 552 XXXVII
2545 505 2671 551 JOB.
2719 525 2800 534 —
2839 506 2981 552 Am.
3029 505 3144 550 LXV

841 677 1018 739 narie
1044 675 1225 752 facta,
1248 678 1699 740 manuducitur
1725 678 1917 741 homo
1946 678 2013 741 in
2044 697 2330 742 reveren·
2363 677 2411 738 A
2441 686 2503 738 et
2545 677 2806 758 spargit.
2841 677 3080 738 Rursus
3129 674 3344 736 lumen
3386 673 3506 736 hoc
3545 671 3652 733 Dei
3687 678 3786 732 est
3821 669 3932 730 do-

842 773 993 836 tiam
1044 775 1176 836 Dei.
1231 776 1387 838 Hinc
1434 775 1703 837 Thomas
1750 775 2037 838 affirmat
2089 793 2102 837 :
2157 775 2332 838 Sicut

842 891 957 955 per
984 872 1296 938 visionem
1328 873 1488 936 lucis
1520 874 1891 956 corporaliS,
1924 875 2114 938 homo
2154 875 2335 936 redu-

842 970 1011 1034 citur
1040 971 1105 1032 in
1135 972 1567 1051 cognitionem
1588 981 1651 1034 et
1675 973 2208 1054 exspectationem
2235 991 2336 1034 cu-

841 1069 1094 1149 jusdam
1142 1069 1389 1132 altioris
1449 1070 1931 1151 spiritualisque
1977 1070 2190 1144 lucis3
2246 1070 2335 1130 ita

844 1185 957 1248 per
984 1169 1271 1230 auditum
1303 1167 1729 1249 corporalium
1772 1187 2073 1231 sonorum
2113 1168 2335 1230 divina

844 1265 1080 1330 virtute
1139 1265 1577 1342 formatorum,
1636 1266 1827 1330 homo
1882 1266 2334 1329 manuducitur

843 1365 922 1425 ad
964 1365 1345 1427 audiendam
1384 1364 1781 1445 spiritualem
1813 1365 1918 1427 Dei
1948 1365 2328 1428 doctrinam.

845 1463 1081 1526 Idcirco
1120 1464 1391 1526 Ioannes
1437 1463 1547 1539 ait,
1582 1465 1749 1545 quod
1791 1464 2040 1527 Christo
2084 1464 2332 1526 Patrem

843 1571 1085 1639 orante,
1117 1561 1315 1637 Pater,
1350 1561 1635 1624 clarifica
1666 1561 1897 1623 Filium
1928 1570 2131 1638 tuum,
2157 1561 2333 1624 venit

842 1679 961 1724 vox
1002 1660 1081 1722 de
1125 1660 1289 1723 coelo
1322 1677 1336 1720 ε
1372 1679 1563 1740 quam
1612 1660 1878 1722 audiens
1928 1659 2135 1736 turha,
2173 1659 2333 1721 dixit

840 1757 1191 1820 tonitruum
1224 1757 1457 1820 factum
1490 1777 1671 1832 esse3
1714 1758 1825 1820 alii
1854 1757 2176 1834 dicebant,
2214 1758 2333 1819 An-

834 1855 1015 1935 gelus
1054 1856 1113 1919 ei
1152 1857 1405 1919 locutus
1446 1864 1563 1918 est.

917 1957 1001 2016 E't
1018 1975 1245 2016 sonum
1266 1959 1345 2014 de
1363 1975 1470 2014 ore
1490 1957 1676 2015 illius
1697 1959 2158 2032 procedentem.
2180 1954 2325 2030 Hoc,

835 2054 1187 2115 secundum
1208 2053 1537 2130 Thomam,
1557 2053 1941 2134 expositorie
1962 2053 2238 2128 additur,
2260 2061 2332 2115 ut

837 2150 921 2212 sit
948 2150 1308 2231 explanatio
1344 2150 1525 2214 verbi
1553 2150 1998 2232 praecedentiS,
2030 2150 2333 2214 videlicet

836 2247 1007 2328 quod
1055 2248 1246 2310 homo
1294 2249 1509 2310 audiet
1562 2248 1626 2309 in
1676 2256 1939 2324 terrore,
1976 2256 2044 2309 ut
2087 2248 2330 2310 dictum

835 2353 953 2422 est,
989 2364 1217 2409 sonum
1260 2346 1339 2408 de
1382 2365 1491 2409 ore
1535 2346 1643 2408 Dei
1692 2355 2077 2422 manantem,
2124 2346 2187 2408 id
2235 2354 2332 2408 est

837 2443 1192 2505 doctrinam
1235 2443 1563 2526 sapientiae
1607 2444 1715 2506 Dei
1761 2462 1838 2505 ex
1880 2443 2101 2507 divino
2146 2443 2334 2506 intel-

840 2541 1008 2604 lectu
1038 2551 1342 2618 exortam,
1387 2561 1579 2623 quam
1614 2541 2016 2604 infundendo
2046 2543 2210 2604 Deus
2245 2542 2335 2604 lo-

843 2639 1063 2720 quitur
1092 2640 1442 2702 menti.Vel
1468 2658 1663 2703 sonus
1694 2639 1811 2701 iste
1842 2640 2216 2721 spiritualiS,
2238 2649 2332 2702 est

843 2737 1095 2801 interna
1140 2738 1477 2802 concussio
1525 2757 1650 2818 qua
1690 2739 1852 2800 Deus
1894 2739 2175 2801 animam
2219 2757 2332 2802 suo

843 2844 1058 2900 movet
1086 2836 1497 2916 concutitque
1530 2837 1778 2898 timore.
1804 2836 1963 2899 Hinc
1993 2837 2083 2898 ait
2108 2837 2336 2916 Grego-

842 2934 977 2996 rius
1013 2951 1027 2996 :
1058 2934 1261 2997 Sonus
1291 2934 1369 2995 de
1403 2932 1511 2995 Dei
1542 2951 1672 3009 ore,
1704 2942 1802 2995 est
1840 2934 1936 2996 vis
1976 2935 2226 2998 timoris
2256 2935 2334 2997 de

2441 775 2645 838 ctrina
2691 774 2850 855 legis
2899 775 3153 849 divinae,
3209 790 3402 853 quam
3452 768 3698 834 cunctis
3749 777 3934 828 terrae

2443 873 2906 936 habitatoribus
2948 870 3470 934 communicavit.

2523 975 2676 1034 Post
2703 993 2850 1031 eum
2891 973 3104 1047 ruyt‘et
3139 973 3388 1030 sonitus
3417 990 3440 1027 .·
3471 967 3533 1029 id
3577 975 3696 1041 est,
3741 965 3936 1046 impe-

2445 1069 2633 1146 rium,
2660 1069 3070 1131 influentiam
3099 1086 3208 1131 seu
3243 1066 3548 1130 effectum
3581 1064 3692 1128 Dei
3721 1082 3938 1126 conse—

2443 1178 2676 1249 quetur
2721 1169 3112 1250 quicumque
3154 1165 3402 1230 sonitus
3441 1182 3708 1244 magnus
3746 1181 3782 1224 a
3811 1164 3936 1224 Deo

2445 1267 2814 1348 imperatuS,
2851 1266 3016 1328 sicut
3041 1265 3417 1338 tonitruum,
3453 1263 3690 1344 aliique
3729 1261 3937 1340 frago-

2445 1384 2567 1440 reS‚
2589 1372 2654 1427 et
2682 1365 2880 1440 venti,
2905 1372 2970 1426 et
2998 1372 3207 1426 motus
3243 1361 3684 1424 obedientium
3712 1359 3936 1422 divino

2444 1463 2713 1543 imperio
2751 1470 3206 1524 creaturarum.
3242 1460 3308 1522 In
3347 1457 3715 1523 hominibus
3755 1475 3930 1534 vere,

2442 1569 2586 1642 post
2607 1560 2713 1622 Dei
2746 1559 3304 1634 illuminationem,
3327 1556 3656 1636 consurgit
3685 1556 3934 1636 rugitus

2443 1658 2913 1722 lamentationis
2944 1677 3059 1739 pro
3091 1657 3368 1739 propriis
3396 1655 3626 1737 culpiS‚
3663 1663 3726 1716 et
3765 1655 3935 1717 soni-

2445 1765 2543 1818 tus
2575 1757 2784 1820 laudis
2814 1757 3050 1820 divinae
3079 1775 3195 1838 pro
3227 1756 3366 1836 ejus
3409 1754 3692 1817 bonitate
3723 1773 3798 1816 ac
3825 1753 3936 1816 do-

2367 1855 2414 1917 B
2444 1854 2566 1917 nis·
2589 1857 2859 1916 Tonabit
2888 1875 3032 1915 voce
3063 1855 3542 1931 maynitudinis
3568 1851 3809 1921 suoe,id
3841 1859 3936 1914 est

2443 1971 2596 2016 voce
2626 1972 2662 2014 a
2695 1972 2808 2014 sua
2839 1953 3170 2033 majestate
3201 1959 3480 2026 causata,
3499 1968 3810 2031 suamque
3839 1968 3940 2011 ex-

2441 2049 2806 2112 cellentiam
2854 2050 3264 2112 condecente.
3316 2048 3432 2111 Per
3478 2067 3665 2130 quam
3717 2065 3936 2110 vocem

2441 2149 2704 2230 quidam
2732 2147 3103 2228 intelligunt
3143 2147 3538 2225 tonitruum3
3581 2146 3715 2222 alii,
3752 2145 3941 2228 spiri-

2443 2247 2680 2309 tualem
2707 2265 2952 2323 vocem,
2977 2264 3121 2326 quae
3151 2253 3247 2308 est
3277 2245 3339 2306 in
3351 2245 3492 2306 fusa
3519 2245 3812 2307 doctrina
3843 2263 3941 2304 sa-

2443 2344 2700 2425 pientiae
2728 2343 2838 2406 Dei
2869 2342 3044 2404 illam
3077 2343 3396 2405 donantiS.
3418 2343 3723 2423 Denique,
3757 2343 3935 2423 juxta

2441 2442 2835 2522 Gregorium,
2872 2450 3048 2506 tonat
3078 2442 3240 2504 Deus
3280 2459 3434 2505 voce
3473 2439 3933 2520 magnitudinis

2443 2559 2592 2618 suae,
2637 2561 2837 2622 quum
2885 2540 3069 2602 nobis
3117 2540 3512 2620 maJestatem
3556 2559 3736 2601 suam
3781 2539 3934 2600 insi-

2444 2647 2617 2715 nuat,
2652 2648 2716 2702 et
2744 2657 2936 2720 quam
2976 2655 3245 2716 magnus
3277 2638 3358 2699 sit
3389 2637 3526 2719 ipse
3555 2637 3621 2698 in
3651 2637 3931 2699 coelesti-

2444 2738 2562 2799 bus
2593 2738 2831 2819 pandit.
2849 2737 3092 2816 Sicque,
3113 2745 3330 2798 tonare
3353 2735 3480 2812 Dei,
3496 2744 3591 2798 est
3623 2736 3824 2799 menti
3853 2737 3929 2798 ad

2446 2837 2610 2898 intra
2653 2833 3000 2914 magnifice
3045 2835 3244 2915 loqui,
3281 2833 3724 2914 magnaliaque
3753 2853 3934 2897 mon-

2445 2943 2662 2996 strare.
2677 2937 2763 2995 Ec
2786 2954 2914 2995 non
2937 2935 3458 3009 investiyabitur,
3479 2953 3680 3012 quum
3699 2935 3935 2994 audita

842 3051 1117 3115 superna
1150 3034 1394 3094 irruens
1424 3033 1877 3114 adspiratione.
1898 3034 1981 3096 De
2011 3035 2336 3115 hujusmo-
2369 3040 2414 3103 C
2444 3034 2648 3113 fuerit
2677 3053 2802 3092 vox
2818 3033 2958 3108 ejus
2979 3031 3085 3092 :id
3116 3039 3226 3106 est,
3246 3029 3369 3112 ipsi
3402 3030 3636 3111 quibus
3665 3032 3828 3093 Deus
3857 3031 3936 3092 ad

845 3132 909 3193 di
940 3149 1095 3194 sono
1128 3129 1369 3211 Sponsa
1403 3130 1466 3191 in
1499 3130 1773 3194 Canticis
1808 3148 1822 3192 :
1858 3132 2071 3209 Sonet,
2095 3133 2328 3214 inquit,

844 3238 965 3294 vo‘x
1005 3238 1111 3291 tua
1149 3229 1213 3290 in
1254 3229 1517 3291 auribus
1556 3229 1739 3291 meis,

924 3331 1137 3405 Super
1174 3347 1388 3388 omnes
1424 3333 1606 3388 coelos
1644 3331 1779 3405 ipse
1818 3331 2184 3390 considerat
2213 3347 2237 3389 .·
2269 3330 2332 3392 id

844 3434 960 3502 est,
1001 3426 1161 3488 Deus
1202 3426 1497 3489 omnibus
1535 3425 1883 3507 praesidens
1922 3427 2103 3490 coelis
2143 3436 2209 3490 et
2243 3428 2335 3489 al-

845 3523 968 3587 tior
988 3524 1103 3599 eiS‚
1123 3523 1407 3586 omnium
1441 3525 1841 3604 superiorum
1864 3524 2332 3606 providentiam

844 3621 1057 3698 habet,
1090 3630 1298 3684 motus
1340 3630 1404 3684 et
1444 3631 1622 3684 actus
1668 3623 1975 3684 coelorum
2020 3623 2328 3705 disponit,

844 3739 957 3801 per
984 3739 1147 3801 quos
1176 3729 1241 3782 et
1268 3719 1685 3783 inferioribus
1715 3719 1957 3782 influit.
1983 3721 2084 3783 Sic
2113 3722 2335 3784 Alber-

842 3827 943 3882 tus
974 3827 1037 3882 et
1068 3819 1339 3881 Thomas
1381 3818 1654 3881 litteram
1698 3819 1938 3900 legunt.
1971 3820 2162 3882 Porro
2191 3821 2335 3884 Gre-

841 3917 1057 3998 gorius
1104 3917 1257 3996 legit
1308 3935 1321 3977 :
1370 3916 1597 3979 Subter
1643 3934 1863 3979 omnes
1913 3918 2130 3995 coeloS,
2164 3929 2330 3994 etc.;

845 4023 916 4077 ut
956 4015 1039 4076 sit
1080 4016 1530 4096 sensu3,q110d
1574 4015 1735 4077 Deus
1780 4017 1971 4078 etiam
2024 4015 2335 4080 inferiora

842 4113 962 4175 sub
1001 4112 1163 4176 coelo
1200 4120 1498 4175 contenta
1535 4113 1808 4188 ordinat,
1844 4115 2193 4192 cognoscit,
2227 4134 2336 4196 gu·

2448 3132 2612 3192 intra
2641 3129 2946 3211 loquitur,
2980 3147 3141 3210 quos
3173 3128 3324 3190 item
3362 3128 3706 3206 illuminat,
3741 3130 3936 3192 verba

2446 3228 2774 3310 sapientiae
2821 3227 2944 3289 sibi
3003 3226 3218 3289 infusa
3273 3225 3556 3309 perfecte
3603 3237 3938 3309 penetrare

2447 3346 2574 3390 non
2613 3335 2931 3408 poterunt,
2968 3343 3083 3388 nec
3121 3345 3378 3388 sensum
3423 3325 3762 3388 verborum
3809 3326 3938 3408 ple-

2447 3426 2623 3488 narie
2671 3424 2946 3506 capient.
2980 3423 3093 3486 Vel
3137 3443 3363 3486 sensus
3403 3430 3520 3500 est,
3553 3425 3725 3504 quod
3756 3443 3938 3487 mens

2445 3523 2722 3585 humana
2766 3523 2960 3585 Deum
3007 3531 3326 3584 tonantem
3376 3522 3761 3603 investigare
3796 3541 3940 3604 per-

2449 3621 2614 3684 fecte
2645 3640 2773 3682 non
2809 3629 3021 3700 queat,
3054 3620 3246 3682 etiam
3287 3639 3486 3701 quum
3527 3639 3750 3685 vocem
3797 3622 3936 3702 ejus

2445 3720 2804 3802 perceperit
2839 3738 2851 3780 :
2887 3719 3037 3799 quia
3067 3737 3143 3780 ex
3181 3718 3313 3780 suis
3343 3719 3648 3780 creaturis
3679 3719 3938 3782 Creator

2446 3818 2634 3900 plene
2663 3817 2962 3897 cognosci
2992 3836 3118 3880 non
3148 3817 3336 3893 valet,
3373 3836 3570 3898 quum
3613 3817 3696 3878 sit
3733 3818 3938 3880 omni-

2444 3916 2566 3979 hus
2598 3915 2856 3979 infinite
2886 3915 3236 3990 sublimior,
3259 3935 3374 3978 nec
3397 3923 3774 3996 potestatem
3795 3917 3936 3997 ejus

2446 4015 2720 4078 effectus
2773 4015 3084 4096 adaequat.
3136 4013 3509 4076 Tonitruum
3565 4033 3827 4095 quoque
3877 4023 3940 4076 et

2445 4114 2588 4177 aliae
2611 4113 3063 4195 impressiones
3087 4131 3232 4194 quae
3253 4111 3422 4175 fiunt
3441 4112 3509 4174 in
3533 4131 3701 4188 aere,
3716 4131 3938 4194 quam·

842 4209 1089 4286 bernat,
1125 4210 1417 4291 quamvis
1451 4229 1563 4291 per
1594 4229 1814 4272 causas
1857 4213 2165 4274 secundas
2199 4232 2336 4294 pro·
2367 4220 2414 4281 D
2447 4213 2544 4273 vis
2575 4221 2882 4292 quantum
2916 4212 2993 4273 ad
3023 4229 3246 4273 causas
3288 4210 3608 4273 naturales
3637 4219 3702 4274 et
3730 4212 3942 4293 proxi-

842 4308 1191 4371 videntiam
1225 4309 1289 4370 in
1324 4308 1555 4370 talibus
1587 4312 2091 4389 exsequatur.Ec
2114 4315 2333 4372 lamen

842 4409 1029 4467 illius
1056 4426 1247 4484 super
1276 4428 1492 4467 omnes
1525 4411 1829 4468 terminos
1860 4419 2065 4469 terr-ce.
2090 4408 2332 4470 Lumen

845 4505 952 4566 Dei
975 4513 1182 4586 potest
1212 4504 1507 4584 intelligi,
1524 4505 1777 4567 claritas
1804 4505 2135 4586 sapientiae
2154 4507 2328 4587 ejus:

842 4621 985 4684 quae
1011 4611 1108 4664 est
1138 4621 1329 4684 super
1356 4621 1577 4666 omnes
1609 4602 1913 4666 terminos
1946 4613 2149 4681 terrie,
2185 4623 2335 4685 quo·

842 4699 1015 4763 niam
1060 4699 1274 4764 omnia
1314 4719 1458 4781 quae
1498 4700 1562 4762 in
1608 4711 1771 4764 terra
1813 4711 1983 4778 sunt,
2022 4702 2327 4765 intuetur.

842 4799 951 4860 Est
985 4817 1243 4880 quoque
1287 4798 1394 4860 lux
1438 4799 1657 4862 divina
1698 4819 1891 4880 super
1932 4819 2153 4863 omnes
2206 4811 2330 4864 ter-

842 4897 1051 4961 minos
1113 4905 1317 4972 terrae,
1380 4897 1533 4978 quia
1589 4897 1926 4961 sublimior
1984 4907 2079 4960 est
2137 4908 2332 4980 atque

840 4995 1241 5077 praestantior
1268 4996 1443 5059 omni
1475 4996 1617 5058 luce
1649 5006 1915 5059 terrena.
1950 4998 2212 5079 Insuper
2243 4998 2333 5060 lu-

840 5113 986 5157 men
1018 5094 1185 5156 istud
1217 5095 1322 5157 Dei
1357 5095 1630 5175 intelligi
1661 5103 1881 5177 potest,
1906 5096 2123 5159 lumen
2159 5099 2326 5178 quod

840 5211 953 5275 per
1002 5193 1343 5256 luminaria
1382 5193 1550 5270 coeli,
1585 5194 1806 5270 solem,
1843 5193 2061 5257 lunam
2094 5203 2157 5258 et
2187 5196 2331 5258 stel-

840 5290 955 5367 las,
992 5309 1182 5374 super
1231 5291 1444 5354 omnia
1488 5292 1747 5355 climata
1792 5300 1976 5356 terrae
2023 5295 2328 5375 expandit

2447 4330 2582 4372 mas
2613 4311 2866 4374 valeant
2897 4309 3290 4388 iuvestigari,
3317 4318 3528 4372 tamen
3557 4311 3769 4390 quoad
3801 4329 3944 4373 cau-

2447 4427 2547 4470 sas
2588 4408 2826 4490 primas
2869 4416 2933 4470 et
2957 4407 3303 4469 altissimas
3342 4408 3616 4470 rationes
3658 4407 3740 4471 ob
3779 4427 3940 4489 quas

2447 4507 2609 4568 Deus
2641 4506 2794 4568 talia
2825 4505 2999 4581 facit,
3035 4505 3315 4586 perfecte
3351 4525 3427 4568 ac
3466 4505 3942 4587 particulariter

2446 4604 2816 4685 investigari
2847 4625 2884 4666 a
2913 4604 3100 4667 nobis
3123 4622 3251 4667 non
3272 4612 3560 4685 possunt,
3582 4605 3933 4667 secundum

2443 4699 2796 4765 Albertum.

2531 4802 2798 4862 Tonabz't
2824 4805 2996 4862 Deus
3026 4821 3169 4861 voce
3193 4822 3314 4862 sua
3336 4823 3358 4861 .·
3381 4800 3546 4864 sicut
3573 4801 3930 4883 expositum

2443 4908 2579 4974 est3
2617 4902 3034 4970 mirabiliter,
3065 4899 3128 4960 id
3168 4908 3264 4962 est
3303 4919 3380 4962 ex
3421 4899 3548 4962 alta
3589 4910 3651 4962 et
3690 4901 3934 4963 incom-

2443 4997 2861 5081 prehensibili
2895 4999 3135 5061 ratione
3168 4998 3495 5079 sapientiae
3523 5017 3674 5074 suae,
3706 5007 3772 5060 et
3800 4999 3932 5061 tali-

2441 5105 2538 5159 ter
2577 5104 2647 5158 ut
2687 5097 2977 5159 homines
3019 5097 3431 5171 admirentur,
3473 5105 3732 5178 propter
3771 5099 3931 5160 emi-

2443 5195 2724 5257 nentiam
2756 5194 2959 5257 divini
2998 5193 3295 5270 effectuS,
3328 5195 3512 5275 cujus
3552 5195 3830 5258 rationes
3868 5205 3931 5259 et

2440 5313 2662 5358 causas
2707 5293 3090 5376 perscrutari
3129 5312 3258 5356 non
3296 5302 3560 5374 queunt.
3599 5296 3727 5364 Qui
3763 5297 3930 5372 facit
