4309 6259
651 2756 802 2801 Eccli.
817 2770 873 2807 vi,

611 2824 652 2871 9.
675 2822 741 2862 ¹0.

655 3552 812 3598 Jacob.
830 3567 873 3604 ιι,

615 3616 681 3656 13.

639 3737 703 3781 Is.
719 3752 776 3789 ιιι,
800 3741 864 3783 ¹¹.

643 3938 774 3988 Ρτου.
793 3950 874 3987 xiv,

617 4002 682 4044 ¹7.

669 4728 790 4779 John.
805 4730 867 4770 ¹5.

902 467 1120 554 394'

1761 510 2107 557 mammo
2149 512 2211 557 IN
2254 511 2391 557 ΕΔΒ.
2426 512 2487 557 vl
2526 512 2652 559 1013.
2696 532 2777 545 --
2818 516 2962 562 ART.
3007 514 3135 560 xvn

901 683 1110 753 ibunt,
1152 680 1215 743 id
1259 689 1376 758 est,
1421 680 1838 763 spiritualiter
1879 680 2233 742 morientur
2277 698 2389 761 per
2416 678 2469 740 A
2498 682 2710 760 asper,
2742 685 3163 765 praestolando
3194 687 3395 751 finem
3422 689 3877 771 disputationis
3900 698 3987 751 at-

902 778 1316 860 impatientiae
1370 780 1665 860 culpam3
1717 778 1842 855 vel,
1889 797 2088 858 quum
2150 775 2390 840 fuerint

901 876 1190 959 dissipati
1231 897 1344 960 per
1373 886 1663 953 mortem,
1701 877 2000 958 peribunt
2039 875 2391 939 damnatio-

903 996 982 1038 ne
1022 986 1275 1039 aeterna.
1315 980 1397 1039 Ec
1427 986 1498 1037 ut
1529 978 1955 1045 incaluerint,
1986 975 2046 1038 id
2089 982 2207 1051 est,
2244 973 2389 1052 igne

901 1074 1361 1150 tribulationiS‚
1422 1094 1531 1137 seu
1595 1074 1689 1137 ira
1742 1074 1977 1137 divinae
2035 1071 2389 1154 punitionis

903 1171 1144 1235 fuerint
1175 1174 1346 1251 tacti,
1378 1178 1704 1235 solventur
1732 1176 1810 1233 de
1841 1177 1968 1233 loco
1997 1193 2137 1242 su0,
2169 1172 2231 1233 id
2268 1178 2384 1247 est,

900 1273 980 1335 de
1019 1281 1187 1335 terra
1225 1272 1549 1344 tollentur,
1583 1279 1773 1352 atque
1807 1271 1868 1333 in
1910 1278 2215 1333 tartarum
2257 1287 2391 1351 pro-

900 1369 1226 1453 jicientur,
1267 1371 1804 1452 quemadmodum
1853 1370 2086 1452 pruina
2128 1388 2239 1431 seu
2282 1368 2390 1429 nix

903 1470 1055 1532 solis
1098 1464 1308 1533 ealdre
1349 1476 1602 1543 attacta,
1637 1468 2010 1533 dissolvitur
2055 1467 2267 1529 statim
2314 1485 2389 1528 ac

903 1567 1156 1631 defluit.
1208 1572 1529 1630 Involutoe
1573 1578 1725 1628 sunt
1769 1570 2012 1629 semitae
2049 1586 2391 1644 yressuum

903 1686 1149 1728 eorum.
1173 1666 1348 1740 Quod
1380 1666 1740 1741 involvitur,
1767 1666 1832 1727 in
1862 1685 1930 1728 se
1961 1666 2098 1747 ipso
2127 1664 2391 1745 replica·

904 1772 1020 1838 tur,
1043 1771 1106 1826 et
1130 1764 1404 1845 quadam
1436 1763 1833 1826 tortuositate
1863 1762 1929 1824 in
1960 1782 2028 1825 se
2059 1762 2269 1844 ipsum
2300 1779 2391 1821 re-

2497 799 2625 860 que
2659 784 2898 861 negotii
2930 783 3145 864 hujus,

2600 882 2873 959 Confusi
2924 893 3102 953 sunt,
3150 883 3213 947 id
3261 893 3377 961 est,
3428 904 3599 948 nunc
3648 904 3725 947 ex
3770 884 3984 949 verbis

2498 980 2657 1043 meis
2686 980 3129 1045 confusionem
3162 983 3578 1059 incurrerunt,
3612 984 3987 1046 erubescen-

2498 1086 2616 1155 teS,
2669 1080 2768 1141 vel
2819 1100 2897 1143 ex
2944 1080 3085 1157 hoc,
3138 1082 3309 1161 quod
3363 1081 3659 1143 maledixi
3713 1081 4028 1163 tempori·

2500 1177 2850 1240 nativitatis
2882 1197 3038 1241 rneae
3065 1178 3346 1242 :amicus
3379 1179 3618 1261 quippe
3640 1179 3982 1250 erubescit,

2499 1275 2649 1337 dum
2678 1276 2857 1337 audit
2882 1276 3159 1339 amicum
3190 1297 3377 1339 suum
3409 1276 3790 1349 commaliis
3824 1277 3991 1339 mul-

2501 1381 2632 1435 tum
2680 1373 3200 1437 irrationabiliter
3243 1374 3457 1457 loqui;
3498 1375 3564 1437 hi
3604 1384 3815 1439 autem
3862 1384 3989 1437 tres

2498 1471 2689 1535 amici
2724 1471 2860 1549 Iob,
2898 1480 3283 1554 putaverunt
3318 1492 3463 1535 eum
3505 1472 3993 1536 irrationabilis-

2499 1570 2659 1632 sime
2688 1588 2829 1632 esse
2857 1570 3139 1633 locutum
3168 1589 3181 1633 :
3216 1570 3317 1635 vel
3347 1591 3423 1634 ex
3455 1572 3871 1653 responsione
3902 1571 3993 1653 ip-

2499 1667 2633 1729 sius
2679 1667 2818 1744 Iob,
2860 1688 2987 1749 qua
3036 1686 3144 1732 eos
3190 1668 3554 1751 reprobavit
3596 1678 3791 1749 atque
3838 1687 3993 1732 con-

2500 1764 2687 1827 fudit.
2722 1768 2891 1834 Quia
2920 1770 3199 1845 speravi,
3241 1766 3305 1829 id
3344 1774 3461 1843 est,
3500 1766 3890 1829 fiducialiter
3928 1775 3993 1829 et

902 1863 1190 1927 vertitur.
1215 1862 1374 1926 Hinc
1395 1863 1754 1925 involutum
1777 1862 2297 1941 vocamus,cujus
2322 1856 2391 1919 fi·
2424 1856 2469 1917 B
2496 1864 2805 1927 audenter
2844 1864 3093 1927 locutus
3131 1884 3271 1927 sum
3310 1883 3385 1928 ex
3426 1864 3789 1928 testimonio
3820 1864 3993 1927 bono

906 1981 1017 2024 nes
1049 1962 1280 2025 occulti
1312 1970 1482 2024 sunt.
1512 1963 1748 2042 Itaque,
1776 1961 2028 2024 Semitae
2057 1978 2389 2040 gressuum

904 2078 1146 2137 eorum,
1199 2060 1262 2122 id
1311 2068 1408 2123 est
1453 2060 1665 2123 media
1712 2059 1948 2141 quibus
2002 2057 2148 2120 falsi
2200 2056 2390 2119 amici

902 2158 1231 2235 accedunt,
1261 2166 1322 2221 et
1350 2159 1576 2239 juvare
1615 2177 1682 2221 se
1713 2164 2070 2221 monstrant
2111 2155 2389 2218 amicum

902 2255 1222 2319 afflictum
1257 2276 1369 2320 seu
1393 2257 1611 2332 alium,
1638 2256 1922 2320 involuta
1953 2262 2104 2319 sunt
2133 2253 2393 2317 fraudu-

903 2355 1116 2417 lentiis
1145 2363 1336 2436 atque
1365 2355 1638 2433 astutiiS,
1663 2363 1725 2417 et
1754 2356 1834 2417 ad
1864 2354 2193 2436 proprium
2222 2371 2393 2416 com-

902 2454 1158 2516 modum
1202 2453 1643 2528 reflectuntur,
1679 2453 1829 2514 dum
1869 2450 2216 2515 amicitiam
2246 2460 2395 2513 ante

903 2552 1268 2625 ostendunt,
1315 2550 1514 2613 finem
1564 2550 1861 2614 amicitiae
1909 2550 2029 2612 sub
2077 2550 2393 2612 velamine

903 2649 1258 2731 hypocrisis
1290 2650 1454 2712 clam
1486 2649 1848 2725 involvunt,
1883 2649 2058 2729 juxta
2092 2648 2251 2710 illud
2280 2648 2394 2710 Ec·

903 2747 1243 2811 clesiastici
1279 2765 1292 2809 :
1325 2747 1435 2809 Est
1464 2746 1707 2809 amicus
1738 2746 1850 2827 qui
1891 2746 2285 2809 convertitur
2312 2747 2391 2809 ad

905 2846 1332 2921 inimicitiam,
1377 2853 1441 2908 et
1475 2852 1573 2906 est
1617 2845 1861 2907 amicus
1909 2844 2019 2926 qui
2073 2844 2271 2906 rixam
2318 2864 2393 2907 ac

902 2944 1120 3009 odium
1169 2944 1538 3007 denudabit.
1592 2944 1872 3024 Itemque
1927 2962 1940 3005 :
1993 2944 2102 3005 Est
2149 2942 2393 3005 amicus

2498 1961 2905 2026 conscientia>
2954 1980 3132 2037 meae,
3184 1981 3310 2043 qua
3358 1962 3602 2025 asserui
3654 1972 3717 2025 et
3772 1982 3993 2025 assero

2498 2078 2600 2121 me
2640 2059 2883 2140 absque
2920 2060 3109 2141 culpa
3146 2079 3290 2123 mea
3327 2079 3722 2142 percussum,
3756 2069 3821 2123 et
3848 2080 3993 2123 esse

2498 2176 2601 2220 me
2648 2159 2911 2238 justum.
2960 2158 3151 2221 Porro
3198 2158 3470 2221 Thomas
3516 2158 3778 2240 exponit
3822 2157 3917 2221 sic
3974 2178 3989 2221 :

2499 2256 2762 2320 Confusi
2804 2264 2952 2318 sunt
2990 2256 3209 2320 venire
3246 2258 3324 2320 ad
3364 2276 3487 2334 me,
3520 2257 3671 2339 quia
3708 2260 3989 2339 speravi,

2500 2356 2566 2418 id
2598 2363 2714 2431 est,
2750 2354 3053 2435 quoniam
3083 2363 3334 2437 tempus
3372 2364 3508 2417 erat
3545 2356 3609 2417 in
3648 2374 3779 2437 quo
3816 2357 3996 2419 auxi·

2501 2454 2659 2516 lium
2714 2453 2795 2515 ab
2851 2453 2945 2516 eis
3002 2472 3257 2536 sperare
3310 2454 3637 2518 debebam.
3688 2454 3995 2519 Homines

2500 2552 2671 2615 enim
2712 2552 2823 2633 qui
2870 2550 3165 2613 auxiliari
3214 2552 3462 2629 nolunt,
3504 2552 3995 2615 confunduntur

2502 2650 2759 2712 visitare
2801 2648 2968 2724 illos,
3012 2668 3173 2730 quos
3217 2657 3443 2731 putant
3484 2669 3521 2711 a
3564 2668 3633 2713 se
3678 2648 3992 2712 auxilium

2504 2749 2833 2831 petituros
2885 2748 3005 2809 Ista
3054 2747 3367 2830 expositio
3423 2746 3663 2811 incerta
3708 2748 3990 2811 videtur.

2502 2848 2749 2910 Dictum
2797 2856 2895 2910 est
2943 2845 3113 2909 enim
3163 2847 3441 2909 secundo
3481 2845 3781 2927 capitulo,
3812 2848 3991 2928 quod

2502 2946 2689 3009 amici
2719 2945 2834 3007 Job
2868 2952 3181 3008 venerunt
3208 2951 3280 3006 ut
3306 2944 3785 3007 consolarentur
3810 2964 3989 3007 eum.

902 3044 1113 3106 socius
1144 3061 1398 3119 mensae,
1421 3050 1482 3105 et
1512 3061 1636 3105 non
1659 3051 1989 3123 permanet
2008 3041 2073 3104 in
2106 3050 2393 3122 tempore
2420 3042 2471 3111 ,C
2501 3046 2643 3108 Ideo
2693 3062 2819 3107 non
2863 3050 3149 3125 apparet,
3192 3044 3363 3125 quod
3402 3062 3530 3106 non
3569 3044 3893 3107 voluerint
3930 3044 3993 3107 ei

901 3142 1322 3205 necessitatis,
1375 3144 1818 3202 Ambulabunc
1867 3143 1939 3201 in
1980 3160 2285 3210 vacuum,
2326 3141 2389 3202 id

901 3249 1019 3316 est,
1059 3238 1454 3302 infructuose
1486 3239 1726 3315 vivent,
1755 3258 1870 3301 nec
1901 3238 2098 3301 finem
2130 3238 2393 3301 sortien-

902 3348 1005 3403 tur
1047 3338 1298 3401 beatum
1327 3357 1344 3417 3
1379 3349 1439 3399 et
1461 3340 1795 3415 peribunt,
1825 3336 1974 3419 quia
2019 3356 2145 3400 non
2186 3337 2391 3400 solum

903 3438 1298 3500 beatitudine
1330 3435 1772 3519 privabuntur,
1800 3436 1908 3498 sed
1938 3444 2000 3498 et
2029 3455 2281 3517 poenam
2306 3435 2393 3496 in-

903 3543 1162 3600 current
1203 3544 1528 3610 aeternam,
1567 3534 1744 3615 juxta
1787 3534 1943 3596 illud
1986 3533 2200 3596 Jacobi
2237 3551 2249 3594 :
2289 3533 2394 3595 Ju-

903 3633 1141 3697 dicium
1183 3632 1322 3694 sine
1361 3630 1796 3694 misericordia
1839 3631 1954 3693 fiet
1993 3631 2076 3707 ei,
2110 3631 2224 3711 qui
2265 3649 2391 3693 non

906 3731 1130 3794 fecerit
1163 3730 1690 3793 misericordiam.
1727 3729 1916 3791 Isaias
1946 3748 2203 3811 quoque
2238 3747 2252 3791 ε
2289 3729 2395 3791 Vae

905 3830 1103 3912 impio
1134 3829 1198 3890 in
1233 3828 1470 3890 malum
1493 3852 1507 3901 ς
1534 3826 1865 3889 retributio
1885 3827 2056 3889 enim
2089 3846 2393 3889 manuum

905 3928 1046 4010 ejus
1079 3926 1195 3989 fiet
1223 3926 1305 3989 ei.
1351 3926 1647 3988 Salomon
1679 3944 1936 4006 quoque
1970 3923 2202 3986 fatetur
2237 3942 2252 3986 z
2284 3923 2395 3987 Vir

906 4034 1198 4089 versutus
1231 4024 1487 4087 odiosus
1517 4031 1634 4086 est.

989 4126 1396 4185 Considerate
1423 4124 1682 4182 semitas
1711 4124 2014 4191 Theman,
2038 4121 2100 4183 id
2130 4129 2225 4183 est
2256 4139 2397 4202 pro-

2504 3143 2671 3206 ferre
2698 3142 3028 3217 auxilium,
3065 3142 3167 3204 vel
3199 3142 3367 3222 quod
3409 3142 3551 3205 ideo
3590 3142 3808 3205 venire
3836 3160 3996 3205 con—

2504 3241 2630 3304 fusi
2660 3250 2831 3317 sunt,
2857 3240 3009 3321 quia
3036 3240 3380 3303 noluerunt
3410 3258 3795 3303 succurrere.
3830 3241 3989 3317 lmo,

2504 3348 2573 3402 ut
2622 3339 2687 3400 in
2734 3337 3130 3420 expositione
3176 3338 3437 3401 secundi
3476 3338 3740 3420 capituli
3779 3347 3997 3402 osten—

2503 3458 2641 3500 sum
2693 3446 2811 3512 est,
2860 3436 3030 3499 bona
3078 3436 3431 3499 intentione
3474 3445 3539 3498 et
3585 3454 3662 3499 ex
3708 3436 3997 3500 amicitia

2502 3555 2653 3598 vera
2682 3542 3017 3600 venerunt.
3049 3534 3268 3596 Postea
3299 3552 3470 3609 vero,
3505 3552 3581 3597 ex
3608 3534 3821 3598 verbis
3846 3534 3994 3611 Iob,

2501 3653 2647 3715 quae
2688 3651 2813 3695 non
2864 3632 3018 3694 satis
3066 3632 3533 3709 intellexerunt,
3584 3633 4001 3715 permittente

2501 3734 2628 3795 Deo
2660 3741 2721 3795 et
2751 3731 3095 3810 instigante
3127 3729 3401 3807 diabolO,
3436 3750 3511 3793 ex
3540 3731 3675 3793 zelo
3707 3732 4001 3795 veritatis

2504 3830 2851 3892 indiscreto
2898 3829 2977 3890 ad
3027 3828 3221 3890 verba
3276 3828 3703 3908 ignominiosa
3748 3829 3999 3911 delapsi

2506 3936 2675 3990 sunt.
2711 3928 2995 4007 Denique
3032 3925 3329 3988 Albertus
3366 3927 3625 4008 exponit
3663 3927 3757 3990 sic
3788 3945 3803 3988 t
3834 3926 4002 3991 Con-

2508 4026 2636 4089 fusi
2668 4034 2837 4103 sunt,
2863 4026 2928 4087 id
2950 4034 3065 4101 est,
3093 4024 3157 4085 in
3184 4024 3472 4104 proximo
3490 4024 3996 4102 confundentur,

2506 4126 2657 4207 quia
2688 4124 2959 4207 speravi,
2992 4124 3056 4185 id
3085 4133 3205 4200 est,
3238 4143 3414 4206 spem
3448 4125 3527 4186 de
3554 4124 3801 4204 just-itia
3828 4124 4003 4205 judi-

905 4242 1178 4298 cessum,
1214 4221 1408 4285 verba
1450 4228 1512 4282 et
1555 4228 1732 4299 gesta
1773 4219 2034 4301 Eliphaz
2081 4220 2395 4283 venientis
2428 4226 2478 4287 D
2506 4224 2597 4287 cis
2642 4222 2862 4285 habui.
2906 4226 3225 4285 Venerunt
3254 4242 3498 4303 quoque
3527 4244 3725 4302 usque
3752 4225 3839 4283 ad
3871 4244 4001 4293 me,

908 4322 986 4384 de
1026 4329 1190 4383 terra
1223 4319 1526 4395 Theman,
1563 4321 1805 4379 itinera
1833 4322 2030 4390 Saba,
2054 4319 2117 4381 id
2152 4328 2249 4381 est
2282 4318 2396 4380 ali-

909 4437 1090 4482 orum
1135 4417 1246 4498 qui
1291 4417 1370 4479 de
1419 4416 1528 4479 illa
1577 4426 1747 4478 terra
1793 4426 2126 4480 venerunt.
2178 4416 2395 4497 Aliqui

911 4526 1124 4579 tamen
1158 4534 1270 4595 per
1302 4514 1462 4577 Saba
1495 4514 1864 4595 intelligunt
1891 4523 2145 4596 apertos
2174 4515 2396 4577 adver-

911 4613 1110 4677 sarios
1151 4613 1352 4675 sancti
1382 4612 1518 4689 Iob,
1557 4621 1710 4695 puta
1748 4612 2019 4689 Sabaeos,
2053 4613 2131 4676 de
2160 4612 2395 4693 quibus

910 4732 1102 4794 supra
1131 4712 1370 4775 dictum
1403 4720 1521 4788 est,
1546 4711 1717 4791 quod
1754 4710 1922 4772 bona
1952 4712 2090 4792 ejus
2120 4711 2400 4792 diripue-

910 4819 1080 4873 runt.
1108 4810 1338 4891 Sicque
1360 4810 1656 4885 intendit,
1683 4810 1852 4890 quod
1869 4809 2129 4892 Eliphaz
2153 4808 2401 4872 confor-

909 4918 1117 4971 matus
1167 4916 1263 4971 est
1310 4907 1470 4984 illis,
1524 4906 1676 4988 quia
1724 4907 1802 4969 ad
1852 4906 2241 4989 improperia
2284 4906 2399 4970 Job

911 5006 1239 5091 prorupit3
1276 5006 1363 5067 ita
1393 5006 1565 5087 quod
1599 5006 1766 5068 sicut
1788 5004 1882 5067 illi
1905 5006 2221 5087 persecuti
2252 5014 2401 5068 sunt

912 5106 1120 5188 ipsum
1151 5104 1268 5166 Job
1301 5103 1508 5180 factiS,
1535 5104 1628 5166 sic
1655 5103 1916 5185 Eliphaz
1946 5104 2159 5167 verbis
2186 5122 2199 5165 ε
2227 5105 2399 5185 quod

915 5206 992 5267 de
1039 5202 1184 5265 aliis
1232 5202 1482 5265 duobus
1532 5201 1756 5265 amicis
1805 5203 2061 5283 quando
2101 5201 2401 5265 dixit-lob

917 5303 1072 5378 haec,
1105 5301 1388 5364 nondum
1433 5300 1732 5364 innotuit.
1750 5303 1836 5361 Ec
1863 5310 2217 5378 eoespectate
2243 5321 2404 5379 pau·

2504 4322 2705 4402 gratia
2727 4319 3181 4384 consolationis
3202 4319 3657 4402 impendendas,
3669 4331 3729 4381 ec
3746 4324 4003 4398 pudore

2506 4422 2785 4497 cooperti
2823 4428 3001 4488 sunt,
3037 4418 3103 4480 id
3142 4426 3239 4481 est
3278 4418 3554 4481 totaliter
3592 4417 3999 4493 circumfusi,

2510 4516 3069 4580 vehementissime
3090 4516 3534 4579 erubescentes
3551 4516 3629 4579 de
3647 4525 3771 4578 tam
3789 4514 3955 4579 insol
3964 4517 4003 4578 i·

2510 4625 2573 4678 ta
2599 4635 2673 4679 ac
2705 4616 2912 4678 invisa
2937 4634 3079 4677 mea
3098 4614 3789 4695 deiectioneQuoniam
3818 4616 4001 4677 enim

2509 4733 2657 4778 vere
2696 4714 2995 4777 amabant
3022 4713 3159 4790 Job,
3194 4714 3451 4794 quando
3494 4713 3698 4795 primo
3736 4732 3883 4776 eum
3928 4714 3997 4776 in

2510 4822 2685 4875 tanta
2715 4812 3073 4875 calamitate
3114 4810 3330 4874 intuiti
3362 4818 3529 4887 sunt,
3564 4829 3693 4873 non
3723 4810 3999 4873 dubium

2508 4912 2666 4991 quin
2708 4909 3081 4973 erubuerint
3120 4926 3135 4971 ε
3173 4917 3236 4972 et
3275 4908 3649 4991 praesertim,
3695 4907 3845 4989 quia
3888 4928 4004 4991 pu-

2511 5009 2729 5071 tabant
2768 5027 2913 5071 eum
2956 5008 3089 5069 suis
3130 5006 3406 5089 peccatis
3448 5007 3510 5069 id
3552 5007 3887 5069 meruisse.

2589 5105 2826 5168 Deinde
2854 5105 3204 5186 alloquitur
3233 5123 3361 5167 eos.
3398 5106 3593 5167 Nunc
3620 5106 3915 5175 venistis,
3944 5114 4005 5165 et

2515 5207 2695 5265 modo
2744 5205 3029 5263 videntes
3064 5207 3331 5281 plagam
3373 5222 3577 5263 meam
3618 5205 3879 5273 timetis,
3924 5222 4005 5265 ne

2514 5310 2578 5365 et
2604 5302 2789 5365 vobis
2820 5301 2943 5363 tale
2974 5300 3129 5381 quid
3158 5300 3425 5377 accidat,
3459 5299 3556 5362 vel
3594 5319 3675 5362 ne
3712 5309 3926 5382 petam
3968 5322 4007 5362 a

4046 2967 4177 3011 Ιοὸιι.
4193 2968 4266 3011 11Η

4052 3358 4219 3402 Ibida
