4309 6259
983 498 1331 545 maxumo
1373 498 1435 545 m
1477 498 1614 545 m.
1661 500 1722 545 1v
1763 498 1921 545 amm
1963 499 2187 555 onan-rt
2228 500 2451 547 ancum.
2497 520 2578 531 —
2618 502 2761 549 Aur.
2808 504 2869 549 v1
3404 486 3484 548 25

391 669 598 732 stiano
629 669 874 752 populo
906 669 1224 752 anteponi,
1261 678 1328 733 ut
1358 668 1777 734 reficerentur
1811 689 1886 733 ex
1913 669 1965 731 A
2061 670 2667 755 Amplius,quamvis
2688 673 3149 756 praeclarissimi
3174 674 3292 738 viri
3314 673 3484 736 Elias

392 768 562 830 illis:
611 788 730 831 nec
775 778 1124 851 potuerunt
1168 778 1371 833 totum
1424 771 1732 854 accipere,
1764 770 1884 834 hoc

388 878 504 945 est,
543 868 861 931 imitando
893 869 1181 951 implere.

471 967 764 1049 Denique
793 987 872 1031 ex
911 968 1033 1030 isto
1079 968 1360 1051 capitulo
1400 968 1602 1032 multa
1629 990 1888 1033 sumun-

388 1076 489 1128 tur
523 1066 950 1129 saluberrima
991 1067 1396 1130 documenta.
1442 1068 1517 1129 Et
1547 1068 1776 1151 prim0‚
1811 1088 1887 1132 cx

387 1166 506 1228 hoc
525 1166 704 1246 quod
736 1164 993 1228 mulieri
1015 1166 1226 1229 viduae
1249 1173 1375 1228 tam
1405 1165 1510 1249 pie
1529 1186 1602 1231 ac
1631 1167 1886 1249 copiose

381 1284 457 1326 ac
489 1263 878 1326 miraculose
909 1263 1290 1327 subventum
1317 1272 1433 1342 est,
1459 1282 1534 1327 eo
1559 1266 1730 1346 quod
1760 1286 1887 1329 ma-

385 1362 548 1424 ritus
569 1363 711 1445 ejus
735 1370 1136 1425 contraxerat
1155 1362 1391 1439 debita,
1414 1364 1754 1446 prophetas
1776 1364 1885 1427 Dei

382 1480 604 1525 servos
637 1480 713 1524 ac
754 1480 1066 1544 pauperes
1111 1463 1526 1525 sustentando
1563 1480 1578 1524 t
1609 1463 1887 1525 ostendi-

383 1568 508 1632 tur,
527 1579 726 1641 quam
758 1558 1014 1622 salubre
1045 1578 1117 1622 ac
1147 1559 1452 1641 placitum
1469 1561 1593 1624 Deo
1616 1561 1718 1637 sit,
1737 1582 1888 1644 pau-

380 1657 671 1739 peribuS,
693 1665 758 1720 et
789 1676 938 1720 vere
969 1656 1309 1739 religiosiS‚
1345 1677 1417 1721 ac
1449 1657 1885 1741 indigentibus

381 1756 782 1832 domesticiS,
807 1776 880 1819 ac
899 1756 1147 1820 devotis
1171 1758 1528 1819 necessaria
1549 1758 1880 1841 impertiri.

1995 790 2068 833 ac
2102 771 2350 835 Eliseus
2382 771 2627 835 fuerint
2665 772 2876 852 magni
2910 773 3092 836 valde
3132 782 3195 836 et
3221 772 3483 852 gloriosi

1995 870 2345 952 Prophetae,
2381 871 2585 934 nihilo
2626 872 2837 933 minus
2874 872 2953 935 ad
2994 872 3245 935 laudem
3276 871 3484 935 Omni-

1995 969 2298 1051 potentiS,
2334 978 2397 1033 et
2435 970 3048 1034 commendationem
3083 977 3145 1032 et
3174 969 3485 1034 conforta-

1999 1068 2236 1132 tionem
2260 1070 2643 1149 evangelicae
2664 1070 2820 1150 legis
2845 1070 3237 1152 perpendere
3266 1088 3485 1152 possu-

1995 1188 2159 1245 muS,
2195 1176 2433 1250 quanta
2462 1169 2545 1230 sit
2572 1168 3081 1232 beatissimorum
3112 1168 3485 1231 excellentia

1994 1267 2439 1348 Apostolorum
2491 1286 2681 1349 super
2726 1268 3066 1348 Prophetas
3111 1286 3125 1330 :
3166 1265 3481 1347 siquidem

1996 1365 2061 1425 in
2114 1372 2245 1427 'toto
2294 1365 2495 1429 veteri
2545 1366 2944 1428 Testamento
2989 1363 3203 1427 nullus
3252 1364 3482 1445 legitur

1993 1472 2313 1526 mortuum
2346 1463 2706 1540 suscitasse,
2740 1463 2864 1525 nisi
2893 1463 3063 1524 Elias
3102 1482 3321 1539 unum,
3356 1462 3482 1524 Eli·
3510 1488 3563 1532 111
3578 1489 3775 1543 nestun,

1995 1580 2270 1642 seusque
2318 1562 2512 1638 duos3
2556 1560 2839 1643 Apostoli
2900 1568 3111 1623 autem
3171 1560 3479 1642 plurimos
3508 1551 3773 1665 1²3³gssxffl·

1993 1661 2178 1723 valde
2209 1660 2678 1723 suscitaverunt
2698 1659 3033 1723 defunctos
3059 1677 3226 1722 :non
3260 1658 3481 1741 utique
3510 1680 3578 1721 ει.
3654 1648 3664 1667 ’
3760 1646 3773 1663 “

1995 1778 2141 1821 cum
2178 1766 2350 1820 tanta
2378 1757 2786 1835 difficultate,
2822 1766 2894 1819 ut
2921 1757 3091 1819 Elias
3120 1764 3182 1819 et
3208 1757 3476 1833 EliseuS‚

377 1856 703 1931 Quantum
749 1856 944 1918 etiam
985 1855 1388 1938 hospitalitas
1428 1856 1534 1939 pie
1577 1858 1880 1937 exhibita,
1921 1858 1967 1919 B
1995 1857 2108 1938 qui
2158 1856 2343 1919 toties
2404 1876 2595 1938 super
2638 1856 2975 1920 defunctos
3026 1856 3477 1933 incubuerunt,

378 1956 508 2018 Deo
539 1954 966 2035 complaceat,
989 1962 1238 2018 constat
1264 1974 1341 2019 ex
1365 1974 1462 2033 eo,
1489 1956 1659 2036 quod
1691 1956 1886 2019 Suna-

377 2054 560 2115 mitis
594 2053 708 2115 illa
731 2052 1016 2116 Eliseum
1048 2062 1176 2115 tam
1207 2052 1578 2135 frequenter
1607 2074 1680 2116 ac
1712 2074 1887 2117 reve-

381 2161 601 2215 renter
633 2151 1042 2234 hospitando,
1068 2152 1300 2237 meruit
1319 2153 1887 2234 supernaturaliter

382 2250 752 2329 fecundari,
787 2249 1291 2332 defunctumque
1322 2249 1533 2312 filium
1568 2249 1883 2328 suscitari,

75 2362 348 2469 lewes-vm,
382 2351 520 2413 imo
569 2358 635 2413 et
677 2356 904 2411 contra
945 2347 1225 2411 futuram
1263 2348 1496 2413 avisari
1541 2349 1882 2427 caristiam,

383 2460 460 2512 ut
505 2447 680 2510 infra
718 2446 1012 2509 habetur.
1046 2446 1248 2528 Opera
1295 2446 1468 2509 enim
1519 2448 1774 2528 pietatis
1815 2468 1886 2511 ac

381 2546 852 2611 misericordia!
884 2564 1013 2608 non
1045 2546 1112 2607 in
1144 2543 1363 2608 futuro
1397 2546 1744 2623 dumtaxat,
1777 2548 1887 2610 sed

381 2648 456 2709 in
486 2645 795 2729 praesenti
823 2663 1082 2725 quoque
1121 2644 1536 2726 praemiantur
1565 2646 1822 2728 copiose
1853 2666 1890 2707 a

379 2745 685 2809 Domino.
721 2743 1031 2825 Denique,
1063 2762 1140 2805 ex
1169 2743 1314 2821 hoc,
1345 2744 1518 2825 quod
1548 2744 1795 2807 Eliseus
1825 2753 1890 2807 et

381 2841 780 2909 venerabilis
815 2840 1046 2904 mulier
1066 2841 1178 2903 illa
1197 2841 1558 2904 habuerunt
1589 2860 1658 2905 se
1687 2844 1764 2905 ad
1797 2843 1888 2904 in-

377 2942 594 3007 vicem
630 2950 763 3003 tam
803 2938 1119 3002 custodite
1149 2958 1222 3002 ac
1262 2939 1702 3021 spiritualiter,
1739 2940 1888 3003 irre-

1997 1956 2107 2018 sed
2138 1955 2275 2018 sola
2313 1964 2375 2017 et
2413 1954 2594 2019 brevi
2643 1954 2950 2031 oratione,
2987 1955 3115 2018 imo
3161 1954 3481 2017 interdum

1995 2074 2139 2117 cum
2182 2054 2455 2135 quadam
2494 2053 2802 2135 jussione.
2836 2054 3101 2116 Demum
3139 2053 3484 2116 sacratissi-

1996 2174 2138 2215 mus
2175 2152 2473 2235 princeps
2513 2152 2979 2235 Apostolorum,
3023 2170 3136 2233 per
3182 2150 3481 2214 baculum

1997 2272 2184 2314 suum
2215 2252 2293 2313 ad
2325 2250 2659 2314 defunctos
2682 2249 3029 2333 discipulos
3052 2270 3164 2332 per
3193 2250 3482 2313 viventes

1997 2369 2144 2413 suos
2194 2349 2543 2430 discipulos
2593 2349 2780 2430 longe
2828 2350 3117 2427 missum,
3156 2356 3279 2412 tres
3322 2366 3485 2411 mor-

1998 2458 2140 2512 tuos
2190 2448 2545 2525 suscitavit,
2580 2455 2652 2509 ut
2685 2448 2753 2509 in
2792 2447 3230 2530 Martyrologio
3270 2448 3486 2510 recita-

2001 2556 2102 2610 tur
2145 2547 2523 2610 Sanctorum
2559 2563 2573 2609 :
2608 2564 2877 2627 quorum
2921 2546 3113 2609 trium
3153 2565 3319 2608 unus
3362 2544 3488 2609 fuit

1999 2646 2059 2709 S.
2094 2646 2430 2723 MaternuS,
2466 2644 2577 2726 qui
2624 2644 3045 2726 quadraginta
3087 2644 3313 2708 diebus
3357 2643 3489 2708 fue-

1998 2752 2093 2806 rat
2123 2752 2437 2807 mortuuS.

2065 2842 2385 2919 Praeterea,
2404 2842 2458 2903 si
2482 2842 2801 2905 interdum
2826 2841 3144 2906 exercitiis
3163 2850 3227 2905 et
3246 2841 3487 2905 refecti·

1995 2939 2229 3003 onibus
2262 2940 2493 3003 nostris
2516 2940 2999 3022 colocynthidae,
3025 2939 3088 3001 id
3110 2946 3205 3001 est
3227 2937 3489 3002 tribula-

375 3038 915 3123 prehensibiliter
944 3045 1007 3100 et
1035 3038 1282 3115 devote,
1319 3037 1410 3099 ita
1437 3038 1607 3119 quod
1639 3038 1886 3101 Eliseus
1921 3038 1964 3101 C
1996 3039 2223 3114 tioneS,
2249 3038 2697 3114 desolationeS,
2731 3037 3210 3114 amaritudines,
3248 3035 3489 3099 fuerint

373 3158 529 3202 cum
578 3138 693 3200 illa
741 3154 1030 3200 seorsum
1076 3134 1256 3198 nulla
1293 3136 1546 3198 videtur
1584 3136 1884 3200 habuisse

374 3236 734 3318 colloquia,
769 3244 833 3299 et
869 3252 984 3317 per
1023 3234 1474 3297 intermedium
1516 3234 1882 3298 ministrum

373 3335 580 3399 verba
623 3333 936 3397 direxisse
964 3334 1041 3396 ad
1074 3333 1271 3410 illam,
1300 3352 1417 3396 nec
1451 3334 1654 3416 ipsam
1685 3333 1884 3395 admi-

373 3434 544 3497 sisse
575 3434 658 3497 ad
689 3431 1005 3497 coenaculi
1043 3432 1143 3494 sui
1179 3432 1561 3511 ingressum,
1595 3451 1711 3496 nec
1742 3452 1879 3496 eam

371 3531 764 3613 cognovisse
781 3550 858 3593 ex
879 3530 1320 3611 nomine‚quia
1339 3548 1466 3593 non
1489 3530 1672 3594 aliter
1692 3549 1882 3611 quam

373 3630 810 3705 Sunamitem,
844 3648 982 3692 eam
1018 3647 1280 3692 vocasse
1313 3628 1693 3692 describitur
1721 3630 1878 3710 (non

374 3730 580 3806 enim,
617 3736 694 3790 ut
735 3726 1034 3791 Rabanus
1075 3726 1314 3809 aliique
1362 3734 1695 3804 testantur,
1738 3736 1877 3790 tan-

375 3836 510 3891 tam
541 3846 694 3891 cum
741 3825 882 3908 ipsa
925 3824 1422 3889 familiaritatem
1469 3826 1764 3903 habebat,
1810 3836 1879 3888 ut

371 3926 718 4009 proprium
755 3924 894 4007 ejus
930 3923 1191 3989 sciverit
1222 3926 1482 4005 nomen)
1516 3941 1530 3985 ε
1565 3924 1715 3988 hinc
1753 3925 1878 4005 (in-

370 4026 604 4108 quam)
633 4023 1078 4107 perpenditur,
1111 4042 1304 4104 quam
1335 4023 1651 4102 timorate,
1687 4024 1876 4105 pudi-

367 4144 448 4188 ce
489 4133 556 4187 et
593 4122 913 4186 custodite
961 4129 1185 4183 mutuo
1235 4121 1508 4184 debeant
1547 4140 1614 4185 se
1644 4122 1876 4187 habere

1993 3137 2221 3213 mixtae,
2279 3138 2646 3199 studeamus
2712 3136 2825 3199 has
2888 3136 3231 3209 dulcorare,
3290 3135 3489 3198 admi-

1995 3236 2228 3299 scendo
2260 3234 2555 3312 farinam,
2576 3234 2641 3296 id
2676 3242 2771 3297 est
2804 3234 3141 3297 dominicae
3170 3233 3486 3316 passionis

1994 3333 2401 3397 acerbitatem
2439 3335 2611 3415 (quae
2660 3333 2713 3395 si
2760 3333 2879 3395 rite
2910 3338 3230 3414 pensetur,
3274 3332 3482 3395 omnis

1991 3431 2268 3496 afflictio
2299 3432 2675 3514 mitigatur),
2702 3432 3107 3513 coelestisque
3139 3432 3359 3513 patriae
3385 3433 3481 3513 ju-

1989 3532 2402 3608 cunditatem,
2426 3540 2489 3594 et
2518 3539 2795 3612 quantus
2839 3530 2922 3593 sit
2969 3528 3213 3593 fructus
3256 3531 3478 3594 adver-

1991 3630 2253 3693 sitatum
2273 3629 2716 3711 aequanimiter
2747 3648 3189 3712 perpessarum
3217 3654 3231 3704 ς
3266 3637 3329 3691 et
3360 3628 3475 3691 im-

1988 3729 2276 3810 pleamus
2322 3727 2482 3790 illud
2521 3727 2804 3809 Apostoli
2842 3744 2856 3789 :
2890 3727 3201 3790 Tristatur
3241 3726 3473 3808 aliquis
3501 3751 3767 3802 Jacobsaa.

1987 3829 2310 3891 vestrum2
2332 3834 2498 3901 oret3
2524 3844 2705 3907 aequo
2725 3826 2939 3888 animo
2960 3828 3092 3888 est't
3117 3825 3359 3907 psallat.
3377 3825 3476 3887 At-

1987 3944 2112 4007 que
2143 3944 2507 4007 pensemuS,
2534 3931 2772 4006 quanta
2803 3924 2871 3985 in
2909 3922 3125 3986 futuro
3158 3924 3282 3985 erit
3318 3924 3474 3987 cele-

1986 4024 2139 4086 riter
2170 4042 2388 4086 eorum
2421 4022 2765 4099 damnatio,
2800 4022 2913 4104 qui
2948 4041 3117 4085 nunc
3158 4020 3222 4084 in
3255 4021 3471 4085 labore
3501 4048 3579 4091 1²2.
3593 4052 3767 4099 unns.

1987 4122 2319 4185 hominum
2364 4140 2491 4185 non
2538 4128 2707 4198 sunt,
2754 4140 2871 4185 nec
2916 4140 3059 4183 cum
3104 4120 3473 4183 hominibus

367 4223 500 4287 viri
540 4231 604 4285 et
653 4220 932 4297 feminae,
968 4219 1299 4302 potissime
1337 4220 1699 4301 spirituales
1741 4240 1876 4304 per·
1904 4230 1955 4292 D
1987 4220 2417 4301 flagellantur.
2468 4220 2644 4295 Quod
2693 4219 2747 4281 si
2795 4220 2875 4283 ad
2923 4220 3044 4282 ista
3101 4238 3229 4282 non
3277 4218 3474 4283 fueri-

367 4340 570 4398 sonae,
597 4329 664 4384 et
691 4340 946 4383 omnem
970 4322 1300 4384 incautum
1321 4321 1522 4383 vitare
1543 4320 1869 4398 intuitum,

367 4420 814 4503 periculosum
858 4427 1244 4496 contactum,
1287 4427 1652 4501 suspectum
1689 4419 1876 4482 collo·

365 4520 626 4602 quium,
673 4526 1032 4601 separatam
1075 4517 1502 4600 praesentiam,
1543 4517 1875 4580 familiari-

363 4626 570 4681 tatem
603 4615 924 4695 nocivam,
947 4624 1010 4679 et
1038 4625 1270 4679 cuncta
1297 4636 1442 4698 quae
1469 4618 1548 4679 ad
1577 4616 1872 4681 vitiosam

364 4722 648 4798 possunt
677 4715 1264 4798 concupiscentiam
1301 4715 1597 4793 excitare,
1633 4723 1697 4778 et
1735 4715 1871 4778 solo

363 4813 696 4899 spirituali
727 4832 946 4878 amore
973 4832 1112 4879 esse
1143 4821 1478 4878 contentae.

1985 4338 2126 4382 mus
2177 4318 2599 4397 sufficientes,
2643 4338 2937 4400 rogemus
2988 4337 3307 4382 summum
3349 4318 3475 4381 Eli-

1984 4438 2164 4481 seum
2208 4417 2548 4481 Dominum
2586 4417 2797 4480 Iesum
2836 4417 3180 4494 Christum,
3216 4426 3286 4479 ut
3336 4418 3473 4499 ipse

1986 4516 2443 4580 consolationis
2466 4534 2599 4578 suae
2629 4514 2903 4578 farinam
2934 4514 3232 4596 dignetur
3264 4514 3476 4577 infun-

1984 4615 2134 4678 dere
2162 4639 2177 4690 3
2214 4622 2277 4677 et
2308 4613 2566 4676 interim
2600 4612 2679 4676 ab
2712 4614 2889 4677 omni
2920 4612 3329 4694 negligentia,
3363 4633 3474 4696 pu-

1983 4711 2443 4789 sillanimitate,
2498 4730 2571 4773 ac
2628 4710 2742 4776 vili
2802 4711 3236 4775 consolatione
3284 4711 3473 4774 absti-

1982 4828 2245 4873 neamus
2278 4810 2417 4873 sine
2446 4809 2819 4874 cessatione.
