4309 6259
971 504 1320 553 ENARRATIO
1363 508 1424 552 IN
1467 507 1602 552 GAP.
1651 506 1711 551 Vl
1754 506 1912 554 unm
1953 508 2178 563 QUARTI
2219 510 2445 557 Rmuu.
2488 532 2569 541 —
2609 513 2753 559 ΛΒΤ.
2798 513 2863 560 lx
3382 497 3461 562 38

359 692 506 737 eum
537 676 858 753 occidere,
879 688 940 738 et
967 680 1188 755 fitium
1217 700 1434 739 meum
1461 684 1858 741 comedemus
1887 678 1938 741 A
1969 690 2382 762 aspernanter
2410 684 2658 747 locutus
2680 693 2777 747 est
2805 686 2883 749 de
2900 686 3109 750 Joram
3140 696 3204 750 et
3232 687 3453 751 Achab

356 794 521 835 cras.
551 778 861 838 Cooeimus
889 796 1036 854 erqo
1063 781 1282 855 filium
1314 800 1549 850 meum,
1571 789 1630 840 et
1658 800 1859 841 come-

355 876 596 935 dimus.
635 878 928 955 Dioeique
963 879 1025 935 ei
1067 880 1276 938 altera
1310 880 1419 937 die
1448 900 1471 937 .·
1503 882 1602 939 Da
1631 882 1853 957 filium

355 981 568 1043 tuum,
592 983 664 1034 ut
691 979 1101 1035 comedamus
1139 996 1311 1037 eum.
1341 980 1495 1046 Quce
1523 980 1854 1038 abscondit

345 1072 569 1147 silium
627 1092 858 1143 suum,
907 1081 1128 1137 contra
1175 1074 1572 1151 condictum,
1630 1075 1850 1139 volens

347 1187 490 1231 eum
525 1171 723 1233 morti
753 1172 1150 1249 subtrahere,
1184 1183 1295 1236 aut
1333 1174 1467 1237 sola
1499 1174 1716 1237 forsan
1749 1192 1852 1237 co-

348 1269 628 1333 medere.

437 1371 625 1437 Quod
668 1390 874 1447 quum
917 1372 1203 1433 audisset
1245 1393 1388 1441 rex,
1423 1374 1617 1434 scidit
1661 1374 1847 1432 vesti-

347 1478 564 1529 menta
615 1490 766 1538 sua,
827 1488 903 1531 ex
957 1470 1321 1532 vehementi
1378 1470 1618 1546 dolore,
1673 1470 1844 1550 quod

343 1572 518 1628 tanta
546 1574 720 1629 esset
751 1567 818 1629 in
849 1568 1008 1629 urbe
1037 1576 1100 1631 et
1131 1568 1320 1650 plebe
1350 1588 1466 1631 sua
1484 1568 1762 1643 caristia,
1781 1574 1844 1630 et

343 1665 512 1744 quod
545 1672 678 1726 tam
709 1665 1136 1729 inhumanum
1183 1668 1389 1730 scelus
1425 1666 1694 1747 contigit
1724 1665 1839 1741 ibi,

341 1772 399 1823 et
437 1766 756 1825 transivit
799 1786 920 1844 per
967 1786 1256 1827 murum.
1289 1769 1590 1845 Videtque
1632 1766 1844 1827 omnis

1968 798 2094 842 non
2126 800 2203 843 ex
2234 780 2530 859 elatione,
2564 783 2672 845 sed
2716 783 2851 848 zelo
2887 784 3151 866 justitiae
3193 795 3453 868 propter

1966 878 2219 941 illorum
2284 878 2569 943 facinora
2608 906 2621 955 3
2685 893 2757 943 ut
2805 885 3213 961 prcecz‘datur
3258 895 3452 963 caput

1963 982 2221 1039 meum?
2264 981 2473 1040 Videte
2491 1000 2639 1057 erqo
2660 1002 2859 1061 quum
2892 986 3137 1044 venerit
3157 986 3449 1051 nuncius.

1962 1074 2261 1139 videlicet
2281 1077 2614 1160 spiculator
2633 1080 2711 1141 ad
2726 1080 3167 1143 decollandum
3188 1101 3291 1145 me
3309 1082 3452 1144 mis-

1961 1193 2090 1251 sus,
2125 1179 2410 1237 claudite
2442 1179 2705 1247 ostium,
2746 1187 2804 1240 et
2850 1200 2978 1240 non
3026 1181 3261 1241 sinatis
3304 1202 3451 1243 eum

1961 1275 2255 1335 introire.
2292 1275 2426 1337 Non
2457 1294 2533 1337 ex
2568 1276 2928 1340 inordinato
2960 1278 3181 1339 mortis
3222 1278 3451 1342 timore

1963 1372 2122 1434 dixit
2170 1373 2291 1436 hoc
2339 1374 2607 1452 EliseuS‚
2643 1377 2751 1439 sed
2800 1377 3105 1458 quoniam
3155 1378 3289 1443 vita
3336 1398 3453 1441 sua

1961 1471 2169 1534 adhuc
2200 1480 2327 1534 tam
2363 1474 2718 1537 necessaria
2751 1474 2875 1537 fuit
2904 1476 3448 1554 communitati,et

1959 1578 2220 1652 propter
2262 1570 2325 1633 id
2370 1574 2541 1654 quod
2585 1572 2882 1636 subditur
2924 1592 2937 1635 :
2982 1596 3117 1635 ecce
3151 1578 3326 1637 enim
3358 1597 3452 1637 so-

1959 1670 2139 1729 m‘tus
2168 1674 2412 1747 pedum
2441 1674 2695 1732 domini
2722 1673 2860 1748 ejus
2886 1684 3029 1750 post
3063 1694 3211 1735 eum
3240 1686 3352 1743 est,
3386 1673 3448 1736 id

1957 1776 2073 1844 est,
2111 1787 2219 1831 rex
2250 1786 2396 1832 mox
2428 1770 2717 1850 sequitur
2748 1789 2917 1833 eum.
2942 1770 3245 1834 Poenituit
3276 1772 3450 1836 enim

331 1866 622 1939 populus
666 1862 758 1925 ibi
809 1882 1087 1946 praesens
1126 1867 1446 1935 cilicium,
1495 1886 1618 1945 quo
1660 1867 1845 1926 vesti·
1884 1863 1929 1925 B
1952 1865 2161 1929 Joram
2184 1868 2264 1930 de
2297 1867 2403 1930 illa
2427 1868 2899 1947 commissione,
2926 1869 3069 1933 ideo
3088 1870 3291 1933 voluit
3324 1871 3451 1953 spi-

341 1970 441 2021 tus
465 1972 610 2022 erat
639 1983 758 2023 rex
790 1966 874 2024 ad
905 1984 1168 2025 carnem
1201 1982 1378 2025 suam
1417 1966 1837 2035 intrinsecus,

339 2058 400 2120 id
430 2068 530 2122 est
571 2080 770 2142 super
817 2062 1060 2123 nudum
1091 2080 1346 2143 corpuS,
1389 2063 1559 2143 quod
1599 2061 1842 2125 afflixit

338 2158 688 2239 asperitate
718 2158 938 2235 cilicii,
975 2168 1046 2222 ut
1091 2160 1595 2223 misericordiam
1645 2161 1844 2243 impe-

341 2264 540 2319 traret
592 2278 630 2319 a
681 2258 972 2321 Domino.
1023 2258 1232 2321 Coluit
1280 2258 1450 2321 enim
1504 2260 1843 2322 Dominum

343 2374 642 2419 unacum
672 2356 885 2419 aureis
915 2356 1138 2421 vitulis
1173 2374 1187 2419 ε
1224 2358 1444 2439 sicque
1478 2357 1845 2420 imitabatur

79 2466 310 2557 {lateam
345 2454 564 2517 Achab
595 2462 846 2537 patrem
872 2475 1082 2531 suum,
1117 2456 1229 2537 qui
1263 2456 1477 2518 audita
1506 2456 1846 2519 commina-

340 2554 518 2617 tione
550 2554 732 2631 Elina,
766 2554 957 2617 scidit
985 2563 1230 2619 vestem
1262 2574 1462 2632 suam,
1497 2563 1562 2618 et
1591 2555 1844 2638 operuit

339 2652 556 2716 cilicio
587 2672 849 2715 carnem
887 2672 1090 2730 suam,
1123 2654 1568 2736 Jejunavitque
1607 2662 1670 2717 et
1701 2655 1842 2716 dor-

339 2752 527 2815 mivit
559 2752 626 2814 in
661 2770 869 2828 sacm,
889 2761 960 2814 ut
987 2751 1193 2835 patuit
1212 2772 1406 2834 supra
1434 2752 1598 2815 libro
1630 2753 1838 2815 tertio.

341 2854 426 2913 Et
454 2854 556 2913 ait
587 2872 708 2911 rem
727 2872 750 2911 .·
781 2853 937 2912 Hoec
963 2853 1172 2928 faciat
1203 2853 1370 2912 mihi
1400 2854 1597 2921 Deus,
1618 2861 1678 2912 et
1710 2853 1844 2913 hoec

335 2954 571 3022 addat,
601 2953 664 3011 si
690 2952 935 3011 steterit
963 2960 1159 3027 caput
1187 2952 1395 3011 Elisei
1421 2952 1558 3027 filit
1587 2951 1842 3027 Sapkat

1952 1965 2301 2029 culatorem
2361 1968 2439 2029 de
2497 1967 2905 2030 exsecutione
2958 1968 3332 2049 prohibere3
3385 1979 3448 2032 et

1952 2064 2243 2144 quamvis
2278 2073 2515 2128 temere
2560 2066 2624 2127 id
2671 2066 2931 2147 juravit,
2968 2075 3181 2130 tamen
3216 2086 3292 2129 ex
3324 2068 3448 2131 dis-

1952 2162 2235 2225 cretione
2266 2162 2469 2226 voluit
2501 2182 2815 2241 revocare,
2853 2173 2916 2227 et
2948 2164 3027 2227 ab
3060 2164 3271 2227 Eliseo
3301 2184 3448 2228 con·

1953 2260 2169 2323 silium
2206 2261 2641 2344 auxiliumque
2680 2264 3043 2344 deposcere.
3068 2265 3304 2325 Adhuc
3328 2266 3443 2324 illo

1955 2366 2245 2438 loquente
2272 2363 2387 2431 eis,
2421 2364 2733 2440 apparuit
2774 2365 3049 2423 nuntius
3087 2364 3203 2441 qut‘
3234 2365 3445 2422 venie-

1953 2462 2059 2519 bat
2087 2464 2177 2520 ad
2194 2470 2439 2531 eum‚et
2480 2464 2575 2521 ait
2607 2442 2714 2523 rei
2746 2459 2845 2524 vel
2879 2460 3141 2523 nuntius
3164 2480 3239 2524 ex
3262 2470 3441 2543 parte

1953 2558 2120 2638 regis
2157 2576 2170 2619 :
2212 2563 2367 2620 Ecce
2399 2569 2649 2619 tantum
2683 2563 2931 2620 malum
2960 2582 3001 2619 a
3022 2562 3299 2620 Domino
3326 2571 3439 2634 est,

1953 2655 2015 2717 id
2049 2664 2167 2730 est,
2201 2663 2375 2717 tanta
2418 2655 2786 2731 adversitas,
2821 2656 2923 2720 vel
2964 2655 3154 2718 etiam
3195 2664 3442 2719 tantum

1950 2753 2218 2831 crimen,
2254 2754 2498 2818 scilicet
2526 2753 2889 2817 interfectio
2919 2763 3109 2836 atque
3138 2756 3441 2818 comestio

1951 2853 2196 2935 proprii
2226 2852 2372 2931 filii,
2388 2873 2425 2916 a
2445 2854 2571 2916 Deo
2593 2852 2825 2916 accidit
2844 2853 3244 2935 permissive.
3267 2856 3441 2924 Quid

1950 2953 2236 3029 amplius
2276 2953 2641 3029 eoespectabo
2682 2972 2723 3012 a
2755 2953 3028 3013 Domino
3052 2954 3081 3011 ?
3119 2951 3301 3033 quasi
3346 2952 3442 3013 di-

333 3070 531 3127 super
555 3050 805 3128 ipsum,
837 3048 900 3111 id
932 3056 1030 3111 est
1059 3067 1252 3130 super
1281 3048 1594 3130 reliquam
1625 3067 1842 3131 corpo·
1869 3054 1914 3119 C
1949 3056 2050 3111 cat
2085 3066 2098 3111 :
2135 3049 2271 3113 Non
2300 3058 2507 3131 potest
2538 3049 2697 3111 mihi
2742 3049 2927 3132 pejus
2960 3051 3319 3127 succedere,
3352 3049 3441 3112 ita

335 3150 426 3211 ris
455 3148 560 3212 sui
583 3156 856 3229 partem,
882 3150 1094 3220 hodie,
1114 3148 1178 3209 id
1207 3156 1302 3210 est
1327 3166 1439 3229 per
1459 3155 1656 3211 totam
1676 3148 1840 3211 hanc

330 3248 508 3311 diem
541 3265 560 3309 ε
596 3247 719 3309 hoc
753 3255 872 3323 est,
907 3246 1033 3308 nisi
1065 3246 1256 3309 hodie
1289 3245 1499 3309 fecero
1541 3265 1687 3309 eum
1728 3248 1836 3310 de-

1949 3155 2018 3210 ut
2047 3148 2405 3231 desperatio
2444 3156 2659 3230 posset
2702 3166 2804 3211 mc
2842 3149 2918 3211 ad
2963 3167 3153 3212 omne
3195 3148 3439 3212 crimen

1950 3248 2367 3329 praecipitare.

331 3344 630 3428 capitari‚
655 3346 822 3407 Deus
851 3363 956 3407 me
987 3343 1233 3426 puniat,
1252 3353 1315 3407 et
1343 3362 1550 3426 poenae
1579 3360 1837 3426 poenam

331 3444 624 3527 adjiciat.
660 3443 788 3507 Hoc
818 3443 1080 3525 juravit,
1116 3443 1216 3506 vel
1247 3443 1402 3526 quia
1433 3444 1682 3525 putavit
1711 3443 1838 3505 Eli-

331 3564 516 3607 seum
550 3544 930 3625 impetrasse
945 3542 1110 3606 hanc
1131 3542 1354 3625 populi
1385 3542 1830 3620 afflictionem,

333 3643 680 3706 Dominum
711 3641 1029 3703 exorando
1061 3640 1128 3703 in
1158 3640 1469 3704 ultionem
1491 3640 1834 3704 criminum

77 3754 302 3811 mama.
332 3741 584 3825 populi,
621 3740 792 3804 sicut
827 3739 998 3802 Elias
1048 3739 1416 3822 impetravit
1463 3741 1827 3822 pluviarum
1947 3739 2455 3822 incorporantur.
2518 3740 2693 3802 Unde
2752 3740 3156 3803 beatissimus
3204 3741 3436 3804 Christi

331 3839 884 3911 subtractionemg
920 3838 1022 3901 vel
1062 3838 1216 3920 quia
1262 3838 1396 3900 suis
1436 3838 1832 3902 orationibus
1947 3856 2297 3919 praecursor
2333 3854 2346 3899 :
2379 3838 2512 3899 Jam
2550 3837 2817 3919 (inquit)
2861 3838 3100 3901 securis
3144 3839 3221 3900 ad
3269 3840 3437 3901 radi·
3484 3862 3726 3917 Mantum,

327 3958 460 4002 non
523 3937 896 4020 impetravit
953 3937 1313 4002 relevamen
1376 3956 1414 3999 a
1463 3938 1658 3999 tantis
1717 3937 1835 3999 mi·
1941 3956 2081 3999 cem
2112 3936 2357 3999 arboris
2387 3936 2596 4018 posita
2636 3944 2752 3999 est.
2786 3936 2987 4018 Hujus
3027 3937 3267 3999 securis
3311 3936 3435 4001 fer-
3466 3928 3530 3968 ¹⁰·

2025 3346 2209 3408 Juxta
2239 3346 2576 3427 mysticum
2608 3363 2887 3421 sensum,
2914 3345 3179 3423 securiS,
3206 3364 3333 3429 qua
3364 3346 3439 3409 li·-
3509 3369 3671 3414 sensu·

1945 3461 2071 3524 gna
2099 3444 2176 3506 ad
2208 3443 2660 3507 {edificandum
2692 3444 3145 3526 praeciduntur,
3182 3453 3279 3507 est
3310 3464 3439 3507 ser·
3466 3436 3687 3489 mY⁸²³⁶¹¹³·

1946 3560 2052 3605 mo
2081 3542 2361 3620 divinuS,
2395 3562 2523 3624 quo
2554 3542 2845 3605 homines
2875 3550 3351 3620 convertuntur,
3376 3552 3440 3607 et

1947 3641 2169 3704 relicta
2208 3640 2507 3717 vanitate,
2550 3641 2797 3705 Christo
2834 3660 2908 3705 ac
2958 3641 3097 3722 ejus
3140 3642 3438 3706 Ecclesiae

325 4057 538 4101 serus.

406 4140 668 4199 Eliseus
697 4144 918 4196 autem
954 4138 1204 4195 sedebat
1244 4136 1318 4195 in
1357 4138 1543 4196 domo
1581 4156 1723 4207 sua,
1761 4136 1829 4197 in

1943 4041 2198 4111 rum,est
2217 4033 2627 4097 comminatio
2647 4033 2848 4095 divini
2868 4034 3095 4115 judicii
3117 4054 3190 4098 ac
3210 4035 3431 4099 aeterni

1942 4131 2265 4214 supplicii.
2301 4132 2696 4194 Manubrium
2748 4150 2920 4210 vero,
2953 4141 3050 4194 est
3080 4133 3435 4197 consolatio

321 4255 452 4318 qua
479 4233 788 4298 Samariae
817 4232 1207 4309 morabatur,
1241 4242 1300 4293 et
1328 4254 1503 4293 senes
1531 4236 1828 4296 sedebant
1860 4238 1909 4299 D
1938 4240 2339 4309 aeternorum,
2376 4250 2649 4315 spesque
2694 4232 3126 4315 praemiorum,
3163 4252 3305 4315 quae
3346 4242 3436 4296 te-

321 4356 546 4395 coram
573 4354 644 4394 eo
667 4354 690 4393 .·
710 4350 874 4414 quos
893 4332 1204 4413 Iosephus
1225 4340 1409 4393 vocat
1429 4331 1784 4413 discipulos
1806 4356 1822 4407 3

319 4434 546 4516 sicque
574 4430 897 4514 sapientia
927 4439 992 4493 et
1030 4430 1395 4493 maturitate
1432 4449 1682 4493 morum
1728 4430 1830 4493 fu-

319 4540 504 4594 erant
533 4548 746 4608 seneS,
780 4537 964 4592 aetate
989 4546 1248 4611 quoque
1278 4528 1538 4608 quidam
1577 4546 1822 4591 eorum.

321 4631 660 4692 Proemisit
701 4630 923 4707 itaque
953 4630 1198 4697 virum,
1231 4626 1294 4689 id
1340 4635 1457 4703 est,
1495 4646 1600 4689 rex
1645 4626 1826 4689 misit

322 4736 470 4791 ante
501 4748 572 4790 se
592 4726 1086 4808 spiculatorem3
1118 4734 1178 4786 et
1197 4735 1546 4805 antequam
1579 4728 1825 4787 veniret

323 4828 604 4889 nuntius
636 4828 752 4885 ille
779 4844 984 4906 usque
1011 4824 1090 4886 ad
1112 4824 1374 4886 domum
1405 4823 1621 4900 Elisei,
1646 4826 1827 4885 dixit

325 4924 575 4989 Eliseus
597 4928 688 4985 ad
714 4944 890 4984 senes
921 4944 943 4983 .·
973 4923 1105 5004 iam
1125 4922 1298 4984 enim
1319 4922 1668 4987 revelatum
1699 4922 1824 4985 sibi

331 5024 453 5085 fuit
478 5044 517 5086 a
547 5022 821 5086 Domino
857 5039 871 5084 z
909 5024 1255 5101 Numquid
1281 5023 1480 5093 scitis,
1515 5024 1686 5101 quod
1716 5024 1830 5083 mi-

327 5126 484 5184 serit
519 5124 710 5200 filius
751 5123 1094 5183 homicidae
1139 5122 1289 5191 hue,
1329 5120 1574 5183 scilicet
1611 5121 1822 5184 Joram

103 5232 200 5279 ma
219 5252 299 5285 m.
331 5241 440 5285 rex
469 5221 654 5283 filius
685 5219 890 5303 ipsius
923 5218 1157 5295 Achab,
1178 5220 1290 5301 qui
1321 5219 1388 5280 in
1420 5226 1686 5281 mortem
1719 5220 1829 5281 Na-

329 5320 480 5383 both
507 5318 840 5384 consensit
869 5318 1090 5400 inique
1127 5334 1141 5379 :
1177 5318 1397 5399 sicque
1427 5318 1674 5381 Eliseus
1695 5326 1826 5380 tam

1939 4340 2044 4394 net
2075 4340 2443 4413 operantem
2478 4331 2545 4393 in
2578 4350 2769 4413 opere
2799 4331 2969 4395 bono
2994 4348 3008 4393 :
3033 4332 3188 4413 quia
3214 4333 3315 4413 (ut
3344 4332 3435 4394 ait

1936 4429 2304 4512 Apostolus)
2343 4430 2531 4493 debet
2574 4430 2641 4492 in
2686 4449 2819 4512 spe,
2856 4430 2967 4511 qui
3011 4438 3167 4508 arat,
3218 4449 3426 4494 arare.
3462 4445 3511 4554 ὦ
3527 4449 3710 4498 con-‚m

1936 4528 2064 4592 Hoc
2105 4528 2349 4591 ferrum
2388 4530 2558 4592 cadit
2605 4528 2672 4591 in
2710 4546 2940 4611 aquam
2981 4537 3044 4592 et
3093 4530 3425 4611 mergitur,

1936 4628 2088 4689 dum
2127 4626 2501 4709 praedicator
2529 4629 2606 4690 de
2651 4627 3260 4691 comminationibus
3307 4636 3434 4692 tor-

1934 4734 2297 4789 mentorum
2347 4734 2409 4790 et
2458 4727 2665 4806 rigore
2714 4726 2951 4790 divinae
2999 4728 3267 4808 justitiae
3316 4728 3434 4789 im·

1935 4825 2257 4887 moderate
2306 4824 2791 4902 sermocinatur,
2843 4843 2972 4888 non
3022 4826 3433 4889 admiscendo

1935 4922 2359 4987 consolatoria
2388 4923 2582 4987 verba
2616 4941 2629 4985 :
2666 4920 2925 5006 propter
2962 4924 3133 5005 quod
3168 4924 3433 4987 audien-

1937 5030 2029 5084 tes
2061 5022 2261 5103 magis
2291 5023 2369 5085 ad
2400 5023 2740 5103 quamdam
2771 5022 3283 5104 desperationem
3320 5040 3432 5085 seu
3468 5037 3473 5041 ·

1935 5120 2394 5183 desolationem
2443 5129 2506 5184 et
2554 5120 3179 5203 pusillanimitatem,
3233 5138 3427 5201 quam

1936 5221 2014 5283 ad
2045 5219 2444 5300 spiritualem
2474 5218 2833 5301 profectum
2866 5227 3225 5281 moventur.
3251 5217 3429 5292 Quod

1937 5317 2219 5380 sentiens
2257 5316 2652 5399 praedicator,
2687 5315 2919 5377 clamat
2958 5315 3039 5377 ad
3081 5314 3423 5394 Christum,
