4309 6259
540 2745 799 2852 gap-¹¹2¹&

570 3628 719 3673 exod.
730 3643 800 3682 xx,

535 3693 603 3735 2¹.

530 5109 683 5214 ’ξνοα
698 5124 795 5164 xxv,

835 479 954 544 694
1610 496 1958 543 summi-io
2002 497 2061 542 m
2106 495 2244 542 car.
2291 495 2507 542 xxxvu
2545 495 2673 542 soa.
2717 514 2800 526 —
2840 495 2984 541 aar.
3031 494 3148 540 axv

834 669 1147 732 rationem
1189 668 1423 733 mentis
1464 670 1531 731 in
1569 670 1773 750 gratia
1816 679 1883 734 et
1920 669 2180 745 virtute,
2215 667 2328 731 aeri
2357 667 2411 730 A
2441 676 2547 731 tur
2586 688 2625 731 a
2663 667 2892 748 gloria.
2941 664 3560 748 lmmrscrutabilem
3608 663 3808 740 enim,
3843 661 3940 724 in-

828 767 1289 830 assimilantur.
1326 767 1508 830 Solus
1546 775 1759 830 autem
1800 770 1963 830 Deus
2006 773 2103 830 est
2145 765 2329 828 insti-

830 873 1003 929 tutor
1041 874 1108 929 et
1145 874 1321 929 actor
1362 874 1605 929 naturae
1643 885 1717 930 ac
1753 867 1993 947 gratiae.

910 965 1173 1046 Insuper
1216 963 1501 1028 irrisorie
1546 965 1764 1028 subdit
1797 983 1812 1026 ε
1848 967 2117 1029 Ostende
2146 967 2328 1025 nobis

827 1065 991 1143 quid
1016 1065 1313 1125 dicamus
1348 1066 1462 1124 ei:
1492 1062 1557 1125 id
1607 1072 1724 1140 θεῖ,
1768 1082 1968 1145 quum
2028 1071 2218 1126 tantae
2267 1071 2328 1126 te

828 1160 1160 1242 sapientiae
1206 1169 1486 1243 reputeS,
1520 1169 1590 1222 ut
1631 1161 1960 1244 disputare
2004 1180 2152 1224 cum
2199 1161 2328 1224 Deo

832 1259 1013 1337 velis,
1057 1260 1214 1323 doce
1254 1278 1370 1322 nos
1412 1259 1691 1341 qualiter
1734 1279 1851 1323 nos
1894 1278 2151 1341 quoque
2199 1259 2328 1323 Deo

832 1358 1217 1440 respondere
1243 1358 1579 1439 possimuS‚
1595 1358 1699 1423 vel
1720 1358 2041 1440 quomodo
2058 1358 2326 1438 dignum

830 1455 1075 1538 aliquid
1108 1456 1169 1520 ei
1200 1474 1314 1519 seu
1351 1455 1419 1518 in
1459 1456 1648 1519 laude
1687 1457 1825 1538 ejus
1869 1456 2180 1533 dicamus,
2215 1455 2327 1537 qui

830 1555 1037 1637 major
1077 1554 1253 1617 omni
1296 1561 1393 1617 est
1436 1555 1645 1617 laude.
1686 1557 1817 1617 Nos
1856 1557 2093 1634 quippe
2122 1555 2330 1614 invol-

831 1655 1053 1716 vimur
1092 1655 1388 1724 tenebris,
1428 1653 1492 1716 id
1542 1661 1659 1730 est,
1703 1651 2081 1734 ignorantiis
2131 1653 2326 1718 variis

830 1751 1261 1833 implicamur,
1284 1751 1426 1815 ideo
1456 1751 1879 1815 instructione
1908 1751 2027 1815 hac
2054 1759 2166 1813 tua
2194 1769 2330 1830 ege

2439 765 3086 850 comprehensibilem
3115 772 3182 827 et
3214 765 3599 827 immensum
3633 781 3942 845 praesum-

2439 874 2667 948 ptuose
2695 865 2989 938 scrutari,
3009 862 3286 926 maxima
3303 871 3401 926 est
3419 860 3714 924 stultitia.
3727 860 3942 924 Potest

2439 983 2697 1046 quoque
2745 964 2838 1028 sic
2887 963 3014 1044 legi
3051 962 3306 1024 :Etiam
3351 961 3404 1023 si
3449 961 3701 1024 locutus
3742 956 3942 1021 fuerit

2441 1064 2578 1146 ipse
2625 1063 2789 1124 Deus
2837 1061 3110 1138 homini,
3157 1060 3351 1123 homo
3395 1057 3831 1134 devorabitur,
3873 1057 3940 1119 id

2437 1169 2550 1237 est,
2584 1161 2964 1243 parvitatem
3013 1177 3194 1221 suam
3237 1165 3599 1239 cognoscet,
3631 1166 3696 1221 et
3723 1177 3940 1240 respe-

2438 1268 2546 1323 ctu
2583 1259 2689 1322 Dei
2719 1258 2906 1340 quasi
2947 1257 3110 1320 nihil
3141 1275 3210 1320 se
3237 1275 3378 1319 esse
3416 1255 3790 1338 conspiciet,
3829 1275 3938 1318 ne-

2438 1377 2564 1439 que
2625 1366 2754 1420 tam
2809 1356 3151 1419 sublimem
3203 1373 3337 1418 rem
3390 1373 3618 1437 capere
3671 1355 3930 1436 poterit,

2437 1458 2616 1540 juxta
2646 1457 2808 1519 illud
2837 1454 3314 1519 Deuteronomii
3353 1472 3367 1516 ε
3401 1453 3564 1528 Quid
3597 1462 3695 1517 est
3722 1453 3933 1518 omnis
3959 1473 4223 1520 mannas.
4286 1497 4287 1500 η

2437 1574 2607 1634 caro,
2663 1565 2732 1618 ut
2780 1554 3000 1618 audiat
3048 1572 3268 1617 vocem
3315 1553 3427 1616 Dei
3477 1551 3756 1618 viventis
3789 1558 3820 1614 ⁴?
3863 1553 3932 1614 lu

2437 1655 2653 1718 Exodo
2709 1672 2968 1736 quoque
3022 1650 3150 1715 filii
3205 1652 3395 1714 lsrael
3456 1651 3809 1733 loquuntur
3853 1651 3934 1714 ad

2439 1753 2688 1836 Moysen
2725 1770 2739 1814 ε
2772 1753 3060 1834 Loquere
3099 1759 3169 1814 tu
3208 1750 3419 1830 nobiS‚
3451 1759 3514 1814 et
3555 1750 3930 1826 audiemus3
3962 1765 4224 1873 ιῗεοααι,

828 1869 991 1926 mus,
1027 1868 1227 1931 quum
1258 1857 1444 1932 putes
1475 1857 1535 1912 te
1568 1849 1849 1912 tenebris
1885 1868 2014 1912 non
2054 1849 2321 1913 involvi.
2363 1853 2410 1914 B
2439 1871 2567 1916 non
2618 1852 2920 1933 loquatur
2966 1850 3154 1914 nobis
3201 1849 3531 1928 Dominus,
3577 1869 3660 1912 ne
3704 1849 3936 1911 moria-

826 1947 1127 2023 Quamvis
1156 1956 1370 2011 autem
1402 1948 1546 2010 Eliu
1580 1949 1700 2012 hoc
1729 1947 1974 2012 ironice
2004 1947 2198 2024 dicat,
2236 1947 2327 2009 ni-

826 2047 959 2112 hilo
990 2047 1204 2110 minus
1236 2066 1458 2111 verum
1498 2057 1596 2110 est
1633 2047 1807 2129 quod
1837 2066 2059 2110 omnes
2098 2065 2216 2110 nos
2259 2047 2324 2108 in

826 2145 1057 2209 saeculo
1110 2144 1232 2208 isto
1286 2145 1481 2210 variis
1537 2163 1849 2223 errorum,
1906 2145 2213 2210 vitiorum
2265 2152 2329 2208 et

825 2242 1329 2324 ignorantiarum
1376 2243 1659 2306 tenebris
1702 2242 2123 2320 offuscamur,
2161 2251 2226 2306 et
2251 2263 2330 2306 ea

824 2361 969 2424 quae
1000 2342 1259 2418 scimus,
1296 2342 1563 2405 minima
1594 2351 1743 2405 sunt
1774 2348 2067 2424 respectu
2103 2360 2325 2406 eorum

828 2459 971 2522 quae
1001 2439 1389 2521 ignoramus,
1417 2442 1705 2518 Demum,
1732 2459 1875 2522 quie
1905 2440 2166 2516 scimus,
2196 2459 2323 2503 non

827 2547 959 2602 tam
999 2539 1189 2622 plene
1226 2558 1301 2602 ac
1341 2539 1608 2621 limpide
1646 2538 1908 2615 scimuS,
1944 2547 2013 2600 ut
2045 2558 2145 2601 res
2187 2538 2328 2620 ipsa

830 2636 1283 2720 cognoscibilis
1314 2646 1539 2701 exstat.
1575 2636 1813 2700 Idcirco
1844 2636 2151 2718 scriptum
2185 2645 2320 2700 est:

830 2736 1256 2817 Cogitationes
1286 2735 1655 2799 mortalium
1689 2735 1947 2812 timidae,
1974 2744 2037 2798 et
2067 2736 2328 2800 incertae

831 2835 1251 2918 providentiae
1309 2843 1541 2897 nostrae
1583 2853 1600 2915 ;
1651 2852 1883 2916 corpus
1932 2834 2103 2897 enim
2152 2835 2327 2916 quod

830 2933 1282 3015 corrumpitur,
1315 2941 1616 3013 aggravat
1662 2933 1966 3010 animam,
2011 2940 2076 2996 et
2114 2932 2327 3014 depri-

2437 1969 2604 2012 mur.
2655 1948 2964 2013 Similiter
3007 1949 3074 2010 in
3111 1948 3352 2012 Joanne
3395 1947 3484 2011 ait
3521 1947 3803 2011 Salvator
3847 1946 3935 2009 di·

2437 2048 2704 2130 scipulis
2753 2066 2767 2110 :
2813 2048 3005 2110 Multa
3051 2045 3259 2110 habeo
3305 2046 3488 2110 vobis
3536 2045 3770 2123 dicere,
3821 2045 3932 2107 sed
3974 2067 4222 2156 tonnam

2439 2165 2567 2212 non
2610 2147 2880 2229 potestis
2918 2154 3176 2228 portare
3216 2145 3429 2208 modo.

2517 2249 2606 2307 Ac
2645 2265 2824 2306 nunc
2862 2265 2994 2304 non
3035 2246 3258 2304 vident
3302 2248 3534 2314 luce-m,
3567 2243 3632 2305 id
3670 2251 3790 2320 est,
3823 2243 3938 2306 ho—

2437 2343 2644 2406 mines
2694 2343 2760 2405 in
2813 2343 2933 2405 hac
2983 2341 3118 2407 vita
3163 2341 3372 2405 lucem
3421 2340 3708 2404 veritatis
3765 2340 3936 2404 clare

2437 2461 2569 2506 non
2619 2442 2972 2517 intuentur,
3008 2459 3128 2504 nec
3171 2440 3370 2504 Deum
3413 2439 3528 2520 qui
3571 2438 3780 2521 prima
3829 2440 3937 2502 lux

2437 2548 2554 2618 est,
2591 2559 2704 2623 per
2737 2541 3016 2622 speciem
3049 2539 3588 2620 contemplantur.
3623 2538 3804 2602 Nunc
3833 2557 3940 2604 ve-

2438 2658 2508 2701 ro
2559 2639 2780 2702 vident
2827 2657 2972 2701 eum
3024 2656 3138 2720 per
3187 2655 3338 2700 suos
3385 2635 3684 2714 effectuS,
3719 2645 3939 2719 postea

2439 2756 2586 2800 eum
2635 2737 2807 2800 clare
2854 2735 3078 2800 visuri.
3125 2739 3354 2798 Subito
3400 2756 3516 2796 aer
3559 2745 3818 2813 coyetur
3861 2739 3936 2796 in

2435 2839 2632 2896 nubes
2663 2857 2684 2895 .·
2719 2835 2782 2897 id
2814 2843 2932 2912 est,
2965 2852 3164 2917 vapor
3193 2834 3480 2898 elevatus
3512 2833 3579 2897 in
3609 2851 3938 2912 aere‚con-

2436 2934 2786 3014 stringetur
2811 2933 2876 2994 in
2903 2932 3176 2996 formam
3207 2952 3282 2995 ac
3311 2931 3793 3014 spissitudinem
3826 2950 3938 2993 nu-

827 3031 947 3094 mit
978 3040 1229 3094 terrena
1258 3028 1641 3094 inhabitatio
1680 3049 1941 3093 sensum
1978 3031 2183 3093 multa
2221 3050 2325 3094 co·
2358 3031 2400 3093 C
2435 3033 2558 3110 his,
2595 3051 2672 3096 ex
2700 3051 2831 3114 quo
2861 3051 2972 3095 aer
3001 3031 3420 3111 ingrossatur,
3453 3050 3528 3094 ac
3559 3031 3934 3093 tenebrosus

825 3130 1158 3211 gitantem.
1196 3128 1354 3191 Hinc
1392 3129 1547 3192 dicit
1586 3128 1885 3192 Albertus
1920 3145 1934 3190 t
1976 3129 2067 3190 Ex
2113 3148 2324 3192 rever-

827 3227 1159 3292 beratione
1218 3227 1793 3310 incircumscriptae
1852 3227 2047 3304 luciS‚
2099 3229 2324 3291 oculus

830 3326 1030 3389 nostri
1062 3324 1424 3390 intellectus
1455 3325 1806 3390 involvitur
1835 3325 2136 3403 tenebriS,
2159 3326 2325 3390 sicut

828 3442 1171 3507 corporeus
1201 3424 1425 3488 oculus
1464 3423 1813 3506 inspiciens
1845 3424 2052 3488 lucem
2085 3424 2151 3487 in
2187 3433 2324 3487 rota

830 3522 1005 3585 solis.
1032 3521 1207 3597 Quod
1238 3521 1647 3603 significatur
1670 3523 1735 3585 in
1766 3523 2001 3600 Exodo,
2028 3524 2138 3586 ubi
2171 3523 2324 3607 Moy-

832 3640 933 3685 ses
977 3620 1213 3684 dicitur
1263 3621 1588 3700 ingressus
1633 3622 1713 3683 ad
1755 3621 2091 3683 Dominum
2123 3623 2192 3684 in
2223 3640 2324 3685 ca-

829 3719 1093 3800 liginem
1130 3737 1143 3781 :
1181 3737 1323 3800 quae
1360 3717 1566 3801 caligo
1608 3717 1733 3780 fuit
1769 3718 2195 3782 reverberatio
2228 3719 2324 3781 in-

828 3817 1121 3881 tellectus
1168 3817 1393 3899 Moysis
1441 3816 1523 3879 ab
1572 3816 2131 3899 incircumscripta
2181 3818 2322 3882 luce

828 3915 1161 4000 praesentis
1198 3916 1334 3978 Dei.

911 4015 1068 4084 Quis
1098 4015 1399 4075 narrabit
1428 4015 1491 4073 ei
1518 4033 1663 4094 quoe
1692 4017 1918 4092 loquor
1939 4016 1969 4075 ?
2000 4014 2184 4095 quasi
2227 4015 2322 4078 di-

827 4122 930 4177 cat
962 4131 977 4175 ε
1011 4111 1215 4187 Quum
1266 4111 1404 4194 ipse
1448 4110 1665 4174 omnia
1706 4111 1886 4189 sciat,
1922 4113 2015 4174 nil
2046 4113 2106 4176 ei
2134 4115 2318 4196 quasi

2435 3130 2747 3194 efficitur.
2789 3133 2870 3192 Et
2912 3141 3139 3191 ventus
3183 3131 3526 3201 transiens,
3560 3129 3623 3191 id
3655 3137 3754 3191 est
3779 3127 3936 3190 voli-

2437 3237 2600 3304 tans,
2635 3231 2894 3306 fugabit
2938 3250 3070 3298 eas,
3102 3227 3167 3290 id
3207 3235 3324 3304 est,
3367 3227 3449 3289 ad
3496 3227 3748 3291 diversa
3797 3225 3934 3289 loca

2435 3327 2746 3409 impellet,
2801 3347 2928 3407 quo
2979 3327 3145 3389 Deus
3195 3345 3300 3388 eas
3349 3325 3571 3406 pluere
3615 3323 3927 3407 jusserit:

2434 3427 2606 3508 quod
2637 3433 2866 3488 ventus
2897 3425 3127 3507 Aquilo
3169 3425 3502 3508 potissime
3541 3423 3716 3500 facit,
3752 3425 3930 3505 juxta

2434 3525 2594 3589 illud
2635 3524 3144 3602 Proverbiorum‚
3180 3524 3422 3587 Ventus
3464 3523 3696 3606 Aquilo
3742 3522 3930 3586 dissi·
3955 3548 4222 3654 ἕωμεν,

2434 3633 2545 3707 pat
2587 3624 2864 3707 pluvias,

2523 3727 2624 3785 Ab
2673 3725 2980 3804 aquilone
3025 3743 3266 3784 aurum
3315 3723 3512 3784 venit.
3559 3721 3628 3784 In
3677 3727 3928 3802 septen-

2433 3821 2814 3886 trionalibus
2845 3840 3122 3902 namque
3151 3820 3520 3900 regionibus
3549 3819 3822 3882 multum
3849 3819 3928 3881 de

2433 3941 2589 3984 auro
2620 3921 2960 3998 invenitur,
2983 3920 3286 4002 quoniam
3319 3920 3410 3983 ibi
3439 3919 3648 3983 calore
3669 3927 3930 4001 propter

2433 4020 2854 4083 circumstans
2883 4019 3049 4081 aeris
3085 4018 3290 4098 frigus
3327 4025 3694 4080 recurrente
3721 4018 3799 4080 ad
3832 4016 3930 4078 in-

2433 4119 2668 4182 teriora
2699 4118 2944 4181 viscera
2975 4125 3179 4194 terrae,
3217 4115 3554 4180 efficacius
3584 4115 3674 4177 ibi
3705 4133 3926 4196 opera-

827 4209 1148 4290 ignoranti
1192 4217 1403 4292 potest
1450 4209 1716 4272 narrari.
1760 4208 1872 4272 Vel
1926 4229 2151 4274 sensus
2199 4221 2317 4290 est,
2354 4219 2404 4280 D
2430 4224 2535 4280 tur
2563 4217 2643 4280 ad
2674 4216 2813 4279 auri
2843 4215 3344 4296 generationem.
3379 4213 3538 4278 Hinc
3579 4215 3670 4277 ait
3705 4213 3926 4276 Alber-

827 4309 999 4391 quod
1030 4308 1196 4372 sicut
1236 4308 1358 4370 ista
1398 4327 1543 4391 quae
1579 4307 1762 4386 dixit,
1798 4310 2014 4371 nullus
2042 4311 2148 4374 hic
2182 4331 2324 4392 per-

827 4405 993 4470 fecte
1041 4405 1363 4486 intelligit,
1400 4405 1489 4468 ita
1528 4425 1646 4470 nec
1682 4406 1810 4470 Deo
1854 4415 2062 4488 potest
2105 4427 2321 4471 narra-

827 4524 916 4568 re.
942 4506 1167 4568 Etiam
1192 4505 1253 4564 si
1285 4507 1529 4566 locutus
1557 4507 1765 4583 fuerit
1794 4508 2005 4577 homa,
2027 4506 2091 4568 id
2121 4516 2240 4584 est,
2265 4507 2322 4569 si

826 4605 905 4667 de
932 4603 1060 4666 Deo
1088 4611 1151 4666 et
1188 4603 1327 4685 ejus
1359 4604 1663 4685 operibus
1695 4604 2099 4668 mirabilibus
2138 4606 2320 4688 loqui

827 4702 1323 4766 immoderanter
1353 4703 1853 4786 praesumpserit,
1876 4707 2318 4777 devorabitur,

826 4799 891 4863 id
934 4809 1053 4876 est,
1096 4800 1539 4879 magnitudine
1579 4801 1861 4864 materiae
1890 4820 2149 4884 prorsus
2181 4803 2320 4868 vin-

824 4907 1025 4976 cetur,
1081 4898 1170 4962 ita
1224 4900 1395 4979 quod
1455 4899 1630 4962 velut
1687 4900 1965 4981 quadam
2014 4901 2320 4980 voragine

826 4997 1231 5061 tenebrarum
1261 5015 1335 5060 ac
1356 4996 1811 5078 profunditatis
1844 4997 2313 5078 absorbebitur,

823 5095 1003 5178 juxta
1051 5095 1211 5158 illud
1255 5095 1739 5159 Proverbiorum
1775 5113 1788 5157 :
1825 5095 2001 5159 Sicut
2038 5098 2153 5179 qui
2191 5098 2317 5161 mel

825 5193 1104 5256 comedit
1148 5194 1445 5272 multum,
1480 5213 1607 5258 non
1658 5202 1755 5256 est
1792 5194 1852 5257 ei
1898 5194 2181 5272 bonum3
2225 5197 2318 5260 sic

827 5290 938 5370 qui
982 5300 1412 5372 perscrutator
1452 5302 1549 5354 est
1588 5291 1964 5374 maJestatiS,
1994 5293 2317 5375 opprime-

2433 4325 2534 4378 tus
2590 4333 2604 4377 ι
2658 4316 2899 4377 Aurum
2961 4315 3128 4378 inter
3177 4312 3436 4377 metalla
3494 4313 3780 4376 melioris
3829 4320 3926 4375 est

2433 4413 2808 4494 digestionis
2840 4433 2914 4476 ac
2943 4411 3438 4476 commixtionis,
3459 4411 3549 4473 Ad
3573 4411 3693 4474 hoc
3713 4418 3923 4473 autem

2431 4511 2728 4592 exigitur,
2780 4519 2852 4573 ut
2912 4510 3113 4592 frigus
3172 4511 3596 4573 extrinsecum
3655 4508 3922 4572 cIrcum-

2431 4617 2628 4686 stans,
2680 4610 2757 4671 ad
2801 4607 3106 4671 interiora
3147 4608 3464 4672 viscerum
3507 4614 3690 4670 terrae
3727 4606 3920 4689 repri-

2431 4715 2562 4770 mat
2606 4708 2884 4770 calorem
2933 4706 3330 4782 mineralem,
3367 4714 3437 4768 ut
3481 4704 3666 4768 fortis
3709 4704 3796 4766 sit
3840 4703 3918 4766 ad

2428 4805 2845 4887 digerendum
2872 4805 3114 4868 metalli
3133 4802 3642 4868 materiam.ldeo
3661 4802 3729 4865 in
3749 4802 3920 4884 aqui·

2429 4903 2576 4966 lone
2619 4903 2730 4966 ubi
2772 4902 2975 4983 frigus
3007 4903 3400 4979 circumstat,
3433 4901 3666 4965 melius
3689 4919 3918 4962 aurum

2428 5009 2787 5082 generatur.
2821 5002 2962 5064 llaec
3000 5009 3099 5064 est
3138 5000 3332 5064 etiam
3371 5019 3582 5076 causa,
3615 5017 3813 5080 quare
3851 4998 3916 5060 in

2427 5099 2709 5162 arenulis
2740 5099 3088 5163 'fluviorum
3123 5098 3504 5179 frigidorum
3537 5117 3704 5180 saepe
3733 5115 3918 5178 gene-

2428 5205 2604 5260 ratur
2642 5216 2887 5259 aurum.
2923 5196 3146 5278 Frigus
3189 5196 3362 5259 enim
3405 5215 3608 5279 aquoe,
3639 5195 3914 5258 calorem

2431 5294 2682 5378 repellit
2727 5295 2792 5356 in
2841 5293 3252 5376 profundum,
3289 5302 3359 5357 ut
3395 5294 3626 5358 melius
3668 5292 3916 5373 digerat
