4309 6259
915 519 1264 566 mannum
1307 521 1367 566 m
1412 520 1549 566 car.
1595 519 1749 565 xxm
1793 520 1948 565 unm
1990 520 2214 574 ouium
2256 521 2480 568 nauum.
2525 541 2605 551 —
2644 523 2788 567 Aur.
2836 523 2962 570 xxv
3401 506 3478 570 87

468 693 791 770 Stetitque
834 711 953 750 rea·
986 711 1181 768 super
1201 693 1512 768 yradum,
1548 689 1610 751 id
1652 697 1749 752 est
1787 707 1886 751 so·
1914 689 1967 750 A
1994 688 2188 769 digna
2232 691 2520 753 comburi
2572 691 2636 753 in
2685 692 2844 754 urbe
2891 693 3100 755 cultus
3150 692 3376 768 divini,
3409 697 3482 754 in

382 791 549 854 lium
584 790 854 871 regium,
888 790 967 853 de
996 807 1125 870 quo
1167 789 1328 850 illud
1373 788 1636 852 secundi
1665 787 1887 850 Parali-
1994 792 2283 849 convalle
2315 792 2584 859 Cedron,
2615 799 2675 850 et
2709 793 2858 850 tulit
2890 794 3224 868 pulverem
3260 812 3482 852 eorum

100 905 131 947 ιι
150 905 265 948 Par.
284 918 349 954 u,
381 907 713 974 pomenon
756 888 1070 970 accipitur
1105 905 1120 950 :
1162 887 1421 950 Fecerat
1452 886 1749 950 Salomon
1780 887 1887 950 ba-
1994 889 2065 948 in
2099 889 2348 958 Bethel,
2381 887 2444 948 id
2473 895 2568 949 est
2597 889 2674 950 ad
2705 888 3010 971 oppidum
3041 889 3231 966 istud,
3257 889 3324 951 in
3351 907 3482 971 quo

74 971 137 1010 ¹³·
378 988 509 1050 sim
564 1007 829 1064 aeneam,
883 995 949 1049 et
994 995 1293 1068 posuerat
1350 1005 1487 1048 eam
1550 985 1617 1047 in
1674 985 1886 1049 medio
1994 987 2165 1048 stetit
2201 1005 2364 1048 unus
2395 1006 2731 1050 aureorum
2751 987 3133 1061 vitulorum3
3165 997 3480 1069 quatenus
3521 1010 3774 1066 macana,

376 1085 695 1162 basilicas,
716 1085 1019 1166 stetitque
1048 1103 1241 1167 supra
1273 1104 1435 1148 eam.
1470 1084 1659 1147 Porro
1680 1083 1747 1146 in
1778 1085 1887 1146 Pa-
1994 1086 2420 1168 dispergendo
2451 1085 2688 1148 ibidem
2731 1088 3061 1168 pulverem
3097 1087 3304 1164 illum,
3339 1105 3483 1169 pro·
3509 1075 3576 1116 ²⁹·

76 1197 349 1248 mimum.
384 1185 835 1268 ralipomenon
869 1184 1099 1264 legitur
1126 1201 1139 1245 :
1174 1184 1252 1245 Et
1280 1192 1453 1245 stans
1483 1183 1549 1244 in
1580 1183 1886 1246 tribunali
1994 1186 2245 1248 sanaret
2273 1184 2422 1262 (hoc
2443 1192 2559 1260 est,
2584 1184 3080 1248 abominabilem
3111 1205 3250 1249 esse
3278 1194 3484 1248 osten-

70 1264 137 1304 ³¹'
382 1302 529 1347 suo.
558 1284 727 1346 Idem
753 1283 1023 1344 habetur
1044 1281 1111 1345 in
1130 1282 1427 1364 Josepho.
1452 1281 1605 1343 Nam
1638 1280 1703 1343 in
1736 1301 1887 1363 prae-
1996 1286 2202 1362 deret)
2247 1283 2455 1346 locum
2519 1284 2732 1365 ipsum
2789 1292 3049 1366 propter
3107 1284 3483 1348 idololatriae

383 1383 523 1446 fato
557 1383 719 1446 solio
760 1383 989 1444 sedens
1020 1400 1151 1457 rex,
1186 1380 1433 1444 solebat
1464 1380 1711 1461 aliquas
1741 1401 1887 1444 cau·
2000 1382 2153 1446 vitia
2185 1381 2274 1444 ibi
2307 1381 2666 1444 commissa.

380 1501 493 1544 sas
522 1480 835 1563 judicare.
860 1482 947 1540 Et
966 1481 1179 1557 foedus
1199 1481 1517 1558 percussit
1536 1499 1749 1540 coram
1769 1483 1889 1540 Do·
2076 1484 2164 1543 Et
2209 1481 2446 1540 delevit
2493 1482 2844 1557 aruspices,
2884 1480 2962 1542 de
3009 1479 3244 1561 quibus
3292 1500 3484 1563 supra
3511 1501 3564 1545 1v
3578 1503 3774 1557 Remu,

384 1583 596 1650 mino,
621 1579 685 1642 id
708 1587 805 1642 est
826 1587 1081 1660 pactum
1105 1577 1265 1650 iniit,
1290 1576 1606 1659 promisit,
1625 1577 1881 1658 juravit,
2000 1581 2240 1644 dictum
2271 1587 2390 1654 est,
2434 1599 2588 1658 quos
2611 1588 2963 1656 posuerant
2992 1599 3164 1657 reyes
3189 1583 3366 1642 Juda
3396 1583 3484 1640 ad
3511 1569 3552 1607 ⁶·

66 1698 355 1741 medii-ndo
384 1689 465 1740 ut
502 1681 918 1738 ambularent
930 1687 1073 1754 post
1114 1677 1492 1748 Dominum,
1526 1674 1833 1737 imitando
1864 1677 1887 1700 *
1996 1681 2508 1756 sacrificandum
2539 1679 2609 1737 in
2643 1678 2906 1737 excelsis
2931 1698 3048 1754 per
3065 1680 3357 1739 civitates
3373 1681 3485 1739 Ju-

380 1797 465 1840 ae
496 1776 828 1858 implendo
857 1774 1079 1838 divina
1120 1781 1457 1855 praecepta,
1482 1774 1889 1837 adhaerendo-
1997 1783 2107 1850 da,
2140 1787 2200 1837 et
2251 1779 2322 1836 in
2371 1777 2654 1835 circuitu
2680 1779 3036 1836 Jerusalem
3057 1801 3083 1848 ,·
3124 1785 3184 1837 et
3230 1795 3328 1836 eos
3369 1778 3486 1855 qui

382 1895 519 1957 que
556 1875 703 1938 Deo.
728 1875 873 1937 Ideo
902 1872 1225 1950 subditur,
1247 1881 1305 1932 et
1334 1875 1755 1942 custodirent,
1774 1891 1889 1954 per
1926 1872 1972 1933 B
1998 1878 2340 1937 adolebant
2381 1877 2714 1934 incensum
2757 1877 2950 1947 Baal,
2995 1885 3056 1936 et
3095 1877 3243 1944 soli,
3285 1885 3346 1936 et
3383 1879 3486 1935 lu-

386 1973 903 2038 recordationem
936 1981 1001 2035 et
1032 1971 1531 2046 exsecutionem,
1569 1981 1887 2049 proecepta
1998 1997 2121 2046 noe,
2152 1984 2214 2034 et
2261 1975 2599 2033 duodecim
2642 1975 2874 2050 siqniS,
2904 1983 2964 2034 et
3013 1974 3194 2034 omni
3232 1975 3488 2034 militiae

381 2074 531 2150 ejus
560 2071 852 2148 moralia,
878 2081 938 2132 et
974 2073 1368 2141 testimonia,
1403 2070 1467 2132 id
1500 2077 1616 2146 est,
1644 2089 1719 2132 ea
1746 2089 1889 2154 quae
1997 2073 2160 2134 coeli.
2204 2071 2332 2134 Hoc
2385 2068 2674 2132 fecerunt
2719 2087 2870 2150 ergo
2918 2070 3180 2152 quidam
3232 2069 3490 2134 idolola-

382 2170 567 2234 credi
609 2170 941 2252 jubentur,
980 2168 1259 2233 firmiter
1301 2169 1657 2246 crederent,
1689 2179 1749 2230 et
1776 2190 1891 2231 cae-
2000 2179 2131 2248 trae,
2169 2178 2240 2233 ut
2285 2169 2484 2232 Amen
2533 2176 2595 2231 et
2625 2167 2937 2232 Manasses
2985 2171 3064 2231 ad
3116 2175 3388 2251 tempuS,
3425 2177 3488 2232 et
3519 2187 3777 2234 maan-22:

381 2272 740 2342 rimoniaS,
788 2269 852 2331 id
900 2277 999 2331 est
1062 2268 1361 2330 mandata
1410 2267 1885 2342 caerimonialia,
1998 2269 2203 2332 Achaz
2236 2285 2250 2330 :
2287 2286 2415 2330 non
2446 2268 2615 2348 quod
2647 2266 2970 2349 aruspices
2991 2266 3072 2329 ab
3102 2267 3231 2328 illis
3261 2267 3489 2330 consti·
3515 2252 3778 2304 ²‘⁷³¹'¹'²‘⁴·

382 2373 465 2430 in
492 2370 681 2430 omni
707 2371 921 2437 eorde,
954 2366 1021 2431 id
1054 2374 1149 2429 est
1191 2366 1521 2429 intellectu
1564 2373 1629 2429 et
1666 2365 1892 2429 volun·
1998 2367 2142 2442 tuti,
2179 2366 2374 2429 iidem
2407 2383 2672 2428 numero
2703 2364 2980 2428 vixerint
3008 2364 3127 2427 sub
3155 2365 3343 2442 Josia,
3377 2366 3487 2428 sed

383 2476 545 2544 tate,
600 2465 707 2530 vel
752 2474 885 2529 tota
922 2465 1135 2529 cordis
1172 2464 1544 2541 attentione,
1596 2475 1657 2526 et
1698 2467 1769 2524 in
1808 2474 1894 2525 to-
2000 2465 2244 2528 similes
2288 2463 2534 2545 specie3
2579 2462 2779 2545 aliqui
2819 2471 3032 2526 tamen
3074 2463 3332 2526 illorum
3385 2464 3490 2527 ad-

384 2575 455 2624 ta
486 2565 746 2631 anima,
776 2560 845 2622 id
890 2569 986 2624 est
1028 2559 1179 2622 totis
1217 2558 1631 2622 inferioribus
1662 2559 1892 2622 animai

384 2660 661 2737 viribuS‚
710 2671 771 2720 et
806 2661 1194 2720 suscitarent
1240 2661 1431 2718 verba
1471 2659 1735 2735 foederis
1774 2661 1893 2718 leu-

366 2763 523 2840 jus,
546 2779 695 2839 quae
716 2759 962 2836 scripta
985 2767 1171 2818 erant
1202 2758 1275 2817 in
1307 2758 1471 2816 libro
1501 2759 1641 2829 illo,
1676 2756 1739 2818 id
1771 2764 1891 2834 est,

380 2857 653 2939 eloquia
702 2864 769 2919 et
814 2855 1116 2918 mandata
1164 2855 1345 2934 legis,
1377 2873 1521 2936 quae
1569 2855 1700 2935 jam
1748 2864 1895 2918 ante
2004 2860 2133 2922 illis
2186 2859 2436 2922 videtur
2482 2856 2990 2939 intelligendum,
3041 2856 3154 2938 qui
3202 2856 3491 2921 converti

384 2958 659 3020 fuerunt
691 2955 979 3035 neglecta
1010 2962 1073 3017 et
1108 2953 1293 3035 quasi
1325 2961 1597 3030 mortua,
1634 2971 1895 3017 renova·
2006 2956 2330 3022 nolebant.
2365 2958 2451 3017 Et
2479 2957 2698 3034 efferri
2736 2957 2890 3036 fecit
2929 2959 3150 3016 lucum
3185 2958 3266 3016 de
3305 2959 3491 3018 domo

382 3063 535 3118 rent
566 3073 643 3117 ac
674 3053 1110 3117 observarent.
1136 3053 1601 3132 Aequievitque
1614 3056 1895 3130 populus
1930 3057 1975 3121 C
2005 3057 2301 3125 Domini,
2350 3053 2414 3116 id
2462 3060 2578 3129 est,
2623 3055 2882 3116 arbores
2934 3053 3001 3115 in
3053 3053 3215 3116 atrio
3264 3053 3490 3136 templi

118 3182 237 3226 ιω,
258 3185 331 3224 32,
376 3165 605 3236 pacto.
637 3152 795 3216 Nam
826 3151 1147 3233 adjuravit
1174 3149 1487 3232 populum
1526 3169 1719 3233 super
1748 3151 1890 3228 hoc,
2002 3155 2322 3237 plantatas
2351 3161 2416 3216 et
2457 3159 2853 3216 consecratas
2898 3151 3071 3215 idolo
3101 3151 3268 3228 Baal,
3302 3152 3495 3232 jussit

386 3263 465 3317 ut
506 3254 577 3315 in
616 3251 1147 3333 Paralipomenon
1190 3249 1529 3322 recitatur-3
1579 3258 1792 3330 atque,
1828 3257 1897 3311 ut
2005 3252 2212 3318 excidi
2265 3260 2328 3315 et
2386 3250 2727 3332 exportari,
2774 3251 2952 3327 foras
2993 3253 3377 3320 Jerusalem,
3420 3254 3494 3311 in

381 3351 713 3433 Josephus
758 3349 956 3424 addit,
996 3348 1090 3410 illi
1131 3347 1610 3431 promptissime
1647 3347 1898 3428 jurave-
2004 3339 2360 3413 convallem
2393 3353 2658 3420 Cedron,
2696 3348 2805 3410 ubi
2836 3349 3009 3412 cedri
3041 3357 3412 3426 nascuntur,
3434 3359 3496 3410 et

384 3457 569 3526 runt,
604 3457 671 3511 et
722 3455 1043 3529 praecepta
1091 3445 1251 3525 legis
1300 3445 1731 3527 promiserunt
1781 3446 1897 3508 im·
2005 3451 2344 3511 combussit
2371 3469 2518 3508 eum
2549 3450 2663 3520 ibi,
2685 3447 2841 3529 quia
2871 3445 3160 3510 fortassis
3183 3447 3331 3511 inde
3362 3446 3496 3510 fue-

384 3550 595 3632 plere.
2006 3556 2155 3611 runt
2201 3547 2460 3610 arbores
2507 3545 2747 3629 speciei
2796 3545 2994 3624 illius,
3029 3556 3088 3608 et
3131 3549 3376 3625 redeyit
3420 3549 3494 3608 in

479 3650 565 3710 Ec
588 3646 903 3724 praecepit
932 3665 1051 3705 rea)
1083 3645 1327 3706 Heleiae
1350 3645 1672 3721 pontifici.
1705 3643 1771 3705 In
1800 3663 1899 3706 ve-
1998 3652 2359 3726 pulverem,
2392 3657 2452 3706 et
2473 3647 2750 3724 projecit
2793 3666 2996 3723 supra
3029 3649 3326 3723 sepulcra
3356 3649 3497 3706 vul-

388 3747 515 3809 teri
546 3743 789 3809 etenim
816 3744 1242 3819 Testamento,
1267 3741 1453 3823 eujus
1474 3742 1894 3805 sacerdotium
2000 3749 2099 3824 ρι’,
2132 3746 2197 3808 id
2230 3753 2326 3808 est
2355 3744 2737 3824 vulgarium,
2771 3744 2882 3824 qui
2917 3742 3131 3806 forsan
3161 3743 3495 3806 coluerunt

388 3847 521 3909 fuit
553 3843 741 3927 quasi
765 3842 1043 3920 carnale,
1070 3850 1133 3906 et
1152 3841 1324 3905 circa
1352 3841 1638 3904 carnales
1658 3841 1896 3905 hostias
2006 3844 2354 3926 aliquando
2375 3841 2518 3904 Baal
2545 3860 2558 3904 :
2583 3842 2755 3923 quod
2777 3841 2931 3905 fecit
2961 3842 3027 3903 in
3058 3849 3494 3923 contemptum

386 3943 797 4018 versabatur,
822 3961 931 4004 rex
962 3949 1097 4003 erat
1126 3941 1333 4022 maior
1354 3949 1417 4003 et
1444 3939 1634 4004 altior
1664 3960 1899 4022 praesu—
2008 3941 2381 4005 idololatriae
2410 3939 2624 4020 hujuS.

390 4045 457 4108 le
478 4060 493 4105 :
514 4043 663 4106 ideo
684 4040 892 4124 potuit
911 4039 969 4103 ei
987 4038 1345 4121 praecipere.
1367 4041 1453 4100 Et
1468 4041 1900 4100 sacerdotibus
2070 4041 2426 4102 Destruoeit
2470 4057 2718 4118 quoque
2758 4038 3066 4099 aediculas
3102 4038 3496 4114 effeminato-

386 4142 670 4204 secundi
696 4140 979 4210 ordinis,
1004 4137 1115 4219 qui
1149 4136 1517 4200 immediate
1540 4137 1659 4199 sub
1691 4138 1900 4219 ponti-
2007 4161 2187 4209 rum,
2207 4137 2271 4199 id
2302 4143 2397 4198 est
2425 4134 2720 4218 parvulas
2751 4135 2916 4198 aedes
2947 4155 3062 4197 seu
3089 4135 3498 4198 mansiuncu-

392 4241 529 4304 siee
558 4245 765 4313 erant,
800 4256 874 4299 ac
906 4235 1136 4316 viginti
1178 4243 1451 4316 quatuor
1496 4235 1894 4314 exstiterunt,
1930 4237 1981 4298 D
2009 4239 2103 4301 las
2142 4220 2562 4317 quorumdam
2601 4233 2892 4296 mollium
2939 4253 3052 4296 seu
3098 4233 3495 4296 sacerdotum

2002 2565 2129 2628 huc
2161 2563 2380 2628 vivere
2411 2569 2723 2645 poterant.
2759 2563 2883 2625 Hos
2913 2579 3066 2642 ergo
3095 2561 3332 2626 delevit
3360 2580 3489 2625 non

2002 2663 2208 2726 solum
2236 2681 2276 2723 a
2303 2661 2436 2723 suis
2468 2658 2733 2736 officiis,
2760 2660 2868 2722 sed
2905 2659 3095 2722 etiam
3140 2658 3485 2738 interfecit,

2004 2769 2073 2824 ut
2106 2760 2422 2842 Josephus
2472 2757 2732 2821 scribit:
2773 2758 3056 2840 apertius
3105 2777 3364 2840 quoque
3411 2759 3496 2822 de'

392 4356 563 4422 quos
595 4335 795 4400 David
844 4334 1124 4397 instituit
1160 4351 1173 4396 :
1207 4352 1481 4415 quorum
1526 4335 1801 4416 quilibet
1831 4334 1897 4398 in

396 4456 521 4500 sua
570 4433 979 4497 ministrabat
1027 4431 1443 4509 hebdomada,
1489 4434 1731 4496 habens
1780 4435 1899 4497 sub

398 4556 475 4600 se
506 4532 743 4614 viginti
775 4539 1050 4612 quatuor
1088 4531 1469 4609 sacerdoteS,
1506 4532 1899 4615 ‘totidemque

116 4657 371 4702 warnu-
401 4633 663 4698 Levites
694 4637 759 4694 et
791 4638 1083 4694 cantores
1115 4648 1187 4692 ae
1208 4629 1537 4709 janitoreS,
1565 4640 1753 4712 prout
1782 4632 1904 4714 pri-

96 4735 169 4762 us
178 4735 207 4770 ι,

402 4751 515 4796 mo
545 4729 1077 4810 Paralipomenon
1124 4727 1465 4802 scribitur;
1498 4740 1557 4790 et
1590 4731 1905 4806 janitori-

402 4834 547 4901 bus,
582 4839 653 4890 ut
680 4827 1077 4907 projicerent
1104 4829 1185 4885 de
1224 4830 1453 4904 templo
1483 4831 1752 4890 Domini
1776 4851 1906 4890 om-

398 4931 525 4990 nia
572 4948 733 4989 vasa
777 4945 923 5005 quoe
966 4926 1145 5002 facta
1188 4927 1458 5001 fuerant
1502 4930 1696 4996 Baal,
1733 4937 1791 4988 et
1834 4930 1906 4990 in

406 5031 579 5098 luco,
606 5025 670 5086 id
702 5032 801 5086 est
834 5021 960 5104 ipsi
994 5022 1139 5084 Baal
1172 5022 1392 5101 buseo,
1429 5024 1713 5105 plantato
1743 5025 1911 5088 circa

406 5124 612 5187 altare
642 5121 814 5199 Baal,
852 5128 923 5182 ut
967 5119 1057 5182 ibi
1101 5120 1416 5184 coleretur
1460 5141 1575 5204 per
1620 5143 1769 5188 vasa
1799 5143 1913 5188 suo

408 5221 617 5286 cultui
656 5219 970 5296 dedicata,
1000 5229 1060 5280 et
1090 5221 1411 5282 universae
1442 5224 1700 5284 militiae
1728 5226 1871 5284 coeli
1888 5247 1916 5295 ‚-

410 5329 477 5382 et
506 5320 849 5382 carabus-sit
888 5337 965 5378 ea
991 5317 1158 5395 foris
1186 5321 1565 5402 Jerusalem,
1596 5319 1782 5401 quasi
1822 5320 1918 5385 in-

2012 4342 2428 4400 castratorum
2465 4349 2478 4394 :
2514 4341 2577 4395 et
2614 4331 2977 4413 specialiter
3007 4333 3362 4396 sacerdotes
3389 4331 3499 4415 Cy-

2012 4433 2189 4498 beles
2219 4431 2439 4493 matris
2471 4432 2759 4506 deorum,
2785 4428 3146 4493 effeminati
3167 4439 3496 4506 vocantur;

2013 4555 2158 4614 quw
2205 4539 2393 4591 erant
2446 4531 2519 4589 in
2567 4533 2751 4590 domo
2782 4533 3073 4601 Domini,
3129 4528 3191 4593 id
3242 4537 3338 4592 est
3387 4549 3503 4611 per

2015 4629 2354 4695 circuitum
2401 4626 2623 4708 templi
2655 4635 2720 4689 et
2763 4626 2935 4689 infra
2975 4635 3154 4709 septa
3197 4627 3501 4690 atriorum

2015 4729 2218 4812 ipsius
2247 4753 2261 4804 3
2287 4747 2411 4804 pro
2441 4728 2673 4806 quibus
2703 4727 3005 4786 mulieres
3026 4728 3318 4787 texebant
3346 4747 3504 4806 qua—

2014 4831 2073 4888 si
2091 4828 2516 4887 domunculas
2538 4825 2691 4893 luci,
2710 4823 2773 4884 id
2807 4831 2902 4886 est
2932 4842 3174 4904 pannos
3197 4824 3503 4904 quosdam

2016 4926 2096 4988 ad
2138 4923 2500 4987 faciendum
2548 4921 2730 5001 quasi
2773 4919 3131 5002 papiliones
3176 4939 3292 5003 pro
3336 4939 3508 4984 com-

2018 5021 2418 5087 morantibus
2452 5019 2564 5096 ibi,
2598 5028 2790 5100 atque
2833 5019 3110 5082 cortinas
3149 5021 3225 5082 ad
3271 5019 3510 5084 facien-

2019 5126 2168 5187 dum
2206 5122 2297 5184 ibi
2326 5121 2466 5184 loca
2496 5119 3156 5202 concupiscentiarum
3186 5119 3507 5199 deliciosa,

2021 5224 2099 5286 ad
2132 5221 2566 5284 exercendum·
2583 5218 2818 5280 ibidem
2840 5218 3281 5281 immunditias
3299 5221 3511 5283 earnis

2025 5320 2093 5382 in
2144 5319 2408 5382 deorum
2457 5317 2787 5379 honorem.
2829 5315 2908 5377 Et
2951 5315 3106 5396 quia
3153 5318 3510 5383 sacerdotes
