4309 6259
892 497 1242 544 RNARRA‘rlo
1285 499 1347 543 IN
1390 499 1527 544 CAP.
1572 497 1697 544 XXV
1740 498 1899 543 LlBlu
1940 497 2165 553 QUARTI
2205 499 2428 546 REGUU.
2475 519 2554 529 -
2596 501 2738 546 ΛΒΤ.
2785 501 2956 547 xxvu
3381 480 3459 544 97

349 665 523 728 Hinc
568 665 881 749 Iosephus
920 666 1139 746 refert,
1175 669 1347 750 quod
1397 666 1562 749 fugit
1595 687 1709 750 per
1754 668 1863 732 de·
1890 667 1942 730 A
1972 669 2266 750 praedixit
2291 670 2601 748 Ezechiel,
2638 671 2927 735 Sedecias
2955 671 3337 754 Babylonem
3370 671 3461 734 in·
3503 694 3754 746 Ezechan,

352 773 609 827 sertum
648 765 837 829 valde
882 766 1295 830 tutissimum.
1339 767 1604 842 Quidam
1648 775 1862 830 tamen
1966 767 2183 844 travit,
2217 775 2281 830 et
2323 787 2460 831 eam
2510 787 2637 831 non
2688 769 2870 831 vidit.
2905 770 3131 852 Atque,
3175 779 3246 832 ut
3289 771 3459 833 Jere-
3491 760 3558 801 ¹³·

352 863 615 926 Hebraei
659 865 905 942 dicunt,
952 867 1124 946 quod
1176 864 1342 944 fugit
1389 885 1503 948 per
1552 865 1865 929 subterra·
1974 866 2131 927 mias
2155 865 2280 928 fuit
2308 868 2710 946 vaticinatuS,
2737 887 2807 931 os
2827 869 2965 950 ejus
2995 889 3139 932 cum
3162 888 3270 932 ore
3292 869 3457 951 regis
3513 884 3751 935 aer-‚xxxia

354 980 555 1023 neam
586 963 779 1040 viam,
816 971 879 1026 et
921 965 1092 1045 quod
1124 963 1431 1027 Dominus
1478 963 1631 1027 fecit
1674 984 1865 1047 appa-

354 1079 509 1123 rere
540 1069 605 1124 et
632 1081 889 1125 currere
921 1081 1117 1145 super
1145 1062 1317 1126 viam
1351 1062 1527 1125 illam
1559 1063 1866 1126 extrinse-

355 1178 479 1222 cus
532 1179 791 1223 cervum
838 1181 911 1224 ac
960 1181 1277 1244 capream,
1312 1163 1515 1226 donec
1567 1181 1675 1225 rex
1718 1182 1863 1225 cum

358 1259 503 1320 suis
534 1279 575 1322 a
601 1259 910 1324 Chaldaeis
942 1261 1433 1343 insequentibus
1449 1269 1545 1324 est
1564 1261 1865 1325 inventus

358 1355 433 1418 in
466 1357 633 1434 loco,
655 1347 765 1420 ubi
786 1359 869 1422 de
886 1359 1299 1422 subterranea
1319 1360 1423 1424 via
1442 1359 1672 1424 exivit:
1694 1360 1865 1442 quod

356 1474 443 1517 ex
476 1455 825 1538 Scripturis
858 1458 1297 1522 auctoritatem
1337 1477 1467 1521 non
1503 1458 1713 1534 hahet,
1749 1477 1867 1520 nec

358 1555 575 1618 textui
604 1555 875 1618 multum
906 1575 1259 1620 consonare
1290 1558 1559 1622 videtur.
1586 1559 1728 1619 Ideo
1756 1556 1866 1619 alii

358 1655 616 1732 dicunt,
641 1655 810 1736 quod
842 1655 1107 1736 quidam
1134 1655 1333 1719 Judaei
1364 1675 1399 1718 a
1430 1655 1739 1719 Chaldaeis
1771 1675 1868 1718 ca-

360 1754 461 1836 pti
496 1755 563 1816 in
596 1754 879 1832 civitate,
915 1755 1017 1818 vel
1049 1755 1162 1837 qui
1196 1763 1345 1818 ante
1380 1756 1550 1818 ultro
1579 1755 1869 1817 exierunt

1972 964 2312 1046 Babylonis
2371 965 2650 1029 locutum
2702 975 2816 1028 est.
2863 965 3079 1029 Refert
3123 968 3454 1050 Josephus,
3487 947 3529 990 ⁴·

1974 1064 2144 1142 quod
2175 1063 2462 1126 Ezechiel
2495 1084 2569 1126 ex
2597 1063 2890 1128 Chaldaea
2920 1064 3097 1127 misit
3125 1065 3460 1148 epistolam

1971 1161 2202 1223 Judaeis
2236 1161 2301 1223 in
2338 1162 2708 1240 Jerusalem,
2754 1163 3188 1245 praenuntians
3228 1164 3320 1226 cis
3361 1184 3461 1228 ca-

1973 1257 2289 1322 lamitates
2319 1259 2650 1324 instanteS.
2685 1261 2924 1324 Pseudo
2955 1281 3104 1325 vero
3135 1263 3461 1344 prophetae

1976 1367 2427 1438 persuaserunt
2458 1359 2684 1438 regiae
2716 1361 2975 1442 populo,
3001 1379 3129 1423 non
3161 1379 3299 1424 esse
3329 1381 3462 1425 cre-

1975 1457 2252 1518 dendum
2287 1457 2596 1521 Ezechieli
2629 1479 2746 1522 nec
2772 1460 3080 1536 Jeremiae,
3113 1459 3265 1541 quia
3299 1459 3462 1524 inter

1975 1572 2042 1616 sc
2072 1554 2529 1632 discordarent,
2565 1576 2639 1620 eo
2670 1557 2840 1638 quod
2867 1558 3154 1620 Ezechiel
3187 1558 3456 1640 scripsit,

1974 1655 2145 1733 quod
2179 1653 2467 1717 Sedecias
2497 1656 2879 1737 Babylonem
2913 1675 3041 1718 non
3071 1657 3334 1734 videret,
3367 1659 3464 1721 Je-

1977 1752 2207 1814 remias
2239 1762 2448 1816 autem
2484 1755 2907 1836 prophetavit,
2933 1756 3104 1837 quod
3135 1756 3463 1818 ducendus

355 1855 443 1916 ad
473 1853 829 1930 Chaldaeos,
863 1863 1381 1917 monstraverunt
1408 1854 1502 1917 eis
1533 1854 1725 1932 viam,
1752 1873 1866 1936 per
1901 1851 1947 1912 B
1976 1859 2141 1912 esset
2174 1851 2239 1913 in
2270 1853 2676 1935 Babylonem.

356 1972 565 2035 quam
598 1972 708 2016 rex
748 1952 897 2015 iniit
941 1951 1182 2034 fugam.
1215 1953 1527 2035 Josephus
1577 1972 1730 2016 vero
1777 1961 1869 2016 te-

358 2060 575 2114 statur
629 2069 645 2114 :
695 2051 891 2133 Capta
927 2052 1187 2116 civitate
1235 2052 1405 2115 circa
1442 2052 1717 2114 mediam
1758 2069 1869 2114 no-

357 2158 561 2226 ctem,
589 2157 651 2212 et
679 2150 1083 2233 principibus
1103 2150 1541 2213 Chaldaeorum
1564 2149 1867 2230 ingressis

356 2249 718 2332 templum,
774 2266 1164 2328 cognoscens
1220 2249 1339 2312 hoc
1384 2247 1673 2312 Sedecias
1727 2267 1863 2326 rex,

356 2348 647 2430 sumptis
681 2347 1009 2425 uxoribuS,
1042 2357 1104 2410 et
1135 2346 1317 2424 filiis,
1352 2356 1415 2410 et
1445 2346 1865 2429 principibuS,

356 2455 429 2510 et
459 2446 713 2522 amiciS‚
753 2444 919 2525 fugit
960 2465 1074 2528 per
1110 2447 1430 2510 desert-um
1466 2464 1480 2508 :
1515 2446 1687 2528 quod
1717 2446 1869 2507 dum

358 2565 399 2608 a
432 2544 827 2626 quibusdam
860 2544 1218 2622 traditiciiS,
1254 2543 1659 2626 principibus
1687 2543 1871 2607 Chal-

356 2644 656 2708 daeorum
706 2642 1057 2705 indicatum
1110 2642 1361 2718 fuisset,
1394 2641 1678 2705 diluculo
1725 2661 1868 2705 cum

357 2741 695 2825 persecuti
745 2749 933 2816 sunt3
986 2751 1048 2804 et
1099 2760 1319 2805 omnes
1371 2741 1709 2804 bellatores
1759 2741 1871 2822 qui

2056 1953 2272 2012 Mense
2288 1954 2514 2030 quinto
2547 1943 2868 2016 undecimi
2901 1953 3050 2015 anni
3084 1971 3213 2034 quo
3243 1962 3464 2036 captus

1976 2055 2071 2110 cst
2112 2048 2427 2126 SedeciaS‚
2461 2054 2732 2129 septima
2776 2054 2884 2112 die
2925 2055 3184 2121 mensis·‚
3215 2054 3349 2129 ipse
3376 2062 3466 2113 est

1978 2168 2193 2208 annus
2234 2151 2730 2210 nonusdecimus
2773 2149 2953 2230 regni
2993 2153 3160 2226 reyis
3189 2153 3467 2228 Babylo—

1976 2249 2101 2305 nis,
2123 2245 2571 2308 Verumtamen
2603 2246 2667 2307 in
2691 2247 2963 2309 Jeremia
2993 2247 3298 2328 scriptum
3333 2255 3462 2310 est:

1978 2343 2115 2423 lpse
2144 2350 2242 2404 est
2269 2361 2473 2405 annus
2505 2343 3074 2407 octavusdecimus.
3109 2343 3284 2418 Quod
3318 2344 3468 2407 faci·
3495 2364 3608 2408 ma
3621 2367 3760 2416 um.

1980 2440 2123 2504 liter
2167 2441 2608 2519 concordatur,
2651 2443 2942 2518 dicend0‚
2987 2443 3158 2524 quod
3202 2442 3468 2505 ultimus

1980 2539 2237 2601 illorum
2281 2558 2617 2617 annorum,
2663 2558 2789 2602 non
2835 2539 2958 2602 fuit
3002 2559 3080 2602 ex
3128 2549 3257 2603 toto
3301 2560 3471 2604 com-

1981 2637 2212 2718 plctuS,
2233 2638 2376 2700 ideo
2398 2638 2461 2699 in
2482 2638 2752 2700 Jeremia
2774 2657 2900 2701 non
2931 2647 3350 2721 computatur.
3368 2643 3470 2699 Ve-

1980 2739 2082 2797 nit
2103 2739 2550 2798 Nabuzardan
2577 2739 2878 2815 princeps
2897 2740 3110 2798 emerci
3115 2748 3232 2807 tus,
3251 2759 3470 2798 servus

1979 2837 2147 2911 reyis
2175 2837 2559 2912 Babylonis,
2591 2838 2664 2896 in
2701 2839 3080 2909 Jerusalem,
3123 2847 3182 2897 et
3220 2857 3470 2897 succen-

1979 2935 2081 2993 dit
2108 2937 2370 2993 domum
2391 2935 2682 2994 Domini.
2701 2933 2877 2996 Unde
2912 2933 2975 2995 in
2999 2933 3326 2998 Ezechiele
3350 2931 3470 2995 suit

356 2849 555 2906 erant
581 2860 729 2904 cum
762 2859 860 2918 ec,
894 2840 1169 2923 dispcrsi
1214 2847 1385 2917 sunt,
1422 2841 1573 2922 quia
1602 2859 1730 2903 non
1762 2859 1873 2922 po-

356 2947 584 3004 terant
628 2959 779 3003 eum
826 2939 1071 3022 iuvare,
1124 2939 1621 3020 metuebantque
1667 2939 1807 3021 capi
1854 2956 1868 3000 :
3611 3015 3622 3022 -

354 3037 484 3121 qui
529 3047 747 3102 tamen
774 3053 939 3101 ‘mox
972 3058 1008 3100 a
1037 3038 1347 3101 Chaldaeis
1386 3055 1493 3100 eos
1534 3038 1875 3119 insequen-
1907 3027 1951 3090 C
1982 3031 2356 3112 praedictum
2411 3047 2426 3092 2
2474 3032 2524 3092 A
2573 3031 2934 3095 sanctuario
2985 3050 3127 3095 meo
3176 3031 3463 3114 incipite.
3495 3052 3762 3106 Ezechiae.

56 3147 321 3200 samu,
356 3137 569 3215 tibus,
618 3145 771 3198 sunt
809 3136 1278 3218 comprehensi,
1312 3143 1501 3218 prout
1530 3155 1568 3198 a
1603 3136 1875 3199 Jeremia
1979 3129 2174 3191 Jussit
2218 3137 2427 3191 autem
2479 3147 2587 3192 rex
2627 3129 2968 3212 Babylonis
3019 3130 3326 3212 templum
3377 3130 3470 3192 in-

38 3211 81 3252 ⁵'
354 3236 527 3300 satis
574 3234 891 3297 innuitur.
1981 3228 2190 3304 cendi,
2228 3245 2352 3290 non
2386 3245 2462 3289 ex
2499 3235 2865 3309 contemptu
2896 3228 3004 3290 Dei
3039 3227 3248 3306 lsrael,
3284 3228 3466 3310 quasi

448 3337 539 3396 Et
563 3343 937 3412 persecutus
964 3343 1055 3394 est
1082 3335 1402 3394 eoeercitus
1426 3335 1874 3394 Chaldoeorum
1983 3324 2302 3408 putaverit
2341 3324 2524 3387 illum
2565 3325 2740 3388 cultu
2781 3325 3137 3407 indignum,
3172 3328 3280 3390 sed
3311 3344 3470 3408 quo-

352 3452 614 3511 reyem,
652 3433 1260 3512 comprehenditque
1300 3452 1447 3492 eum
1495 3433 1567 3491 in
1590 3431 1876 3508 planitie
1982 3424 2153 3486 niam
2205 3424 2523 3506 reputavit
2568 3424 2816 3487 Judaeos
2869 3425 3106 3506 templo
3151 3424 3259 3488 Dei
3307 3425 3470 3487 indi-

349 3533 669 3602 Iericho;
684 3540 745 3590 et
774 3550 991 3590 omnes
1022 3532 1351 3590 bellatores
1373 3531 1491 3609 qui
1519 3537 1707 3589 erant
1727 3548 1873 3588 eum
1981 3541 2164 3603 gnos.
2197 3521 2394 3598 Unde,
2431 3529 2500 3582 ut
2531 3521 2597 3583 in
2624 3522 2894 3585 Jeremia
2925 3521 3194 3586 habetur
3237 3541 3252 3584 ε
3296 3523 3472 3585 Prin-

352 3650 464 3700 eo,
496 3629 781 3706 dispersi
808 3637 983 3700 sunt,
1014 3637 1075 3688 et
1104 3629 1511 3708 reliquerunt
1540 3647 1707 3686 eum.
1742 3623 1876 3705 Ap'-
1981 3641 2129 3702 ceps
2161 3619 2408 3683 militiae
2438 3620 2598 3682 dixit
2635 3621 2713 3682 ad
2743 3621 3075 3684 Jeremiam
3114 3639 3128 3683 :
3162 3621 3467 3684 Dominus
3495 3643 3759 3696 aex-‚xasa

343 3727 762 3806 prehensum
780 3743 929 3802 erqo
950 3743 1159 3802 reyem
1183 3727 1519 3786 duxerunt
1549 3729 1636 3786 acl
1666 3746 1875 3804 reyem
1985 3720 2234 3782 locutus
2277 3727 2372 3782 est
2409 3719 2646 3781 malum
2687 3739 2876 3800 super
2916 3719 3125 3783 locum
3155 3720 3370 3797 istum,
3406 3729 3470 3784 et

354 3825 737 3902 Babylonis
774 3825 849 3884 in
880 3825 1213 3894 Reblatlca,
1259 3841 1403 3903 quae
1446 3822 1573 3886 alio
1618 3823 1877 3886 nomine
1988 3817 2190 3881 factus
2221 3827 2318 3880 est
2347 3817 2528 3882 vobis
2559 3836 2766 3881 sermo
2798 3817 2923 3880 hic.
2956 3817 3263 3881 Peccastis
3295 3818 3466 3880 enim

352 3921 617 4004 legitur
636 3921 975 3983 Antiochia
994 3920 1350 4001 nuncupari
1380 3938 1393 3982 ε
1420 3921 1485 3983 in
1515 3941 1642 4003 qua
1672 3922 1878 3985 Nahu-
1984 3916 2272 3979 Domino.
2309 3918 2394 3977 Et
2431 3920 2695 3976 domum
2729 3919 2898 3993 req-is
2935 3925 2995 3975 et
3034 3919 3248 3976 domos
3285 3919 3472 3978 Jeru-

352 4019 785 4085 ehodonosor
814 4027 949 4081 erat
978 4025 1153 4081 tunc.
1183 4021 1311 4088 Qui
1344 4023 1590 4081 locutus
1610 4030 1699 4082 est
1728 4042 1877 4082 cum
1982 4019 2202 4086 salem,
2253 4033 2624 4092 omnemque
2670 4017 2936 4075 domum
2982 4015 3320 4074 combussit
3339 4039 3366 4088 ,·
3412 4025 3472 4076 et

349 4139 437 4180 eo
454 4119 836 4196 judicium,
868 4117 989 4181 hoc
1018 4127 1133 4194 est,
1171 4118 1638 4183 rationabiliter
1678 4140 1749 4184 ac
1778 4121 1878 4203 ju·
1984 4135 2202 4176 muros
2219 4116 2576 4175 Jerusalem
2597 4113 2668 4172 in
2691 4114 2975 4174 circuitu
3002 4115 3329 4175 destruxit
3351 4134 3476 4174 om-

351 4214 699 4278 dicialiter
713 4235 859 4278 eum
885 4214 1231 4297 increpavit
1252 4224 1315 4280 et
1334 4218 1657 4280 accusavit
1678 4235 1691 4280 ε
1711 4218 1873 4300 quia,
1906 4215 1953 4276 D
1986 4215 2090 4273 nis
2118 4214 2438 4272 emer-citus
2472 4214 2942 4285 Chaldaeorum,
2967 4213 3084 4292 qui
3111 4223 3300 4274 erant
3327 4233 3475 4274 cum

352 4323 439 4378 ut
471 4313 793 4396 Joscphus
826 4313 1044 4391 refert,
1072 4333 1219 4378 mox
1260 4322 1333 4378 ut
1361 4315 1521 4378 vidit
1552 4335 1719 4394 eum,
1758 4335 1881 4380 coe-
1978 4313 2280 4390 principe
2303 4310 2592 4371 militum
2612 4331 2636 4370 .·
2659 4329 2738 4372 ne
2769 4309 3127 4374 habitantes
3151 4310 3215 4372 in
3240 4330 3336 4388 ea,
3355 4331 3480 4374 am-

1986 4408 2155 4492 plius
2186 4407 2568 4471 rebellarent
2599 4408 2870 4490 imperio
2899 4408 3480 4472 Chaldaeorum.Re-

1988 4511 2238 4589 liquam
2277 4517 2494 4568 autem
2523 4517 2780 4584 partem
2812 4509 3050 4588 populi
3079 4509 3197 4588 qui
3225 4529 3480 4570 reman—

1986 4617 2155 4667 serat
2205 4608 2278 4668 in
2331 4608 2594 4668 civitate
2641 4606 3009 4684 Jerusalem,
3063 4619 3122 4669 et
3160 4611 3478 4687 profuqos

1988 4705 2105 4784 qui
2127 4706 2618 4783 transfuyerant
2638 4709 2726 4767 ad
2744 4725 2954 4784 regem
2975 4709 3350 4784 Babylonis,
3375 4725 3480 4769 an-

1991 4810 2246 4883 tequam
2283 4803 2347 4866 vi
2386 4813 2788 4885 caperentur,
2823 4812 2883 4867 et
2926 4809 3072 4867 ante
3109 4804 3478 4868 incendium

1990 4900 2192 4978 urbis,
2235 4911 2294 4962 et
2331 4903 2656 4982 reliquum
2699 4907 2930 4979 vulqus
2971 4905 3306 4964 transtulit
3349 4905 3480 4968 Na-

1992 5001 2330 5060 buzardan
2367 5003 2673 5080 princeps
2714 5002 2998 5070 militiae,
3039 4999 3116 5062 de
3157 4999 3374 5063 Judaea
3411 5001 3478 5063 in

1991 5097 2370 5162 Chaldaeam.
2393 5099 2586 5162 Porro
2619 5097 2927 5180 profugus
2960 5098 3340 5180 appellatur,
3364 5099 3478 5179 qui

350 4413 475 4498 pit
512 4431 664 4475 eum
710 4410 1039 4475 infelicem
1080 4411 1480 4494 impiumque
1525 4432 1775 4490 vocare,
1818 4423 1880 4478 et

347 4508 729 4594 ,iuramenti
758 4509 883 4572 sihi
916 4507 1069 4572 facti
1100 4511 1561 4588 immemorem,
1580 4519 1771 4593 atque
1793 4512 1883 4574 in-

347 4615 633 4690 gratum
660 4607 741 4669 de
769 4606 912 4684 hoc,
947 4607 1123 4689 quod
1154 4625 1299 4669 eum
1332 4609 1750 4672 constituerat
1789 4629 1883 4674 re-

346 4725 545 4790 gem.
580 4705 661 4766 Et
688 4705 866 4768 addit
900 4722 914 4766 :
948 4705 1207 4787 Magnus
1238 4705 1401 4769 Deus
1444 4706 1594 4772 odio
1640 4706 1881 4770 habens

350 4815 553 4869 tuam
606 4800 981 4884 nequitiam,
1018 4801 1389 4883 subjugavit
1424 4812 1483 4866 te
1523 4812 1743 4868 nostro
1771 4805 1884 4867 im-

348 4902 583 4989 perio.
628 4901 835 4962 Filios
894 4909 1111 4962 autem
1160 4903 1442 4963 Sedeciae
1504 4905 1739 4963 occidit
1787 4924 1885 4964 co-

346 5021 521 5064 ram
550 5019 625 5060 eo
654 5019 677 5058 .·
716 4998 885 5080 quod
917 4996 1043 5060 fuit
1072 4998 1131 5062 ei
1161 5016 1355 5080 grave
1399 4999 1591 5062 nimis
1624 5000 1879 5076 videre3

342 5111 423 5162 et
458 5101 683 5158 oculos
711 5098 853 5175 ejus
882 5099 1131 5175 effodit,
1162 5100 1503 5178 vinoeitque
1544 5119 1692 5160 eum
1722 5109 1887 5160 cate-

342 5201 506 5269 ηἰε,
527 5207 596 5258 et
624 5199 913 5258 adduxit
938 5199 1013 5259 in
1031 5201 1429 5276 Babylonem
1454 5217 1640 5280 :quae
1670 5197 1886 5262 omnia
1994 5195 2160 5276 fugit
2201 5198 2279 5260 de
2322 5217 2448 5259 una
2493 5207 2692 5279 parte,
2735 5196 2910 5275 urbe,
2953 5203 3063 5260 aut
3105 5197 3364 5278 regione
3399 5198 3478 5260 ad

338 5315 487 5382 per
532 5293 701 5357 alios
748 5293 811 5357 ei
861 5292 1009 5356 fieri
1036 5294 1249 5376 jussit.
1286 5295 1463 5358 Tunc
1514 5313 1685 5376 erge,
1716 5296 1883 5360 sicut
1992 5295 2206 5358 aliam.
2232 5297 2316 5356 Et
2345 5299 2423 5356 de
2441 5298 2842 5376 pauperibus
2874 5305 3058 5359 terrae
3087 5297 3353 5376 reliquit
3385 5299 3481 5358 vi-

633 5427 702 5477 T.
738 5427 787 5476 4.
3198 5426 3228 5478 7
