4309 6259
583 2748 619 2792 11
629 2750 736 2805 Rea.
751 2763 828 2802 vini,

570 2816 740 2982 {libica
740 2890 834 2928 ιιιιιι

847 455 924 523 14

1453 479 1801 526 ENARRATIO
1847 480 1908 527 IN
1951 481 2086 526 GAP.
2135 476 2203 523 111
2243 478 2401 524 unm
2440 478 2667 534 Quam!
2707 480 2933 527 nte-uu.
2978 500 3058 511 --
3099 483 3241 529 Amr.
3290 482 3351 529 lv

864 657 967 711 tur
1002 651 1239 732 justam
1288 650 1616 733 praeliandi
1667 671 1923 715 causam
1971 650 2227 727 habere,
2280 658 2349 713 ut
2376 647 2427 709 Α
2455 654 2568 735 qui
2596 654 2746 718 licet
2785 662 2953 719 esset
2978 654 3079 720 vir
3108 654 3291 719 valde
3332 653 3549 719 fidelis
3593 662 3657 718 et
3695 653 3937 718 virtuo-

861 748 1087 830 patuit.
1119 747 1216 811 Ad
1262 750 1434 831 quod
1482 749 1823 813 dicendum
1870 748 2142 827 videtur,
2176 749 2346 830 quod

861 847 1150 928 peccavit
1176 847 1243 910 in
1277 848 1420 925 isto,
1457 848 1581 911 nisi
1615 847 1831 912 forsan
1862 855 2198 911 excusetur
2227 865 2344 928 per

861 944 1004 1022 hoc,
1038 947 1209 1028 quod
1234 946 1444 1010 loram
1485 965 1614 1010 non
1643 945 1770 1011 fuit
1801 954 1931 1009 tam
1959 944 2195 1028 impius
2228 944 2349 1008 sic-

861 1051 933 1103 ut
979 1044 1195 1108 Achab
1251 1052 1315 1108 et
1357 1044 1678 1123 OchoziaS‚
1731 1044 2034 1127 quoniam
2084 1042 2349 1105 abstulit

862 1150 1098 1205 statuas
1119 1143 1288 1220 Baal,
1313 1144 1532 1226 sicque
1561 1142 1976 1227 temporalem
2006 1142 2196 1205 istam
2220 1141 2349 1206 for-

863 1258 978 1302 san
1007 1242 1360 1323 promeruit
1389 1242 1891 1325 prosperitatem.

959 1342 1273 1421 Dimicque
1315 1342 1617 1424 Josaphat
1665 1360 1679 1404 :
1727 1345 1858 1405 Per
1915 1362 2113 1423 quam
2172 1342 2349 1401 viam

863 1443 1273 1502 ascendemus
1293 1444 1324 1501 ?
1340 1444 1430 1505 Ac
1459 1444 1571 1502 ille
1599 1444 1926 1520 respondit
1946 1445 2116 1504 :Per
2143 1444 2351 1501 deser-

866 1546 1003 1599 tum
1031 1541 1365 1610 Idumaeoe,
1394 1541 1566 1621 quod
1601 1560 1679 1604 ex
1715 1560 1835 1604 una
1877 1548 2055 1621 parte
2085 1538 2350 1620 conjun-

861 1636 1033 1717 gitur
1062 1638 1312 1701 deserto
1341 1639 1614 1722 AEgypst,
1649 1658 1762 1722 per
1790 1639 1962 1721 quod
2002 1637 2126 1700 filii
2160 1636 2348 1700 Israel

863 1742 1149 1817 tempore
1185 1736 1410 1819 Moysis
1440 1746 1874 1820 perrexerunt.
1909 1740 2349 1800 Perreoeerunc

2455 770 2587 830 suS‚
2620 770 2748 815 non
2789 761 3001 816 tamen
3030 772 3144 836 per
3182 772 3249 815 se
3281 752 3489 835 ipsum
3528 751 3939 835 praesumpsit

2455 850 2792 914 Dominum
2837 870 2951 934 pro
2995 851 3376 915 miraculoso
3420 868 3641 931 rogare
3672 849 3937 915 effectu.

2456 952 2541 1011 Ec
2569 952 2898 1028 respondit
2926 971 3098 1012 unus
3135 954 3215 1012 de
3250 953 3456 1011 servis
3484 952 3653 1027 reyis
3682 953 3887 1011 Israel
3920 969 3944 1009 :

2458 1050 2572 1109 E'st
2600 1050 2707 1109 liic
2735 1051 2990 1110 E'liseus
3025 1050 3209 1127 filius
3251 1051 3525 1126 Sapkat,
3564 1049 3683 1127 qui
3710 1050 3949 1128 funde-

2457 1148 2562 1207 bat
2588 1166 2829 1227 aquam
2857 1168 3051 1225 super
3077 1168 3311 1209 manus
3340 1147 3535 1218 Eliae,
3567 1145 3631 1208 id
3662 1153 3780 1223 est,
3807 1154 3946 1209 tan-

2457 1252 2522 1307 to
2549 1245 2873 1328 Prophetae
2904 1246 3185 1322 servivit,
3219 1245 3403 1327 cujus
3444 1244 3707 1327 spiritus
3752 1264 3945 1328 super
4002 1270 4053 1313 iv
4067 1272 4221 1327 nean.

2458 1342 2651 1406 istum
2688 1345 2956 1427 quievit.
2998 1345 3262 1420 Quidam
3290 1344 3478 1408 aliter
3521 1344 3947 1427 interpretari·
3978 1337 4041 1377 ¹⁵·

2457 1451 2582 1521 tur,
2615 1443 2918 1522 dicentes,
2952 1445 3123 1527 quod
3154 1445 3221 1507 in
3254 1443 3575 1508 sacrificio
3614 1463 3742 1525 quo
3773 1443 3941 1506 Elias
4016 1463 4072 1507 ιιι
4106 1465 4209 1519 περ.

2457 1543 2694 1606 obtulit
2722 1544 2949 1608 bovem
2972 1544 3039 1606 in
3059 1552 3275 1608 monte
3294 1542 3587 1621 Carmeli,
3610 1551 3682 1606 ut
3700 1543 3940 1607 dictum
3973 1540 4082 1645 {2¹}
4113 1530 4160 1569 ³⁰
4188 1532 4224 1569 θ’

2458 1651 2557 1705 est
2585 1643 2771 1707 tertio
2802 1643 2991 1721 libro,
3013 1643 3261 1706 Eliseus
3294 1642 3463 1706 rudit
3492 1662 3727 1726 aquam·
3756 1662 3946 1725 super

2458 1761 2685 1805 manus
2714 1743 2888 1820 Eliae,
2932 1761 3206 1825 moxque
3250 1743 3329 1807 de
3369 1742 3585 1824 digitis
3614 1743 3767 1806 Eliae
3814 1750 3948 1805 tan-

861 1836 1070 1912 iyitur
1101 1835 1292 1897 simul
1321 1858 1438 1897 γεω
1465 1840 1694 1906 Israel,
1715 1836 1826 1918 qui
1859 1836 1964 1899 hic
1997 1835 2206 1917 primo
2238 1852 2350 1897 no·
2385 1833 2432 1894 B
2460 1860 2649 1922 quam
2680 1860 2756 1905 ex
2797 1840 3076 1905 fontibus
3120 1860 3289 1924 aqua
3330 1842 3587 1923 copiose
3634 1840 3941 1917 manavit,

865 1932 1164 2011 minatur,
1197 1934 1500 2016 quoniam
1539 1934 1911 2017 principalis
1943 1933 2068 1997 suit
2099 1934 2167 1995 in
2207 1953 2351 1996 cau-

863 2051 931 2094 sa
973 2032 1111 2110 ista,
1143 2044 1202 2095 ει
1243 2054 1356 2093 γεω
1382 2036 1578 2107 Juda,
1624 2044 1684 2094 ει
1729 2054 1845 2093 γεω
1878 2036 2106 2102 E'dom‚
2149 2051 2343 2115 quem

860 2130 1159 2213 Josaphat
1185 2150 1400 2195 secum
1429 2132 1712 2209 adduxit,
1737 2139 1807 2193 ut
1833 2131 2125 2213 Magister
2162 2131 2227 2193 in
2260 2130 2351 2192 hi-

861 2230 1074 2292 storiis
1119 2230 1227 2309 ait,
1262 2232 1418 2313 quia
1464 2250 1580 2313 pro
1627 2240 1778 2294 tunc
1817 2230 2089 2293 Idumaea
2136 2229 2346 2292 adhuc

862 2338 996 2391 erat
1044 2329 1163 2392 sub
1213 2349 1360 2412 rege
1401 2330 1580 2407 suda,
1617 2337 1679 2392 et
1724 2328 2058 2391 tributaria
2107 2329 2190 2392 ei.
2228 2328 2349 2391 Sed

860 2429 1178 2509 quomodo
1211 2448 1318 2492 rex
1347 2428 1636 2491 ldumaeae
1664 2428 1898 2492 dicitur
1921 2428 2046 2491 isse
2077 2447 2224 2491 cum
2252 2428 2345 2490 Jo-

862 2545 1015 2602 ram‚
1050 2545 1249 2608 quum
1289 2535 1440 2591 tunc
1482 2527 1762 2590 nondum
1807 2543 1914 2588 rex
1956 2526 2165 2589 fuerat
2204 2544 2350 2589 con-

862 2624 1121 2687 stitutus
1163 2626 1229 2687 in
1281 2634 1447 2689 terra
1491 2626 1689 2689 Edom
1727 2645 1766 2687 a
1797 2634 2081 2707 tempore
2120 2624 2341 2703 David,

863 2722 974 2805 qui
997 2724 1258 2787 abstulit
1278 2723 1565 2787 Idumaeis
1588 2724 1831 2805 regium
1851 2727 2212 2805 sceptrum?
2234 2724 2349 2786 Un-

865 2822 944 2885 de
976 2822 1146 2885 infra
1167 2823 1438 2887 habetur
1465 2840 1476 2884 :
1500 2823 1567 2885 In
1602 2822 1825 2885 diebus
1857 2822 2018 2903 ejuS,
2051 2823 2351 2888 videlicet

861 2922 1070 2984 loram
1111 2920 1232 2983 filii
1275 2921 1594 3003 Josaphat‚
1629 2921 1889 2984 recessit
1915 2921 2115 2984 Edom
2144 2941 2227 2984 ne
2257 2940 2349 2985 es-

2460 1940 2623 2003 utin
2657 1940 3039 2023 praeallegati
3080 1941 3476 2023 expositione
3510 1940 3659 2003 libri
3704 1948 3942 2003 tactum

2458 2048 2567 2101 est.
2596 2042 2681 2101 Ec
2711 2042 2808 2100 ait
2834 2044 3141 2119 Josaplzat
3170 2062 3193 2101 .·
3226 2043 3417 2102 Estne
3446 2044 3627 2118 apud
3659 2060 3805 2099 eum
3824 2060 3946 2100 ser-

2458 2158 2558 2199 mo
2587 2140 2857 2200 Domini
2877 2142 2907 2198 ?
2933 2140 3394 2218 Descenditque
3424 2142 3513 2199 ad
3541 2158 3691 2199 eum
3722 2158 3838 2198 rea·
3858 2141 3949 2199 Is-

2458 2239 2617 2305 rael,
2642 2246 2707 2297 ec
2734 2239 3065 2314 Josaplzac,
3094 2246 3154 2297 ec
3182 2258 3300 2297 νεω
3330 2238 3563 2298 Edem.

2535 2336 2725 2395 Dixit
2762 2344 2980 2395 autem
3008 2336 3262 2396 Eli-scus
3306 2338 3393 2395 ad
3430 2354 3643 2411 reqem
3674 2338 3880 2396 Israel
3922 2352 3945 2396 .·

2460 2435 2635 2501 Quid
2652 2434 2819 2493 mihi
2835 2443 2895 2493 et
2917 2435 3035 2495 tibi
3052 2442 3143 2493 est
3162 2436 3193 2494 ?
3214 2432 3279 2495 id
3306 2441 3422 2510 est,
3442 2452 3585 2515 quae
3605 2432 3945 2497 conventio

2460 2530 2665 2608 nobiS,
2707 2549 2906 2612 quum
2946 2531 3031 2593 sis
3074 2530 3449 2595 idololatra?
3478 2531 3655 2597 Unde
3686 2532 3947 2613 Aposto-

2460 2628 2558 2691 lus
2594 2627 2779 2703 :Quae
2806 2630 2951 2711 (ait)
2968 2630 3305 2693 conventio
3337 2630 3463 2692 luci
3495 2630 3575 2691 ad
3606 2629 3943 2692 tenebras?
4009 2645 4042 2688 11
4060 2644 4225 2694 com-1,

2458 2726 2533 2789 Et
2560 2726 2860 2790 Jeremias
2897 2746 2910 2789 ε
2945 2726 3105 2802 Quid
3127 2727 3326 2809 paleis
3358 2729 3434 2790 ad
3468 2727 3794 2790 triticum?
3834 2730 3948 2789 Va·
3980 2710 4224 2819 'J'ejf'gm

2455 2828 2534 2885 de
2562 2828 2652 2887 ad
2670 2829 3016 2904 prophetas
3037 2830 3255 2907 patris
3298 2828 3397 2887 tui
3433 2836 3492 2887 et
3522 2828 3755 2887 matris
3797 2835 3947 2895 tuce,
3978 2837 4043 2879 28·

2458 2923 2523 2987 id
2549 2925 2752 2988 estad
2781 2925 3125 3007 prophetas
3156 2924 3324 2989 Baal.
3361 2924 3497 2988 Non
3528 2924 3940 3000 consultorie,

863 3028 960 3082 set
990 3020 1106 3082 sub
1133 3019 1318 3097 Juda,¹
1350 3028 1414 3083 et
1454 3019 1783 3082 constituit
1813 3018 1938 3081 sibi
1970 3038 2206 3101 regem.
2234 3020 2349 3083 Re·
2383 3020 2427 3085 C
2457 3023 2567 3085 sed
2599 3023 2838 3087 ironice
2860 3023 3021 3086 dixit
3046 3022 3167 3086 hoc
3196 3023 3461 3086 EliseuS.
3481 3025 3568 3084 Ec
3588 3026 3686 3084 ait
3706 3024 3813 3082 illi
3834 3042 3949 3083 γεω

861 3119 1230 3201 spondetur,
1281 3119 1452 3201 quod
1501 3118 1666 3182 sicut
1722 3119 1789 3181 in
1839 3118 2183 3201 Scripturis
2234 3136 2342 3182 rex

861 3237 1028 3300 saepe
1059 3226 1315 3281 vocatur
1338 3220 1486 3295 dux,
1513 3218 1602 3281 ita
1629 3219 1750 3282 hoc
1780 3218 1918 3283 loco
1949 3219 2078 3281 dux
2110 3218 2347 3281 dicitur

861 3328 991 3380 rex'.
1017 3321 1100 3380 Εἰ
1119 3320 1586 3380 circumierunt
1597 3334 1718 3396 per
1743 3320 1920 3381 viam
1947 3328 2182 3397 septem
2215 3319 2346 3379 die-

859 3436 1035 3487 rum,
1064 3438 1177 3477 nec
1204 3426 1342 3477 erat
1371 3436 1544 3497 aqua
1585 3418 1905 3478 exercitui
1932 3427 1990 3478 et
2005 3454 2012 3463 -
2018 3419 2345 3496 jumentis

859 3536 1002 3595 quae
1028 3518 1451 3595 sequebantur
1479 3535 1598 3577 eos.
1624 3517 1937 3596 Dimicque
1966 3536 2082 3576 γεω
2111 3519 2340 3587 Israel,

858 3611 1199 3677 deficiente
1247 3612 1338 3676 eis
1388 3632 1554 3695 aqua
1600 3612 1664 3674 in
1715 3631 1928 3677 eremo
1973 3613 2133 3675 illa:
2171 3618 2344 3683 Heu,-

859 3712 1004 3785 heu,
1041 3713 1188 3781 heu,
1221 3730 1296 3775 ex
1346 3710 1746 3776 vehementia
1796 3711 2034 3775 doloris
2086 3721 2181 3774 ter
2228 3712 2337 3790 ait,

859 3810 1014 3873 Heu.
1051 3811 1468 3889 Conyreyavit
1497 3830 1612 3871 nos
1629 3813 1800 3872 Deus
1831 3820 1952 3871 tres
1980 3831 2176 3889 reyes,
2196 3830 2343 3873 cum

859 3908 1131 3972 subditis
1190 3909 1345 3986 suiS,
1397 3920 1469 3971 ut
1523 3912 1799 3971 eraderet
1849 3928 1966 3973 nos
2015 3912 2088 3971 in
2135 3931 2343 3971 manu

859 4010 1047 4071 M'oab
1067 4007 1264 4091 :quia
1293 4007 1576 4071 Moahitae
1613 4008 1746 4090 J‘am
1787 4015 2209 4090 perceperunt
2240 4008 2343 4070 ad·

856 4116 1113 4170 ventum
1145 4109 1410 4171 istorum
1443 4126 1684 4188 regum,
1722 4127 1837 4171 nec
1868 4115 2162 4189 poterant
2189 4126 2339 4171 con-

2456 3125 2663 3183 Israel
2698 3144 2720 3183 .·
2757 3125 2967 3191 Quare
3014 3142 3364 3199 conyreyav
3376 3124 3425 3183 it
3456 3124 3775 3183 Dominus
3827 3130 3948 3181 tres

2456 3240 2631 3297 reyes
2660 3224 2791 3293 lios,
2817 3231 2889 3282 ut
2922 3224 3200 3282 traderet
3228 3240 3327 3281 eos
3356 3222 3428 3282 in
3460 3242 3695 3281 manus
3715 3222 3951 3282 Moab?

2455 3320 2647 3381 Dia-ic
2674 3322 2761 3379 ad
2790 3340 2937 3380 eum
2972 3321 3224 3381 Eli-scus
3245 3340 3268 3379 .·
3306 3320 3480 3379 Vivit
3500 3319 3817 3380 Dominus
3845 3338 3949 3377 εω-

2454 3419 2801 3487 ercituum,
2834 3420 2906 3479 in
2936 3418 3124 3494 cujus
3155 3427 3489 3497 conspectu
3534 3427 3654 3487 stc,
3695 3420 3867 3497 quod
3892 3417 3951 3475 si

2454 3535 2584 3576 non
2616 3520 2873 3577 vult-um
2899 3518 3204 3592 Josapkat
3233 3516 3401 3593 reqis
3430 3518 3609 3577 Iuda
3637 3518 3949 3575 erubesce-

2454 3633 2609 3685 rem,
2643 3612 2707 3676 id
2738 3621 2836 3675 est
2866 3632 3202 3689 revererer,
3242 3631 3443 3695 quum
3474 3612 3559 3675 sit
3586 3613 3796 3675 cultor
3827 3611 3938 3674 Dei

2454 3709 2691 3788 fidelis,
2713 3720 2973 3794 propter
3002 3712 3175 3793 quod
3206 3712 3399 3775 etiam
3429 3712 3823 3774 verecundor
3845 3721 3947 3773 me

2452 3809 2534 3872 ab
2579 3828 2655 3874 eo
2704 3818 3010 3887 avertere,
3062 3818 3125 3873 et
3174 3810 3313 3891 ejus
3371 3808 3761 3873 desiderium
3808 3826 3936 3872 non

2453 3907 2739 3991 implere,
2772 3930 2903 3971 non
2948 3910 3363 3971 attendissem
3402 3910 3667 3989 quidem
3718 3918 3800 3978 te,
3827 3927 3942 3969 nec

2450 4009 2879 4085 respeoeissem.
2912 4007 3048 4071 Non
3078 4028 3155 4071 ex
3198 4007 3494 4084 elatione,
3536 4007 3647 4070 sed
3676 4006 3812 4070 zelo
3840 4005 3945 4087 ju-

2452 4105 2641 4169 stitiae
2667 4106 2829 4169 dixit
2858 4106 2977 4169 hoc
3006 4114 3262 4170 sanctus
3285 4107 3411 4187 vir,
3436 4105 3813 4169 abominans
3835 4104 3949 4167 im-

856 4207 1184 4271 venienter
1223 4207 1456 4270 reverti
1486 4224 1562 4269 ex
1593 4225 1773 4287 aquae
1802 4206 2076 4269 defectu.
2114 4204 2341 4279 Quam-
2370 4209 2421 4270 D
2453 4203 2629 4286 pium
2660 4212 2730 4266 ut
2758 4205 2971 4280 talem,
3006 4204 3547 4285 quemadmodum
3579 4204 3658 4267 de
3686 4204 3827 4267 viro
3855 4204 3951 4283 ju·

853 4304 951 4369 vis
998 4313 1210 4369 autem
1268 4304 1436 4367 istud
1494 4323 1622 4366 non
1684 4303 1810 4366 fuit
1865 4323 2109 4380 verum,
2163 4303 2336 4385 quod

849 4404 1093 4467 scilicet
1125 4403 1425 4466 Dominus
1457 4402 1937 4484 congregaverit
1967 4421 2146 4484 reges
2181 4402 2328 4466 illos

852 4504 934 4567 ob
965 4521 1220 4566 causam
1260 4502 1447 4578 hanc,
1482 4508 1692 4563 tamen
1737 4517 1847 4563 rex
1875 4500 2060 4563 Israel
2109 4500 2229 4564 hoc
2260 4500 2337 4563 ti-

857 4602 1020 4664 muit
1047 4610 1110 4665 et
1139 4600 1407 4684 putavit.

925 4702 1010 4764 Ec
1039 4704 1138 4763 ait
1161 4701 1468 4778 Josaphac
1487 4720 1508 4758 .·
1540 4700 1733 4761 Estne
1762 4698 1886 4765 liic,
1917 4696 1982 4758 id
2013 4704 2110 4760 est
2140 4696 2207 4759 in
2234 4697 2341 4759 ali-

855 4818 984 4883 quo
1032 4800 1170 4863 loco
1219 4816 1347 4861 non
1393 4795 1667 4859 multum
1716 4804 1980 4872 remote,
2014 4798 2337 4873 Propheta

853 4899 1144 4969 Domini,
1164 4904 1384 4978 utpote
1415 4914 1602 4959 verus
1630 4902 1694 4958 et
1723 4902 1979 4957 sanctus
2002 4893 2333 4976 Propheta,

854 5008 927 5059 ut
948 5001 1359 5075 deprecemur
1387 4996 1743 5056 Dominum
1765 5012 1890 5070 per.
1911 5012 2060 5053 eum
2081 4996 2112 5053 ?
2132 4991 2197 5055 id
2217 5001 2334 5070 est,

859 5105 928 5159 ut
977 5096 1085 5160 ille
1128 5103 1265 5160 oret
1304 5112 1420 5177 pro
1469 5092 1674 5169 nobis,
1701 5099 1763 5155 et
1813 5091 2110 5173 impetret
2152 5091 2337 5155 nobis

855 5213 1108 5277 aquam,
1143 5201 1206 5258 et
1249 5212 1365 5255 nos
1408 5209 1665 5273 quoque
1694 5208 1947 5254 oremus
1991 5208 2106 5272 pro
2149 5208 2342 5253 causa

857 5294 1100 5357 eadem.
1144 5293 1212 5354 Iu
1258 5292 1380 5354 isto
1425 5297 1599 5373 patet
1643 5288 1969 5352 humilitas
2014 5288 2334 5372 Josaphat,

2449 4310 2547 4365 sto
2577 4301 2781 4365 fertur
2810 4302 2877 4364 in
2896 4301 3143 4365 Psalmo
3170 4319 3184 4363 :
3208 4303 3303 4365 Ad
3323 4302 3602 4364 nihilum
3631 4302 3942 4365 deductus
3992 4328 4073 4370 Ρ..
4092 4340 4173 4375 m,
4189 4326 4226 4369 i.

2450 4408 2545 4463 est
2594 4400 2659 4475 in
2706 4408 3052 4483 conspectu
3098 4400 3239 4482 ejus
3290 4400 3637 4480 malignus.
3672 4399 3834 4463 Hinc
3880 4407 3945 4463 et

2448 4499 2867 4582 Philosophus
2910 4499 2977 4561 in
3022 4498 3263 4562 Ethicis
3311 4499 3391 4561 de
3441 4497 3940 4581 proprietatibus

2450 4597 2838 4679 magnanimi
2869 4598 3160 4680 loquenS‚
3196 4596 3367 4660 inter
3396 4604 3605 4660 cetera
3634 4596 3744 4673 ait,
3768 4598 3942 4679 quod

2450 4697 2533 4759 sit
2574 4696 3037 4779 aspernativuS,
3071 4694 3379 4778 quoniam
3424 4703 3809 4776 aspernatur
3856 4694 3950 4758 vi-

2450 4795 2645 4859 tiosos
2692 4795 2759 4857 in
2806 4803 3117 4877 quantum
3149 4795 3327 4858 tales.
3363 4793 3581 4857 Merito
3628 4793 3825 4875 igitur
3872 4793 3940 4855 in

2448 4893 2891 4958 Ecclesiastico
2934 4895 3015 4957 de
3057 4893 3266 4956 Eliseo
3308 4892 3657 4956 asseritur:
3695 4892 3761 4954 In
3808 4891 3943 4956 die-
4034 4921 4181 4966 καις,

2450 4993 2569 5057 bus
2599 4992 2730 5055 suis
2762 5010 2889 5055 non
2926 4991 3253 5075 pertimuit
3281 4990 3662 5075 principem.
3684 4990 3945 5054 Verum·
3980 4997 4115 5035 ¹¹³¹¹¹=
4142 4986 4202 5025 ¹³·

2448 5100 2660 5155 tamen
2681 5089 2781 5153 his
2801 5089 2997 5173 ohJ‘ici
3019 5098 3238 5172 potest,
3258 5090 3566 5171 quoniam
3588 5088 3934 5173 principeS,

2448 5188 2740 5271 quamvis
2779 5188 3011 5271 perfidi
3043 5195 3107 5251 et
3135 5187 3363 5269 iniqui,
3397 5196 3547 5250 sunt
3580 5186 3935 5251 honorandi

2449 5296 2708 5371 propter
2738 5287 2837 5349 sui
2863 5286 3237 5368 dignitatem
3266 5286 3496 5364 officii,
3532 5294 3593 5349 et
3628 5296 3933 5368 tanquam·
