4309 6259
601 1267 655 1359 ‘1'ss
666 1267 864 1321 Regum,

645 1563 766 1608 Ibid.
793 1575 863 1611 xv,

601 1632 640 1679 ¹,
656 1630 697 1679 2,
713 1630 754 1669 8.

641 4420 786 4463 Hebr.
807 4432 863 4468 xi,

599 4486 666 4527 3³.

601 5177 618 5217 ¹
627 5112 732 5218 ger.
749 5124 861 5165 xxix,

897 472 1016 535 224

1291 485 1638 533 ssNAnRA‘rlo
1679 485 1742 531 IN
1784 485 1921 531 ΕΑΒ.
1967 484 2073 530 xvl
2114 482 2273 528 LIBRI
2316 481 2567 527 SECUNDI
2609 482 3139 529 PARALIPouENON.
3184 503 3265 513 —
3304 485 3447 531 ΛΒΤ.
3490 485 3596 533 xv!

899 660 1020 722 nis.
1056 660 1130 721 Et
1158 658 1481 721 interfecit
1499 677 1646 721 eum
1677 658 1871 719 Baasa
1901 655 1968 716 in
1997 672 2167 717 anno
2198 652 2385 715 tertio
2415 653 2466 716 A
2496 662 2771 733 tempore
2798 660 3141 717 adversum
3164 668 3222 718 te
3240 661 3405 719 bella
3422 668 3803 735 consument
3820 658 3970 721 acri-

895 759 1062 839 regis
1091 758 1232 835 Asa,
1268 766 1332 819 et
1365 756 1654 838 regnavit
1686 774 1800 837 pro
1831 773 1928 818 eo.
1963 754 2177 829 Porr0,
2213 751 2384 833 quod

895 856 1109 919 Nadab
1137 856 1373 919 dicitur
1403 872 1700 935 regnasse
1731 854 2008 916 secundo
2039 870 2207 915 anno
2238 852 2377 926 Asa,

895 974 1022 1019 non
1066 963 1275 1037 potest
1323 953 1618 1033 intelligi,
1653 952 1777 1015 nisi
1827 953 1906 1014 de
1949 970 2118 1015 anno
2166 969 2386 1013 secun-

894 1055 976 1117 do
1007 1053 1185 1135 regni
1217 1055 1340 1115 Asa
1379 1051 1758 1134 simpliciter
1805 1050 2070 1132 accepti,
2107 1049 2221 1131 qui
2262 1048 2387 1110 fuit

894 1153 1004 1215 diu
1035 1160 1182 1214 ante
1211 1158 1578 1234 praetactum
1617 1148 2029 1231 triumphum.
2052 1147 2383 1210 Jeroboam

896 1269 1169 1333 namque
1201 1249 1490 1329 regnavit
1517 1248 1703 1311 annis
1734 1247 1958 1327 viginti
1992 1245 2263 1323 duobuS,
2299 1246 2387 1307 ita

895 1349 1067 1431 quod
1113 1349 1180 1410 in
1231 1366 1398 1411 anno
1429 1346 1734 1411 vicesimo
1764 1346 2043 1408 secundo
2072 1342 2251 1423 regni
2285 1344 2384 1405 sui

895 1448 1238 1510 defunctus
1270 1455 1386 1523 est,
1421 1454 1492 1507 ut
1524 1445 1708 1507 tertio
1737 1444 1974 1525 Regum
2005 1451 2199 1524 patet.
2224 1442 2386 1505 Abia

893 1556 1104 1610 autem
1145 1546 1341 1627 coepit
1383 1562 1644 1624 regnare
1692 1541 2165 1607 octavodecimo
2214 1560 2383 1604 anno

893 1645 1069 1725 regni
1102 1645 1456 1719 Jeroboam,
1491 1651 1554 1705 et
1585 1642 1787 1704 tribus
1817 1641 2002 1703 annis
2050 1640 2375 1719 regnavit:

891 1744 994 1806 cui
1018 1743 1140 1806 Asa
1171 1741 1476 1805 successit
1498 1740 1564 1803 in
1596 1758 1812 1819 regno.
1838 1738 2379 1813 Quemadmodum

2492 769 2604 813 ora
2634 772 2744 815 seu
2776 754 2981 835 plura,
3016 775 3208 836 quam
3238 764 3407 819 ante.

2587 853 2929 931 Iratus-que
2968 855 3102 914 Asa
3149 856 3411 915 eontra*
3461 856 3813 925 Videntem,
3854 856 3969 917 hoc
4006 866 4196 908 ‘dms

2495 956 2590 1011 est
2622 949 2956 1030 praesatum
2984 950 3381 1033 Prophetam,
3390 953 3597 1031 jussit
3624 974 3771 1014 eum
3802 943 3971 1015 m'itci

2496 1049 2567 1107 in
2614 1068 2912 1119 nervum,
2944 1049 3006 1112 id
3044 1058 3142 1113 est
3178 1050 3245 1112 in
3276 1051 3537 1133 cippum
3574 1071 3687 1115 seu
3726 1071 3971 1135 compe-

2496 1146 2661 1208 dem.
2716 1150 2908 1209 Valde
2936 1151 3175 1229 quippe
3214 1172 3408 1229 super
3436 1154 3549 1211 hoc
3595 1153 3733 1230 fuit
3760 1156 3972 1214 Domi-

2495 1265 2618 1305 nus
2640 1248 3025 1323 indiynacus
3044 1270 3066 1307 .·
3086 1248 3392 1329 quoniam
3423 1256 3558 1312 erat
3588 1268 3849 1313 enorme
3865 1251 3973 1314 cri·

2496 1361 2643 1405 men
2683 1344 2747 1406 in
2781 1345 2973 1407 Deum
3019 1346 3397 1423 redundans-2,
3442 1349 3627 1429 cujus
3672 1348 3971 1413 instinctu

2495 1460 2604 1503 seu
2641 1442 2927 1524 jussione
2956 1444 3267 1526 Propheta
3310 1445 3419 1509 ille
3448 1447 3623 1509 venit
3660 1456 3727 1511 et
3768 1467 3971 1529 regem

2492 1539 2840 1623 corripuit3
2874 1553 2934 1603 et
2978 1546 3305 1624 interfecit
3340 1549 3420 1606 de
3451 1550 3693 1623 populo
3730 1550 3797 1608 in
3834 1559 3974 1610 tem-

2482 1660 2641 1715 pore
2670 1642 2783 1701 illo
2818 1645 3162 1718 plurimos.
3200 1642 3426 1725 Sicque
3466 1645 3723 1725 punivit
3764 1664 3967 1725 regem

2492 1735 2559 1797 in
2602 1738 2982 1802 satellitibus
3023 1740 3176 1817 suis,
3213 1742 3379 1804 sicut
3420 1750 3483 1805 et
3520 1761 3735 1825 regem
3778 1745 3969 1809 David
3996 1757 4203 1863 :lfao-1¹1⁸-

889 1858 1038 1921 ergo
1081 1841 1397 1905 secundus
1441 1858 1647 1901 annus
1676 1838 1818 1913 Asa,
1853 1855 1982 1918 quo
2027 1837 2219 1918 coepit
2265 1837 2380 1898 Na·
2416 1842 2464 1903 B
2491 1834 2553 1897 in
2589 1838 2823 1919 populo
2854 1857 2990 1901 suo,
3025 1839 3261 1920 Estque
3289 1840 3643 1921 probabile,
3678 1844 3851 1924 quod
3880 1865 3972 1909 re-

886 1940 1011 2003 dab
1058 1958 1342 2020 regnare,
1379 1937 1832 2017 intelligendus
1878 1944 1974 1998 est
2019 1935 2377 1999 necessario

886 2041 966 2101 de
990 2040 1268 2101 secundo
1299 2055 1467 2100 anno
1490 2036 1666 2117 regni
1689 2035 1787 2097 sui
1811 2034 2190 2116 simpliciter
2212 2053 2378 2095 sum-

885 2136 1002 2219 pti,
1040 2137 1129 2200 ita
1177 2145 1239 2199 et
1292 2136 1515 2199 tertius
1565 2154 1770 2197 annus
1814 2133 1994 2213 regni
2037 2132 2201 2213 ejuS,
2248 2150 2377 2213 quo

884 2237 1078 2298 Baasa
1106 2235 1301 2316 coepit
1331 2252 1594 2314 regnare
1633 2249 1646 2295 :
1680 2232 1838 2295 alias
1867 2230 2082 2293 Nadab
2123 2248 2377 2310 regnas-

885 2342 980 2396 set
1039 2333 1242 2397 multo
1302 2332 1565 2408 diutiuS,
1618 2349 1813 2412 quam
1861 2328 2048 2391 annis
2098 2329 2371 2392 duobus,

884 2432 1044 2494 Hinc
1090 2432 1200 2494 alii
1252 2431 1493 2506 dicunt,
1529 2429 1700 2510 quod
1751 2427 1871 2490 hoc
1924 2428 2082 2503 loco,
2120 2427 2285 2489 sicut
2314 2436 2377 2490 et

883 2530 1037 2593 alibi
1064 2549 1252 2613 saepe‚
1288 2529 1458 2593 vitio.
1474 2528 1855 2609 scriptorum
1891 2534 2168 2589 erratum
2202 2526 2374 2588 sitin

886 2648 1153 2693 numero
1189 2646 1203 2691 ε
1239 2627 1409 2709 quod
1449 2626 1643 2689 etiam
1693 2624 1837 2687 fieri
1888 2624 2097 2707 potuit
2144 2624 2213 2686 in
2262 2626 2376 2688 He-

883 2725 1078 2789 braeo.
1114 2725 1440 2806 Siquidem
1486 2724 1551 2785 in
1583 2721 2056 2803 conscriptione
2085 2741 2377 2785 numero-

883 2844 1024 2886 rum
1058 2832 1121 2886 et
1152 2823 1555 2905 propriorum
1585 2821 1940 2897 nominum,
1977 2820 2253 2883 faciliter
2282 2840 2377 2883 er-

883 2941 988 2985 ror
1017 2922 1354 3002 contingit.

2486 1934 2549 2013 gi
2582 1946 3042 1999 consenserunt
3064 1938 3137 1999 in'
3163 1938 3432 2001 crimine
3451 1939 3609 2013 isto;
3641 1941 3746 2003 vel
3776 1943 3974 2007 aliun·

2485 2034 2565 2096 de
2601 2033 2780 2115 digni
2814 2044 2994 2098 erant
3034 2036 3319 2099 interitu.
3351 2038 3634 2101 Percussi
3669 2049 3820 2103 sunt
3869 2062 3974 2103 au-

2487 2141 2613 2195 tem
2660 2133 2758 2195 vel
2808 2142 2999 2215 peste,
3052 2134 3153 2200 vel
3202 2135 3415 2216 gladio
3463 2136 3641 2215 belli,
3693 2148 3807 2201 aut
3850 2141 3975 2203 alia

2488 2230 2694 2313 plaga.

2569 2336 2775 2410 Opera
2814 2341 3031 2394 autem
3058 2335 3189 2395 Asa
3229 2335 3455 2411 prima
3494 2345 3555 2396 et
3597 2338 3972 2407 novissima,

2482 2432 2724 2507 scripta
2765 2440 2919 2491 sunt
2968 2433 3040 2490 in
3092 2434 3254 2491 libro
3299 2435 3547 2510 Reyum
3575 2436 3753 2495 Juda
3798 2446 3861 2495 et
3890 2438 3977 2497 Is-

2486 2532 2643 2588 rael.
2664 2530 3037 2605 AEyrotavit
3065 2531 3263 2590 eciam
3286 2534 3421 2592 Asa
3448 2552 3621 2592 anno
3654 2536 3975 2593 tricesimo

2486 2645 2653 2686 nono
2682 2628 2868 2703 reqni
2896 2629 3026 2696 sui,
3055 2631 3271 2688 dolore
3292 2632 3535 2705 pedum
3566 2632 3977 2691 vehementis-

2483 2726 2691 2785 simo:
2720 2733 2783 2787 et
2825 2724 2945 2787 hoc
2992 2724 3166 2806 justo
3211 2726 3321 2788 Dei
3370 2727 3634 2808 judiciO,
3666 2730 3975 2810 quoniam

2486 2830 2773 2885 sanctum
2820 2822 3029 2885 virum
3068 2824 3285 2887 dolore
3337 2826 3572 2907 pedum
3614 2825 3859 2889 afflixit
3910 2828 3975 2890 in

2487 2919 2716 3002 cipp03
2768 2920 2989 3002 sicque
3032 2940 3145 3003 per
3175 2941 3317 3003 quae
3361 2924 3673 3005 peccavit,
3710 2926 3977 3007 punitus
4004 2942 4215 2998 Saffum.

963 3024 1047 3082 In
1096 3031 1369 3098 tempore
1400 3021 1514 3080 illo
1559 3011 2041 3081 venit'Hanani
2062 3021 2376 3095 propheta
2412 3021 2458 3084 C
2488 3027 2604 3081 est.
2659 3023 2743 3081 Et
2793 3041 2905 3081 nec
2954 3022 3027 3080 in
3078 3024 3463 3098 infirmitate
3508 3044 3629 3083 sua
3676 3027 3977 3105 quaesivit

882 3122 972 3181 ad
999 3123 1131 3181 Asa
1161 3140 1371 3195 reyem
1398 3122 1600 3188 Juda‚
1631 3128 1690 3179 et
1719 3120 1896 3178 dimit
1930 3119 1992 3175 ei
2019 3138 2042 3176 .·
2067 3119 2234 3185 Quia
2268 3118 2377 3177 Ιια-

884 3220 1084 3279 ὂαίειί
1111 3220 1428 3295 fiduciam
1454 3219 1524 3277 in
1574 3236 1717 3293 reye
1743 3217 1961 3292 Syriae
1991 3212 2245 3276 infideli
2284 3223 2377 3277 at-

882 3335 1010 3398 que
1042 3316 1394 3392 idololatra,
1429 3325 1488 3376 et
1523 3336 1648 3376 non
1682 3317 1754 3375 in
1785 3316 2060 3374 Domino
2082 3316 2210 3374 Deo
2244 3324 2376 3385 tue,

885 3415 953 3476 in
1003 3415 1123 3477 hoc
1172 3434 1366 3488 casu3
1411 3416 1651 3474 idcirco
1697 3414 1899 3473 evasit
1945 3414 2164 3489 Syriae
2209 3414 2377 3489 reyis

881 3515 1200 3574 exereitus
1219 3516 1298 3573 de
1319 3532 1522 3573 manu
1554 3521 1666 3572 tua
1687 3532 1708 3571 .·
1733 3511 1850 3573 hoc
1879 3518 1995 3587 est,
2029 3509 2375 3573 exercitum

887 3612 1052 3692 regis
1085 3611 1278 3693 Syriae
1307 3628 1435 3673 non
1469 3609 1701 3686 vicisti,
1727 3628 1920 3690 quem
1951 3628 2077 3670 una
2106 3628 2253 3672 cum
2287 3628 2377 3673 re-

882 3728 961 3791 ge
1004 3719 1196 3791 atque
1246 3708 1525 3772 exercitu
1583 3707 1770 3770 lsrael
1818 3706 1878 3769 ei
1925 3706 2376 3770 confoederatis

884 3810 1173 3888 vicisse8‚
1211 3810 1264 3871 si
1295 3827 1616 3891 sperasses
1640 3808 1704 3869 in
1735 3806 2026 3883 Domino,
2049 3815 2113 3870 et
2142 3806 2237 3869 illi
2271 3828 2379 3890 pa-

889 3910 1042 3973 riter
1073 3918 1296 3973 contra
1315 3916 1378 3971 te
1408 3907 1754 3971 venissent.
1789 3910 2018 3969 Nonne
2045 3909 2377 3985 AEclziopes

885 4019 946 4070 et
999 4011 1227 4086 Libyes
1268 4011 1472 4067 multo
1512 4011 1737 4084 plures
1782 4014 1993 4077 erant,
2035 4008 2379 4085 quadrigis

887 4117 947 4168 et
987 4109 1312 4187 equitibus
1363 4115 1422 4165 et
1462 4105 1885 4165 multitudine
1929 4106 2170 4173 nimia,
2198 4125 2379 4184 quos,

2486 3120 2869 3189 Dominum,
2888 3127 2961 3181 ut
2980 3139 3165 3181 suum
3188 3119 3507 3202 mitigaret
3536 3122 3845 3201 dolorem,
3868 3128 3978 3185 sed

2488 3220 2693 3295 mayis
2721 3220 2793 3278 in
2824 3228 2963 3279 arte
2992 3221 3386 3281 medicorum
3420 3226 3694 3298 confisus
3723 3234 3836 3284 est.
3862 3224 3981 3286 Ve-

2486 3324 2843 3379 rumtamen
2868 3316 3077 3398 potuit
3108 3316 3245 3383 sine
3268 3324 3521 3399 peccato
3554 3319 3648 3380 uti
3672 3322 3979 3383 remediis

2486 3414 2837 3493 medicinae,
2863 3416 3206 3478 dummodo
3238 3416 3471 3497 egisset
3502 3416 3625 3481 hoc
3656 3419 3975 3483 ordinate.

2486 3510 2840 3593 Debuitque
2885 3512 3088 3592 magis
3120 3530 3375 3595 sperare
3419 3513 3488 3575 in
3533 3515 3735 3595 gratia
3779 3535 3977 3597 quam

2488 3609 2552 3672 in
2593 3618 2839 3686 natura,
2874 3618 2935 3673 et
2978 3630 3156 3674 suam
3201 3629 3651 3693 recognoscere
3691 3614 3973 3697 culpam,

2487 3708 2704 3790 sicque
2734 3728 2771 3771 a
2801 3709 2925 3773 Deo
2958 3709 3203 3791 precari
3242 3710 3576 3788 medelam,
3604 3720 3669 3774 et
3694 3714 3978 3777 medico-

2489 3827 2630 3869 rum
2671 3816 2805 3870 arte
2850 3808 2969 3870 sub
3012 3807 3235 3871 ordine
3282 3807 3516 3873 divinae
3558 3810 3981 3892 providentia

2488 3906 2605 3967 uti.
2631 3908 3079 3985 Dormivitque
3124 3926 3273 3967 eum
3324 3908 3625 3984 patribus
3680 3911 3841 3971 suis,
3894 3914 3981 3972 Et

2488 4013 2781 4065 mortuus
2799 4014 2888 4065 est
2916 4024 3089 4065 anno
3127 4007 3617 4085 quadrayesimo
3628 4008 3851 4084 primo
3884 4030 3983 4067 re-

2486 4105 2606 4179 ‚qni
2616 4104 2743 4163 sai.
2759 4106 2845 4163 Ec
2862 4104 3249 4180 sepelierunt
3264 4124 3412 4163 eum
3434 4104 3507 4163 in
3526 4108 3817 4181 sepulcro
3836 4128 3978 4178 suc,

890 4224 1092 4285 quum
1149 4205 1426 4266 Domino
1484 4204 1858 4262 credidisses
1919 4200 2048 4265 fide
2109 4202 2379 4265 formata
2408 4204 2459 4267 D
2490 4204 2660 4280 quod
2678 4205 2931 4281 foderat
2948 4202 3074 4261 sibi
3104 4203 3177 4261 in
3206 4202 3467 4262 civitate
3480 4204 3719 4265 David.
3744 4208 3985 4267 Posue-

893 4320 1038 4363 cum
1071 4319 1184 4382 spe
1214 4298 1418 4363 divini
1457 4297 1700 4375 auxilii,
1738 4301 2012 4360 tradidit
2057 4302 2128 4360 in
2176 4320 2381 4362 manu

895 4402 1062 4463 tua?
1097 4397 1310 4461 Sancti
1341 4397 1512 4460 enim
1557 4415 1669 4478 per
1717 4395 1909 4459 fidem
1952 4396 2244 4460 vicerunt
2286 4416 2381 4461 re-

892 4516 1038 4579 gna.
1093 4499 1278 4559 Oculi
1335 4498 1509 4556 enim
1554 4497 1822 4556 Domini
1865 4501 2381 4573 contemplantur

891 4599 1267 4658 universam
1312 4605 1576 4664 terram,
1607 4593 1726 4656 hoc
1765 4601 1881 4670 est,
1918 4593 2277 4657 intellectus
2316 4604 2381 4659 et

889 4693 1204 4776 sapientia
1233 4693 1366 4770 Dei,
1403 4692 1736 4757 universos
1780 4691 2165 4755 habitatores
2198 4702 2379 4757 terrae

893 4792 1245 4877 inspiciunt
1272 4801 1334 4854 et
1364 4791 1552 4874 plene
1580 4798 1992 4870 cognoscunt,
2021 4801 2080 4852 et
2092 4795 2379 4868 praebent

889 4893 1347 4971 fortitudinem
1401 4888 1798 4972 corporalem
1858 4896 1922 4950 et
1978 4888 2373 4970 spiritualem

893 5001 1177 5073 tempore
1205 4988 1383 5065 belli,
1412 4991 1513 5050 his
1543 4990 1659 5069 qui
1687 4990 1872 5049 corde
1893 4989 2201 5065 perfecm,
2250 5007 2377 5052 non

891 5088 1232 5164 haesitanti,
1268 5091 1538 5148 credunt
1582 5089 1654 5148 in
1683 5107 1877 5147 eum:
1908 5086 2021 5167 qui
2066 5085 2199 5148 suis
2239 5106 2381 5168 per·-

893 5188 1076 5252 fectis
1107 5186 1458 5251 cultoribus
1481 5204 1666 5268 opem
1690 5184 2006 5267 promisit.
2025 5188 2240 5247 Stulte
2259 5189 2382 5265 iqi-

888 5298 1000 5350 tur
1044 5288 1256 5365 eyisti,
1283 5295 1342 5346 et
1382 5294 1646 5365 propter
1677 5287 1791 5345 1100
1837 5286 2035 5345 eciam
2069 5289 2379 5363 praesenti

2491 4309 2769 4379 runtque
2788 4322 2959 4372 eum,
2979 4299 3099 4362 hoc
3128 4306 3224 4361 est
3254 4317 3483 4381 corpus
3503 4299 3641 4381 ejus
3664 4304 3979 4381 exanime,

2487 4420 2679 4477 super
2711 4403 2943 4459 lectum
2972 4420 3164 4459 suum
3194 4403 3465 4475 plenum
3497 4404 3895 4462 aromatibus
3924 4414 3986 4465 ec

2490 4501 2839 4575 unquentis
2896 4499 3298 4568 nwret-riet'is,
3362 4495 3424 4557 id
3470 4504 3565 4559 est
3608 4497 3867 4563 lascivis
3920 4511 3986 4564 et

2490 4594 2790 4659 mollibus
2820 4614 2891 4658 ac
2929 4595 3093 4658 bene
3134 4596 3585 4673 redolentibuS,
3621 4619 3765 4678 quoe
3792 4613 3985 4663 erant

2481 4696 3072 4771 piymentariorum
3100 4704 3240 4755 arte
3281 4696 3565 4771 confecta
3588 4716 3611 4756 :
3638 4698 3878 4778 quibus
3918 4709 3982 4763 et

2484 4790 2879 4853 mulierculae
2926 4790 3397 4855 incontinentes
3446 4812 3515 4855 se
3567 4805 3821 4875 ungunt
3868 4807 3985 4859 aut

2489 4889 2724 4952 liniunt
2752 4908 2867 4971 pro
2898 4890 3091 4953 odore
3128 4890 3415 4971 corporis
3454 4890 3585 4953 sui:
3616 4911 3763 4973 quae
3796 4904 3859 4958 et
3892 4896 3979 4959 le-

2486 4997 2620 5052 ctos
2642 5006 2788 5051 suos
2808 5006 2881 5051 ac
2904 4988 3213 5051 thalamos
3242 4999 3709 5053 consueverunt
3728 4992 3969 5057 talibus

2486 5106 2797 5169 occupare
2852 5088 2931 5149 ad
2980 5086 3393 5150 alliciendum
3454 5088 3578 5151 sibi
3625 5101 3971 5171 amatoreS,

2488 5188 2666 5270 juxta
2702 5186 2863 5248 illud
2890 5185 3397 5264 Proverbiorum,
3431 5186 3731 5270 Adspersi
3760 5191 3979 5257 cubile
4034 5212 4163 5255 em.
4184 5164 4256 5263 mi

2490 5304 2703 5349 meum
2740 5285 2999 5367 myrrha
3028 5293 3091 5365 et
3131 5285 3273 5348 aloe
3308 5294 3373 5348 ct
3417 5285 3860 5365 cinnamom03
3912 5303 3977 5353 ec
4006 5282 4074 5323 ¹⁷·
