4309 6259
92 805 117 848 11
126 806 213 860 Ray.
228 819 293 856 xv,

81 871 127 915 is,
146 871 197 910 ¹9.

124 3364 162 3406 lll
179 3368 268 3423 Ray.

89 3439 155 3470 nm
166 3430 201 3472 in
210 3432 288 3476 fine.

96 3953 139 3994 1⁸.
155 3969 225 4006 ur,
238 3961 293 4001 2⁰.

128 4741 203 4787 Gen,
216 4761 301 4802 mu,

106 4805 151 4844 2³.

105 5001 152 5040 .i.

727 519 1075 566 {mammo
1118 521 1179 566 IN
1223 521 1359 567 cAP.
1408 521 1541 567 xxu
1582 523 1739 568 unm
1781 525 1951 570 Palm
1991 525 2522 576 PARAMPOMENON.
2567 551 2648 562 ··—
2689 533 2831 579 ΛΒΤ.
2876 534 3007 580 xxu
3289 520 3404 582 165

322 691 519 764 siora3
570 708 700 753 non
746 697 957 753 tamen
996 690 1299 754 omnibus
1339 691 1469 755 illis
1505 711 1520 755 2
1556 713 1701 756 nam
1752 703 1815 757 et
1845 694 1897 755 A
2004 700 2249 759 Domus
2277 711 2494 762 autem
2523 723 2718 782 quam
2751 707 3076 781 oeclifi'eare
3113 712 3250 768 volo
3283 713 3405 770 Do-

322 788 497 850 Ethai
529 797 592 851 et
610 787 737 852 viri
773 789 873 850 sui
906 789 1187 852 sexcenti
1214 799 1397 853 erant
1420 791 1723 874 proselyti
1752 801 1814 856 et

320 886 551 950 Gethaei
578 911 592 960 3
626 895 693 950 et
722 887 776 948 si
808 887 1009 969 aliqui
1044 888 1158 950 alii
1188 889 1463 952 multum
1499 891 1812 954 notabiles

322 986 480 1050 inter
510 987 869 1068 proselytos
909 996 1111 1064 erant,
1146 1007 1275 1051 non
1304 989 1557 1052 videtur
1589 999 1816 1073 putan-

320 1086 464 1148 dum
496 1086 674 1167 quod
704 1085 1203 1149 discretissimus
1232 1088 1429 1152 David
1456 1091 1815 1170 gravaverit

320 1203 420 1246 eos
461 1184 585 1247 isto
624 1182 855 1248 officio
894 1185 1096 1266 gravi.
1134 1185 1241 1247 Eis
1284 1206 1542 1269 quoque
1580 1189 1813 1270 quibus

318 1283 483 1346 istud
516 1283 823 1364 injunxit,
856 1283 1240 1364 condignam
1272 1293 1335 1348 et
1364 1286 1606 1367 largam
1641 1288 1816 1351 dedit

318 1382 698 1444 mercedem.
730 1385 1011 1443 Ferrum
1040 1403 1291 1462 quoque
1316 1387 1690 1461 plurimum
1727 1389 1816 1446 ad

317 1485 523 1541 clavos
534 1482 917 1558 januarum
944 1490 1005 1541 et
1033 1485 1123 1542 ad
1144 1485 1595 1544 commissuras
1626 1495 1816 1564 atque

1923 797 2101 855 mino
2124 815 2236 877 per
2257 797 2282 858 f
2287 797 2466 860 ilium
2490 819 2717 876 meum,
2736 811 2955 884 utpote
2977 806 3302 886 templum,
3321 819 3406 868 ca-

1924 895 2005 953 lis
2034 915 2162 954 esse
2184 900 2385 967 debet,
2409 898 2472 961 id
2503 908 2600 963 est
2631 909 2757 962 tam
2789 901 3087 983 pretiosa,
3111 905 3402 986 pulchra,

1923 991 2051 1054 alta
2094 1001 2159 1056 et
2207 1013 2458 1076 magna,
2507 1009 2580 1059 ut
2627 1001 2700 1059 in
2749 1004 2995 1061 cunetis
3044 1005 3410 1080 regionibus

1924 1095 2298 1155 nominetur
2347 1113 2370 1156 .·
2417 1105 2479 1158 et
2527 1095 2648 1160 hoc
2701 1117 2829 1162 non
2883 1108 3141 1183 propter
3197 1121 3411 1164 meum

1926 1189 2256 1269 honorem,
2293 1212 2500 1275 neque
2531 1214 2606 1257 ex
2640 1215 2802 1260 vana
2842 1197 3045 1278 gloria
3083 1198 3228 1262 volo
3267 1200 3409 1277 hoc,

1925 1289 2035 1351 sed
2084 1308 2160 1352 ex
2209 1290 2546 1356 devotione
2595 1302 2657 1357 et
2697 1295 2833 1358 zelo
2875 1296 3138 1377 justitiae
3180 1299 3258 1360 ad
3304 1298 3410 1360 Dei

1924 1388 2341 1468 praeconium‚
2377 1391 2488 1471 qui
2527 1412 2726 1474 quum
2768 1394 2851 1455 sit
2887 1395 3280 1458 excellentias
3319 1396 3416 1459 in-

1926 1485 2153 1562 finitae,
2192 1487 2460 1568 dignum
2501 1498 2596 1551 est
2633 1490 2692 1552 ei
2731 1491 3232 1574 incomparabile
3270 1512 3415 1557 con-

310 2685 380 2728 ex
410 2663 789 2745 regionibus
828 2662 1085 2726 urbium
1124 2664 1353 2727 harum
1388 2665 1669 2745 fuerunt,
1700 2672 1809 2730 de-

301 2773 727 2842 portaverant
756 2782 872 2846 per
901 2783 1097 2845 aquas
1124 2767 1213 2824 ad
1240 2767 1481 2828 David.
1916 2771 2039 2830 Dei
2083 2769 2236 2837 mei,
2275 2767 2339 2829 id
2382 2775 2480 2830 est
2519 2768 2644 2831 Deo
2690 2787 2853 2846 meo,
2901 2771 2979 2832 ad
3023 2771 3162 2853 ejus
3207 2772 3406 2838 hono-

302 1581 689 1657 juncturas,
720 1579 785 1641 id
824 1588 923 1642 est
961 1579 1459 1662 compositiones
1493 1601 1604 1644 seu
1645 1582 1816 1646 inca-
1925 1583 2085 1645 strui
2129 1586 2460 1666 templum.
2496 1591 2886 1666 Proeparabo
2927 1610 3074 1667 erqo
3111 1594 3174 1652 ei
3209 1613 3413 1654 neces-

318 1686 622 1740 straturas
672 1685 867 1759 atque
914 1678 1247 1759 juncturas
1298 1698 1583 1742 asserum
1634 1688 1696 1746 et
1741 1683 1816 1744 li-
1922 1685 2125 1744 saria.
2171 1685 2257 1744 Ec
2303 1687 2378 1744 ob
2424 1686 2594 1747 hane
2641 1707 2903 1749 eausam
2951 1699 3099 1750 ante
3147 1701 3412 1752 mortem

314 1794 609 1856 gnormn,
636 1779 1049 1856 praeparavit
1075 1780 1319 1849 David,
1344 1777 1409 1840 id
1441 1787 1557 1857 est,
1582 1781 1811 1844 adduci
1921 1802 2110 1843 suam
2139 1802 2353 1844 omnes
2375 1788 2780 1863 praeparavit
2809 1788 3153 1864 impensas,
3190 1786 3253 1850 id
3293 1797 3410 1866 est,

319 1873 462 1938 fecit
494 1884 561 1938 et
591 1875 1028 1956 congregavit,
1062 1887 1122 1938 et
1148 1879 1300 1938 oeris
1326 1881 1589 1954 pondus
1618 1881 1813 1940 innu-
1850 1879 1895 1940 B
1924 1879 2282 1942 necessaria
2321 1889 2384 1943 et
2422 1900 2642 1946 omnes
2687 1901 2996 1965 expensas
3035 1886 3416 1967 praeparavit

318 1976 641 2046 merwile,
677 1974 743 2036 id
788 1981 885 2036 est
924 1981 1053 2036 tam
1091 1975 1445 2056 copiosum,
1491 1978 1660 2056 quod
1704 1978 1811 2041 vix
1922 1977 2117 2042 David
2167 1978 2304 2042 filio
2346 1998 2462 2043 suo
2494 1997 2508 2041 :
2546 1998 2675 2043 non
2720 1990 2934 2044 tamen
2981 1983 3238 2064 penitus
3282 2001 3414 2046 om-

315 2082 417 2134 aut
452 2072 819 2136 difficulter
857 2081 1107 2155 poterat
1146 2075 1471 2136 numerari
1510 2085 1616 2138 aut
1654 2096 1811 2159 pon·
1922 2096 2056 2155 neS‚
2107 2078 2218 2141 sed
2263 2080 2571 2159 quasdam
2615 2099 2692 2142 ex
2733 2080 3054 2159 omnibuS,
3101 2089 3164 2145 et
3208 2083 3409 2164 pluri-

315 2171 535 2233 derari.
576 2171 767 2232 Juxta
804 2189 998 2252 quem
1044 2189 1302 2252 sensum
1348 2170 1756 2254 subjungitur
1789 2193 1804 2238 :
1920 2194 2056 2238 mas
2086 2175 2295 2238 valde.

316 2272 521 2347 Liyna
550 2289 805 2350 quoque
830 2272 1111 2352 'cedrina
1150 2291 1281 2331 non
1313 2281 1615 2348 poterant
1641 2277 1809 2336 aesti-
2016 2277 2399 2354 Vocavitque
2420 2278 2828 2337 Salomonem
2858 2280 3078 2354 filium
3107 2299 3327 2350 suum,
3348 2291 3407 2342 et

315 2371 503 2439 mari,
539 2368 607 2430 id
652 2377 749 2431 est
786 2367 1088 2431 distincte
1126 2369 1667 2453 numeraliterque
1706 2392 1809 2436 co-
1910 2374 2218 2450 proecepit
2247 2376 2309 2432 ei
2339 2384 2412 2434 ut
2448 2375 2799 2450 aedificaret
2831 2378 3096 2437 domum
3125 2379 3404 2439 Domino

313 2467 721 2548 gnosci,quoe
740 2469 1011 2528 Sidonii
1026 2477 1087 2528 et
1107 2469 1316 2545 Tyrii,
1341 2468 1454 2549 qui
1476 2488 1551 2532 ex
1574 2469 1806 2534 Sidone
1915 2475 2046 2532 Deo
2095 2475 2323 2534 Israel.
2368 2475 2683 2553 Dioeicque
2724 2477 2945 2536 David
2983 2479 3072 2536 ad
3117 2480 3404 2539 Salomo-

313 2575 370 2629 et
399 2567 561 2647 Tyro
600 2564 873 2628 urbibus
914 2565 1251 2628 maritimis
1287 2574 1350 2629 et
1384 2566 1668 2646 famosiS,
1704 2570 1806 2633 vel
1917 2591 2064 2632 nem
2082 2572 2261 2632 :Fili
2282 2573 2396 2644 mi,
2417 2575 2772 2634 voluntatis
2802 2595 2956 2635 meoe
2983 2576 3122 2652 fuit
3153 2585 3226 2636 ut
3253 2578 3404 2638 aedi-
3451 2590 3693 2645 naemu.

1914 2675 2176 2746 ficarem
2207 2673 2472 2730 domum
2504 2672 2762 2730 nomini
2788 2671 3114 2738 nominato
3134 2679 3403 2738 Domini
3431 2655 3455 2695 ²
3473 2658 3516 2697 θ’
3537 2665 3632 2711 ⁸⁶⁹·

382 2865 468 2924 Ec
514 2863 703 2923 dia-it
740 2864 962 2924 David
996 2883 1019 2922 .·
1061 2866 1371 2925 Salomon
1408 2866 1591 2942 filius
1630 2885 1809 2926 meus
1918 2886 2094 2940 rem3
2127 2869 2240 2926 sed
2269 2869 2482 2946 factus
2508 2876 2599 2927 est
2625 2888 2829 2928 sermo
2859 2872 3130 2931 Domini
3165 2875 3253 2933 ad
3282 2894 3407 2943 me,

304 2982 463 3038 puer
484 2965 819 3039 parvulus
849 2971 939 3022 est
967 2971 1029 3021 et
1058 2964 1395 3024 delicata&
1428 2962 1607 3026 Circa
1638 2963 1810 3027 hunc
1920 2968 2138 3026 dicens
2178 2985 2200 3023 .·
2241 2966 2528 3025 Multum
2567 2967 2951 3042 sanquinem
2993 2972 3313 3046 effudisti,
3349 2979 3408 3031 et

312 3079 565 3141 passum
611 3068 828 3142 posset
868 3059 1188 3124 introduci
1220 3060 1554 3142 inquisitio
1582 3080 1811 3143 magna
1847 3062 1892 3127 C
1913 3064 2216 3143 plurima
2247 3064 2411 3123 bella
2442 3064 2716 3132 bellasti,
2745 3074 2806 3124 ec
2834 3084 2964 3125 non
2987 3068 3230 3143 poteris
3255 3069 3413 3129 oedi-

312 3159 383 3220 de
406 3157 843 3240 intelligentia
863 3158 1056 3240 hujus
1080 3158 1341 3234 verbi‚et
1361 3161 1439 3223 de
1456 3160 1813 3224 Salomonis
1920 3166 2118 3239 ficare
2167 3163 2433 3222 domum
2481 3163 2739 3222 nomini
2780 3183 2940 3234 meo,
2988 3173 3164 3225 tanto
3213 3171 3412 3244 effuso

312 3265 485 3320 aetate
515 3258 677 3320 dum
711 3257 908 3340 coepit
939 3275 1244 3338 regnare:
1272 3259 1351 3321 de
1381 3278 1505 3340 qua
1533 3278 1600 3322 re
1621 3279 1814 3342 super
1920 3262 2241 3338 sanquine
2270 3280 2485 3321 coram
2517 3280 2635 3320 me.
2662 3259 2859 3323 David
2891 3260 2956 3323 in
2987 3261 3415 3328 aedificatione

314 3357 566 3420 tertium
614 3356 854 3419 librum
883 3356 1121 3437 Regum
1151 3356 1411 3420 habitus
1450 3366 1545 3420 est
1586 3366 1813 3421 tracta·
1926 3357 2147 3440 templi
2176 3365 2484 3438 gestasset
2511 3375 2850 3440 personam
2882 3359 3006 3422 viri
3039 3361 3320 3441 religiosi
3352 3370 3416 3426 et

316 3465 429 3518 tus.
464 3455 541 3518 Et
588 3473 712 3538 pro
757 3455 1055 3536 praesenti
1102 3455 1411 3532 sufficiat,
1457 3464 1526 3518 ut
1564 3457 1813 3519 dicatur
1921 3457 2274 3540 spiritualis
2319 3456 2562 3537 praelati
2597 3473 2611 3519 ε
2646 3456 2884 3521 idcirco
2921 3461 3093 3540 quod
3132 3460 3415 3543 prohibi-

313 3556 473 3636 quod
506 3553 753 3637 aliquis
786 3553 1228 3636 multipliciter
1258 3563 1521 3618 vocatur
1560 3573 1720 3637 puer
1749 3564 1812 3618 et
1922 3564 2021 3619 tus
2053 3563 2150 3619 est
2184 3555 2496 3636 templum
2537 3556 2664 3618 Deo
2707 3555 3047 3636 aedificare‚
3082 3559 3285 3640 magis
3323 3559 3415 3622 fa-

314 3654 641 3734 parvuluS,
675 3671 788 3715 seu
818 3670 979 3735 puer
1009 3652 1313 3734 parvulus
1343 3651 1409 3714 in
1440 3653 1805 3736 ScripturiS,
1922 3662 2093 3718 ctum
2124 3653 2380 3716 videtur
2419 3661 2678 3735 propter
2716 3655 3088 3737 mysterium
3121 3657 3303 3739 (puta
3331 3659 3411 3721 ad

316 3751 611 3814 videlicet
644 3749 999 3831 respective
1030 3758 1093 3812 et
1124 3750 1436 3827 absolute,
1470 3759 1532 3814 et
1566 3752 1809 3815 ratione
1922 3751 2489 3836 praefigurandum,
2525 3752 2697 3833 quod
2738 3752 2982 3834 praelati
3013 3753 3310 3817 Ecclesiae
3347 3763 3411 3817 et

314 3849 611 3929 puritatis
644 3868 719 3910 ac
752 3847 1159 3925 innocentiae,
1194 3857 1305 3910 aut
1344 3850 1535 3912 etiam
1565 3850 1809 3913 ratione
1918 3850 2201 3931 religiosi
2233 3870 2306 3914 ac
2335 3849 2550 3913 clerici
2583 3869 2710 3913 non
2743 3850 3014 3914 debeant
3039 3851 3253 3932 gladio
3281 3872 3410 3914 ma-

318 3946 623 4023 stultitiae‚
665 3945 849 4027 juxta
890 3945 1050 4009 illud
1090 3947 1265 4010 Isaiae
1300 3947 1509 4010 :Puer
1549 3955 1807 4011 centum
1918 3949 2125 4012 teriali
2172 3947 2460 4028 bellare),
2508 3966 2700 4027 quam
2745 3957 3004 4030 propter
3051 3957 3402 4030 peccatum.

319 4065 627 4110 annorum
678 4045 1011 4108 morietur.
1066 4045 1213 4108 Sive
1269 4045 1464 4128 igitur
1512 4046 1807 4110 Salomon
1918 4049 2053 4113 Non
2094 4046 2267 4110 enim
2307 4045 2555 4109 videtur
2595 4044 2793 4108 David
2837 4045 3110 4108 multum
3153 4047 3408 4129 sangui-

320 4142 503 4206 fuerit
532 4143 873 4208 duodecim
902 4162 1215 4207 annorum
1257 4143 1322 4206 in
1364 4144 1683 4226 principio
1714 4164 1810 4207 re-
1922 4168 2068 4212 nem
2100 4147 2504 4210 innocentem
2539 4144 2805 4222 fudisse,
2840 4153 2948 4207 aut
2975 4145 3208 4209 vitiosa
3239 4145 3408 4209 bella

104 4935 204 5022 aItid.
214 4956 302 4995 xm,

318 4242 418 4322 gni
448 4243 573 4320 sui,
596 4243 701 4306 vel
726 4241 1001 4319 circiter,
1030 4249 1101 4304 ut
1128 4241 1441 4324 Josephus
1470 4251 1533 4306 et
1564 4242 1806 4306 Hebraei
1840 4245 1893 4306 D
1922 4245 2216 4328 gessisse.
2235 4243 2412 4306 Unde
2440 4242 2690 4324 Abigail
2721 4242 2878 4304 dixit
2907 4243 2986 4305 ad
3015 4263 3161 4306 eum
3197 4262 3210 4306 :
3237 4244 3406 4308 Bella
3453 4260 3698 4315 megan,

318 4349 645 4418 testantur,
688 4341 826 4404 sive
867 4340 1098 4421 viginti
1136 4349 1247 4402 aut
1284 4341 1558 4418 circiter,
1594 4342 1808 4405 vocari

320 4449 556 4520 poterat
598 4459 762 4522 puer
803 4439 1105 4521 parvulus
1148 4441 1624 4521 comparatione
1665 4449 1811 4503 aeta·

324 4537 419 4614 tis,
451 4557 647 4620 quam
682 4538 864 4600 decet
895 4555 1105 4619 regem
1139 4537 1395 4600 habere.
1426 4537 1713 4620 Denique
1741 4539 1809 4600 in

324 4636 541 4700 Genesi
560 4636 802 4718 Joseph
833 4636 923 4698 ait
950 4637 1028 4698 ad
1064 4635 1292 4699 fratres
1320 4655 1469 4699 suos
1503 4637 1580 4698 de
1602 4637 1813 4718 Benja-

326 4735 451 4797 min
499 4754 514 4797 z
562 4736 689 4798 Iste
732 4742 827 4796 est
869 4733 1065 4797 frater
1106 4741 1315 4797 vester
1361 4734 1690 4817 parvuluS‚
1733 4736 1809 4798 de

326 4851 445 4913 quo
487 4832 795 4896 dixeratis
844 4831 1048 4894 mihit
1094 4831 1171 4893 Et
1217 4839 1431 4895 tamen
1480 4832 1809 4913 Benjamin

328 4931 543 4994 habuit
574 4941 733 4994 tunc
760 4929 935 4994 filios
964 4931 1207 5008 decem,
1243 4939 1313 4992 ut
1354 4930 1421 4992 in
1449 4931 1677 4994 Genesi
1708 4931 1816 4994 ha-

328 5031 522 5108 betur,
558 5029 858 5112 quamvis
889 5028 1077 5091 multi
1118 5047 1245 5092 non
1285 5037 1657 5111 computent
1698 5029 1810 5107 ihi,

332 5128 445 5190 nisi
470 5146 701 5192 novem
724 5127 899 5191 filios
918 5129 1061 5210 ejus
1084 5127 1149 5188 in
1174 5135 1557 5209 textu‚prout
1575 5127 1815 5191 ibidem

330 5226 713 5290 declaratum
736 5233 833 5290 est
864 5226 1141 5308 plenius.
1166 5226 1407 5289 Dicitur
1440 5245 1695 5309 quoque
1717 5226 1819 5289 Sa-

333 5324 541 5390 lomon
574 5326 909 5404 delicatuS,
945 5325 1008 5388 id
1038 5333 1135 5388 est
1167 5334 1366 5389 tener.

1922 4343 2174 4407 Domini
2217 4340 2549 4425 praeliariS.
2598 4341 2832 4404 Tamen
2875 4341 2972 4422 (ut
3020 4340 3252 4422 fertur)
3293 4343 3410 4405 He-
3436 4325 3504 4366 ²⁸·

1922 4443 2076 4506 braei
2110 4441 2335 4504 dicunt
2377 4440 2546 4502 istud
2588 4439 3098 4519 intelligendum,
3131 4459 3208 4504 eo
3236 4443 3408 4522 quod

1923 4539 2117 4604 David
2162 4537 2286 4599 fuit
2323 4536 2570 4599 occasio
2611 4535 3074 4600 interfectionis
3119 4540 3410 4602 sacerdo-

1926 4648 2059 4701 tum
2093 4657 2130 4699 a
2161 4636 2345 4699 Saule
2367 4643 2430 4697 et
2458 4635 2887 4698 habitatorum
2910 4636 3127 4718 oppidi
3151 4637 3412 4702 nomine
3464 4654 3584 4699 ma.
3603 4667 3701 4704 m,

1926 4737 2097 4800 Nobe
2127 4755 2165 4797 a
2193 4734 2384 4814 Doeg,
2417 4741 2482 4796 et
2510 4732 2813 4814 quoniam
2845 4734 3036 4815 jussit
3065 4734 3276 4798 Uriam
3309 4755 3413 4800 oc—
3442 4718 3702 4834 ¹·}⁵f1¹2{‘9,„‚

1924 4834 2073 4910 cidi,
2114 4852 2258 4895 cum
2290 4849 2417 4912 quo
2447 4839 2511 4893 et
2539 4830 2649 4894 alii
2681 4832 2938 4912 quidam
2969 4831 3120 4896 boni
3151 4833 3413 4898 fuerunt
3442 4845 3508 4886 ¹⁷·

1924 4932 2141 4998 occisi.
2177 4931 2254 4993 Et
2285 4931 2458 5006 item,
2483 4930 2637 5011 quia
2666 4937 2886 4992 contra
2916 4949 3142 5012 pravos
3174 4940 3238 4994 et
3264 4931 3414 4995 infi-

1926 5032 2099 5094 deles
2120 5028 2483 5112 pugnando,
2502 5027 2694 5090 simul
2718 5047 2862 5090 cum
2882 5013 3069 5090 malis
3091 5029 3416 5094 interfecit
3468 5046 3690 5091 mamm.

1929 5129 2298 5210 frequenter
2328 5135 2390 5190 et
2417 5127 2619 5190 bonos
2657 5143 2670 5187 ε
2706 5125 2834 5188 imo
2874 5127 3204 5209 spoliando
3234 5129 3416 5191 Ama-

1930 5227 2176 5303 lecitaS‚
2218 5222 2541 5288 interfecit
2588 5223 2760 5286 viros
2803 5232 2866 5286 et
2907 5224 3230 5288 muliereS.
3261 5227 3418 5292 Prae-
3443 5243 3706 5300 memma,

1934 5335 2109 5388 terea
2136 5325 2286 5387 dato
2317 5323 2486 5405 quod
2518 5323 2859 5404 pugnando
2892 5332 3234 5404 peccasset,
3269 5325 3418 5390 inde
3442 5309 3486 5349 ⁹·
