4309 6259
509 2468 561 2511 w
572 2469 679 2524 Rea.
689 2482 739 2510 xx

494 2959 761 3009 lbid.1o.tt.

514 3155 580 3198 Ia.
592 3167 744 3197 xxxviii

559 3846 595 3889 11
632 3847 747 3890 Par.

504 3923 635 3962 xxxii,
651 3913 717 3957 3¹.

780 487 858 551 76
1334 509 1681 555 mannum
1723 510 1785 554 ιΝ
1829 509 1965 556 ω.
2013 510 2097 556 xx
2140 511 2298 556 uam
2339 509 2563 566 ouum
2603 510 2828 557 neuun.
2874 531 2955 540 —
2994 511 3138 557 Αιιτ.
3184 509 3316 574 xxii

782 697 1033 759 semper
1066 677 1437 743 Sanctorum
1478 689 1539 744 et
1572 682 1901 744 doctorum
1942 681 2275 745 auctorita-
2300 682 2351 744 A
2382 690 2608 759 ctoreS‚
2629 690 2690 745 et
2720 683 2832 764 qui
2855 683 2935 745 ab
2965 682 3224 745 exordio
3254 700 3445 763 super
3465 679 3687 742 lsaiam
3717 676 3884 739 scri-

780 782 861 851 te,
883 775 1246 854 dicendum,
1266 779 1438 859 quod
1471 778 1590 842 hoc
1622 779 1897 858 signum,
1920 780 2270 842 secundum

780 875 1101 955 propriam
1136 875 1675 956 significationem
1698 878 1926 940 litterae
1956 898 2028 940 ac
2046 897 2273 942 conve-

780 971 1086 1035 nientiam
1120 974 1406 1052 rationis,
1442 995 1569 1039 non
1606 975 1729 1038 fuit
1766 975 2005 1038 factum
2040 977 2105 1038 in
2138 995 2275 1039 cor-

778 1089 933 1152 pore
964 1071 1139 1148 soliS‚
1178 1092 1385 1154 neque
1430 1073 1495 1135 in
1543 1074 1681 1155 ejus
1714 1094 1928 1151 cursu,
1967 1094 2176 1156 neque
2207 1074 2273 1136 in

779 1169 1079 1233 omnibus
1114 1171 1310 1233 radiis
1350 1172 1503 1234 solis
1542 1193 1579 1235 a
1612 1172 1745 1236 sole
1786 1193 1899 1255 per
1938 1180 2139 1236 totum
2185 1192 2277 1236 or-

782 1267 927 1329 bem
960 1268 1468 1351 procedentibus,
1490 1272 1599 1334 sed
1634 1271 1839 1335 solum
1872 1271 1937 1332 in
1971 1271 2168 1333 radiis
2188 1290 2277 1335 so-

783 1365 863 1428 lis
895 1367 1005 1448 qui
1039 1367 1440 1450 horologium
1471 1369 1676 1432 Achaz
1710 1370 2073 1448 tangebant,
2110 1379 2171 1432 et
2208 1371 2273 1432 in

785 1465 1010 1528 umbra
1045 1466 1245 1547 ipsius
1278 1467 1591 1547 horologii
1623 1487 1659 1530 a
1706 1467 1898 1530 radiis
1932 1468 2270 1546 solaribuS,

783 1573 847 1627 et
899 1563 1385 1646 interpositione
1425 1566 1709 1647 corporis
1755 1566 1936 1648 opaci
1986 1567 2273 1649 ejusdem

784 1662 1097 1743 horologii
1160 1672 1437 1727 causata.
1495 1665 1815 1747 Disposuit
1863 1665 2034 1728 enim
2084 1667 2268 1742 DeuS‚

784 1762 953 1842 quod
977 1761 1110 1824 sole
1144 1762 1477 1825 incedente
1503 1782 1693 1825 eursu
1726 1782 1841 1826 suo
1872 1763 2112 1845 absque
2143 1764 2275 1826 ulla

2383 792 2668 864 pserunt,
2704 783 2927 846 dieunt
2970 783 3170 846 sole-m
3215 790 3367 844 tunc
3407 775 3878 850 retrocessisse,

2382 881 2672 963 diemque
2694 883 2874 944 illum
2895 883 3325 964 prolongatum
3350 879 3375 940 f
3379 879 3548 940 uisse
3567 877 3646 938 ad
3660 874 3884 936 minus

2383 999 2496 1062 per
2526 981 2744 1043 decem
2785 981 2972 1044 horas
3007 1000 3020 1043 ε
3055 988 3210 1062 puta
3247 977 3691 1059 HieronymuS,
3730 972 3890 1034 Am-

2386 1079 2658 1156 brosiuS‚
2693 1080 2878 1156 Beda,
2911 1080 3170 1161 Haymo.
3197 1078 3469 1140 Thomas
3497 1091 3780 1156 quoque,
3813 1079 3890 1134 et

2383 1179 2674 1241 doctores
2705 1177 3067 1240 scholastici
3099 1177 3210 1260 qui
3245 1194 3437 1257 super
3470 1172 3692 1235 lsaiam
3723 1169 3889 1234 seri-

2383 1283 2669 1359 pserunt,
2717 1276 3110 1339 unanimiter
3157 1271 3616 1356 protestantur,
3655 1277 3888 1350 utpote

2383 1393 2650 1454 magnus
2681 1375 2790 1437 ille
2822 1374 3156 1456 theologus
3186 1381 3248 1436 et
3277 1367 3742 1449 irrefragabilis
3778 1367 3890 1429 do-

2382 1484 2518 1537 ctor
2547 1474 2899 1537 Alexander
2927 1475 3006 1537 de
3039 1474 3245 1549 HaleS,
3269 1471 3565 1534 Albertus
3595 1468 3884 1548 MagnuS,

2383 1572 2601 1636 Petrus
2623 1573 2701 1635 de
2722 1572 3106 1648 Tarentasia,
3128 1571 3444 1651 multique
3465 1566 3592 1631 alii.
3615 1567 3892 1646 Insuper

2385 1670 2587 1733 sancti
2628 1671 2917 1732 doctores
2959 1669 3071 1751 qui
3115 1668 3197 1731 ab
3240 1667 3500 1731 exordio
3537 1663 3892 1746 primitivae

2388 1768 2648 1831 fuerunt
2676 1767 2994 1844 Ecclesiae,
3031 1776 3093 1831 et
3122 1767 3202 1829 ab
3231 1764 3554 1848 Apostolis
3585 1759 3894 1843 gloriosis

786 1859 1139 1924 variatione
1188 1881 1260 1924 ae
1304 1863 1781 1938 retrocessione‚
1832 1863 1992 1925 radii
2037 1863 2274 1926 solares
2313 1865 2360 1928 B
2389 1866 2681 1929 instructi
2712 1874 2913 1943 erant,
2943 1867 3032 1929 ita
3063 1865 3339 1929 sensisse
3378 1869 3757 1936 noscuntur,
3793 1859 3896 1921 vi-

788 1959 853 2022 in
902 1959 1233 2041 horologio
1278 1960 1481 2022 Achaz
1530 1969 1772 2023 tantum
1824 1969 1887 2024 et
1925 1980 2053 2024 non
2096 1960 2275 2038 alibi,

787 2065 1289 2121 retrocesserunt
1307 2077 1422 2141 per
1442 2060 1659 2121 decem
1681 2061 1937 2139 graduS,
1962 2069 2024 2122 et
2046 2060 2276 2122 iterum

788 2157 1028 2219 reversi
1074 2164 1224 2219 sunt
1261 2176 1378 2239 per
1418 2157 1576 2220 alios
1623 2158 1840 2220 decem
1889 2158 2122 2237 gradus
2161 2175 2174 2219 ε
2212 2158 2276 2218 in

786 2274 913 2336 qua
960 2256 1418 2319 retrocessione
1465 2265 1527 2319 et
1570 2256 1933 2320 reversione
1982 2257 2119 2318 dies
2171 2256 2282 2319 illa

788 2371 905 2416 nec
934 2353 1139 2433 major
1179 2373 1295 2417 nec
1340 2355 1550 2417 minor
1586 2354 1775 2417 solito
1820 2353 1965 2415 fuit.
2000 2390 2081 2399 —
2108 2354 2280 2415 Hanc

746 2500 759 2520 .
787 2451 1248 2533 expositionem
1296 2460 1561 2514 testatur
1604 2453 1833 2528 littera,
1869 2452 2087 2515 dicens
2125 2468 2139 2512 ε
2172 2450 2282 2514 Vis

789 2559 859 2612 ut
890 2551 1189 2613 ascendat
1220 2550 1448 2612 umbra
1477 2551 1694 2612 decem
1729 2550 1939 2628 lineiS,
1974 2569 2053 2612 an
2095 2557 2168 2611 ut
2199 2568 2285 2612 re-

790 2656 1074 2713 vertatur
1106 2647 1370 2711 totidem
1400 2649 1749 2728 gradibus?
1779 2649 1846 2710 In
1877 2648 2113 2729 quibus
2146 2667 2285 2710 ver-

789 2747 890 2810 bis
931 2765 1059 2809 non
1100 2746 1179 2807 fit
1222 2746 1462 2809 mentio
1493 2747 1571 2810 de
1602 2747 1756 2821 sole,
1805 2748 1913 2809 sed
1966 2745 2174 2808 solum
2205 2746 2284 2808 de

792 2846 1040 2908 umbra.
1065 2845 1236 2908 Idem
1240 2852 1433 2927 patet
1463 2865 1539 2908 ex
1569 2844 1983 2927 responsione
2002 2843 2286 2906 Ezechiae

790 2944 1085 3020 dicentiS,
1133 2943 1343 3006 Facile
1388 2952 1484 3005 est
1519 2943 1811 3006 umbram
1852 2961 2176 3019 creseere3
2224 2949 2286 3004 et

2388 1965 2619 2028 delicet
2663 1965 3127 2028 sacratissimus
3161 1964 3270 2026 ille
3309 1961 3612 2044 princeps
3643 1958 3898 2022 theolo-

2386 2082 2608 2144 gorum
2639 2063 2709 2125 D.
2746 2063 3104 2144 DionysiuS‚
3124 2062 3235 2144 qui
3268 2062 3335 2122 in
3369 2059 3643 2143 epistola
3673 2058 3753 2120 ad
3778 2057 3898 2119 Po-

2389 2163 2715 2245 lycarpum
2745 2163 3146 2243 apertissime
3166 2162 3352 2224 docet
3381 2160 3526 2234 hoc,
3549 2157 3660 2219 ubi
3693 2156 3894 2219 etiarn

2389 2260 2625 2323 sentire
2654 2259 2929 2332 videtur,
2964 2260 3134 2341 quod
3179 2259 3314 2321 dies
3357 2258 3470 2320 illa
3509 2275 3626 2338 per
3655 2254 3895 2335 viginti

2391 2358 2576 2421 horas
2611 2356 2805 2420 fuerit
2833 2357 3227 2440 prolongata.
3271 2354 3525 2418 Etenim
3567 2353 3680 2431 ait,
3713 2353 3892 2434 quod

2393 2455 2517 2519 fuit
2566 2475 2728 2538 pene
2779 2455 3116 2538 triplicata,
3169 2463 3362 2537 prout
3417 2472 3615 2536 super
3661 2451 3894 2514 lsaiam

2391 2554 2642 2637 plenius
2685 2553 3005 2617 introduxi
3042 2571 3055 2615 :
3093 2562 3156 2616 et
3197 2561 3368 2616 certe
3413 2551 3550 2615 sola
3593 2550 3752 2613 tanti
3787 2550 3900 2612 Pa·
3961 2565 3975 2575 ·

2391 2653 2506 2714 tris
2551 2653 2889 2716 auctoritas
2927 2652 3149 2716 debuit
3178 2651 3441 2714 Paulum
3487 2650 3661 2712 hunc
3701 2647 3904 2710 refre-

2393 2771 2544 2814 nare
2575 2771 2612 2814 a
2648 2771 2762 2814 sua
2807 2759 3106 2834 praetacta
3151 2750 3480 2832 opinione,
3534 2746 3902 2832 praesertim

2393 2868 2589 2931 quum
2644 2849 3223 2928 theologicissimus
3266 2847 3606 2928 Dionysius
3647 2846 3716 2907 in
3763 2843 3905 2906 tali-

2393 2947 2513 3009 bus
2561 2947 2856 3009 credatur
2913 2966 2949 3008 a
2997 2946 3189 3009 Paulo
3249 2944 3541 3056 apostolo
3590 2942 3908 3006 informa-

793 3052 1015 3124 postea
1061 3042 1371 3123 sequitur,
1419 3041 1689 3104 Reduxit
1726 3041 2017 3103 umbram
2057 3060 2172 3122 per
2221 3040 2287 3101 li·
2317 3037 2362 3100 C
2394 3052 2512 3120 tus,
2540 3053 2728 3127 prout
2760 3045 3027 3126 ipsemet
3062 3045 3127 3105 in
3159 3043 3344 3106 libris
3377 3043 3514 3105 suis
3545 3040 3754 3123 tangit
3783 3039 3910 3104 fre-

750 3160 969 3205 .neas.
1004 3139 1309 3204 Similiter
1354 3139 1419 3200 in
1453 3139 1659 3202 Isaia:
1694 3139 1855 3202 Eece
1897 3158 2013 3219 ego
2053 3138 2286 3202 reverti

798 3239 1031 3302 faciam
1064 3238 1356 3300 umbram
1388 3237 1723 3300 linearum.
1745 3238 1868 3300 Nec
1891 3237 2099 3300 obstat
2117 3237 2287 3318 quod

796 3338 1107 3418 sequitur,
1155 3337 1463 3399 Reversus
1504 3345 1600 3399 est
1644 3336 1736 3398 sol
1777 3336 1993 3399 decem
2047 3335 2234 3398 lineis
2272 3353 2285 3396 :

799 3436 1106 3519 quoniam
1152 3435 1363 3496 statim
1398 3434 1635 3510 subdit,
1678 3434 1745 3495 In
1777 3433 1965 3496 lineis
1995 3453 2154 3514 quas
2186 3434 2292 3496 de—

798 3535 1135 3598 scenderat
1156 3551 1169 3594 :
1192 3534 1269 3595 ad
1291 3532 1725 3595 denotandum
1747 3533 1914 3614 quod
1951 3532 2044 3594 sol
2078 3530 2143 3593 in
2176 3549 2292 3593 suo

801 3653 992 3698 cursu
1027 3651 1153 3695 non
1185 3632 1620 3703 descenderat,
1645 3630 1754 3693 sed
1788 3638 2032 3692 tantum
2066 3629 2131 3690 in
2163 3628 2291 3690 illis

801 3731 1104 3812 gradibus
1135 3730 1362 3792 Achaz.
1409 3729 1715 3791 Similiter
1765 3728 1830 3790 in
1874 3729 2296 3809 Paralipome—

804 3849 931 3894 non
984 3829 1237 3910 legitur,
1291 3829 1463 3910 quod
1513 3827 1703 3909 legati
1750 3827 1916 3907 regis
1955 3826 2293 3908 Babylonis

804 3929 984 3992 missi
1037 3928 1291 3990 fuerant
1339 3927 1418 3989 ad
1470 3925 1990 4005 interrogandum
2032 3925 2110 3986 de
2159 3943 2297 4005 por-

2395 3149 2688 3224 quenter.

2475 3239 2780 3302 Praeterea
2799 3239 3038 3301 motiva
3058 3237 3257 3301 Rabbi
3283 3237 3458 3300 Pauli
3483 3237 3730 3299 nullius
3753 3245 3912 3299 sunt

2398 3337 2658 3416 vigoriS.
2713 3335 2866 3398 Nam
2911 3337 3084 3417 quod
3122 3336 3331 3418 primo
3372 3335 3623 3398 inducit
3673 3335 3913 3397 miran-

2398 3436 2550 3497 dum
2579 3453 2739 3511 esse,
2767 3434 2934 3515 quod
2960 3435 3120 3496 Deus
3155 3443 3280 3497 tam
3303 3451 3612 3513 magnum
3647 3432 3914 3496 fecisset

2401 3532 2780 3595 miraculum
2811 3532 2889 3594 ad
2922 3531 3412 3595 certificandum
3453 3532 3794 3596 Ezechiam
3826 3532 3910 3595 de

2402 3651 2516 3692 sua
2547 3630 2874 3693 curatione
2906 3639 2969 3692 et
2988 3631 3158 3711 quod
3183 3630 3371 3693 tertia
3391 3631 3496 3692 die
3526 3631 3910 3694 ascenderet

2401 3727 2730 3809 templum,
2767 3735 2829 3789 et
2869 3729 3036 3808 quod
3087 3727 3160 3788 ad
3210 3727 3747 3790 certificationem
3791 3729 3910 3790 hu-

2396 3825 2677 3908 jusmodi
2723 3843 2851 3887 non
2899 3826 3346 3906 requirebatur
3395 3834 3522 3887 tam
3577 3845 3910 3889 summum

2401 3923 2804 3995 miraculum,
2840 3923 3008 4005 quod
3040 3924 3118 3985 ad
3152 3923 3598 4004 probationem
3648 3925 3913 3988 deitatis

3941 2469 4023 2513 Ie.
4043 2485 4248 2516 xxxx-m.

805 4036 977 4092 tento
1026 4027 1197 4108 quod
1245 4026 1561 4088 acciderat
1612 4043 1803 4105 super
1852 4031 2105 4085 terram.
2159 4023 2294 4084 Non
2401 4020 2634 4083 Christi
2679 4020 2942 4084 suffecit
2985 4037 2999 4082 :
3045 4021 3188 4097 hoc,
3229 4021 3517 4103 inquam,
3570 4042 3649 4085 ex
3691 4023 3914 4086 verbis

801 4128 911 4203 ait,
944 4127 1012 4188 In
1063 4125 1217 4201 sole,
1254 4124 1388 4198 sed,
1426 4122 1625 4203 Super
1664 4131 1896 4183 terram
1931 4137 1945 4182 :
1980 4121 2151 4201 quod
2191 4120 2297 4181 de·
2402 4118 2688 4200 Apostoli
2722 4118 3013 4195 solvitur,
3049 4119 3162 4200 qui
3197 4117 3508 4196 affirmat,
3533 4122 3710 4202 quod
3743 4121 3914 4184 Deus

802 4227 909 4289 bet
940 4223 1170 4286 referri
1198 4222 1275 4284 ad
1300 4230 1529 4283 terram
1549 4219 1729 4294 Iuda,
1750 4219 1815 4281 in
1847 4237 1975 4299 qua
2004 4226 2137 4280 erat
2159 4217 2298 4280 Ezc-
2327 4217 2374 4278 D
2404 4223 2702 4298 operatur
2731 4216 2950 4279 omnia
2979 4217 3334 4278 secundum
3369 4218 3776 4299 propositum
3808 4237 3915 4283 vo-
3989 4249 4202 4304 Ephe„
4235 4267 4266 4298 „

806 4323 1005 4386 ehiaS.
1040 4320 1213 4382 Alias
1244 4337 1374 4381 non
1406 4317 1793 4399 oportuisset
1821 4316 1994 4396 quod
2024 4315 2299 4396 require·
2406 4313 2667 4377 luntatis
2697 4331 2849 4389 suae,
2879 4323 2941 4375 et
2969 4315 3320 4376 secundum
3343 4316 3744 4379 voluntatem
3766 4336 3916 4379 eon·
3947 4311 4024 4352 ¹¹·

807 4427 948 4482 rent
977 4437 1146 4494 eum,
1180 4417 1233 4478 si
1268 4417 1334 4477 in
1366 4423 1497 4478 toto
1526 4414 1765 4476 mundo
1795 4413 2185 4491 contigisset.
2406 4411 2536 4472 silii
2581 4410 2703 4472 sui.
2739 4411 3020 4492 Itemque
3056 4429 3069 4472 :
3103 4411 3255 4485 Quis
3294 4414 3600 4494 cognovit
3645 4433 3914 4477 sensum
3947 4434 4272 4482 Romanu.

892 4518 1032 4580 Haee
1064 4514 1295 4577 Paulus
1336 4514 1477 4590 iste,
1512 4513 1694 4593 cujus
1741 4511 1934 4574 verba
1974 4528 2089 4591 pro
2120 4519 2299 4592 parte
2407 4509 2653 4572 Domini
2678 4511 2701 4569 Ζ
2730 4508 2844 4582 Qui
2879 4510 3070 4571 etiam
3104 4510 3170 4571 in
3203 4511 3552 4592 Evangelio
3585 4513 3916 4594 loquitur:

811 4615 1021 4690 omisi,
1048 4612 1473 4696 prolixitatem
1508 4610 1821 4674 devitanS.
1846 4607 2026 4670 Circa
2054 4607 2189 4670 haec
2209 4607 2302 4669 di-
2408 4607 2501 4669 An
2544 4624 2670 4668 non
2707 4605 2856 4669 lieet
2899 4606 3082 4683 mihi,
3117 4608 3284 4689 quod
3331 4610 3499 4683 volo,
3539 4609 3800 4674 facere?
3849 4611 3918 4673 ln
3969 4631 4170 4675 uacet..
4185 4649 4270 4679 n.

811 4733 908 4790 ce,
945 4712 1119 4794 quod
1150 4710 1305 4791 quia
1336 4706 1799 4791 professionem
1835 4704 2185 4787 praemittit,
2219 4703 2304 4766 af-
2411 4705 2642 4767 talibus
2673 4722 2824 4784 ergo
2857 4705 3162 4767 debemus
3185 4715 3476 4770 nostrum
3509 4697 4010 4773 intellectum¹⁵

812 4811 1081 4873 firmans
1112 4827 1179 4870 se
1212 4806 1388 4888 loqui
1421 4805 1560 4868 sine
1590 4803 1925 4868 temeraria
1953 4803 2303 4865 assertione
2412 4803 2478 4864 in
2511 4802 2942 4882 captivitatem
2975 4803 3285 4884 redigere,
3313 4814 3377 4868 et
3406 4808 3738 4888 propriam
3773 4808 3926 4870 rati—

812 4929 884 4972 ae
918 4908 1095 4970 salva
1126 4905 1497 4968 Sanctorum
1530 4911 1592 4965 et
1612 4902 1941 4966 doctorum
1974 4900 2306 4963 auetorita—
2413 4918 2597 4962 onem
2645 4899 3005 4962 auctoritati
3048 4900 3522 4984 Scripturarum
3568 4905 3924 4987 subjicere,

812 5015 898 5083 te,
925 5006 1068 5068 ideo
1099 5003 1205 5086 pie
1226 5011 1289 5064 et
1320 5002 1530 5065 sobrie
1550 5007 1775 5064 contra
1802 5018 1945 5062 eum
1968 5007 2065 5060 est
2093 4999 2308 5080 dispu-
2413 5005 2604 5077 atque
2630 5004 2994 5059 sanctorum
3026 4999 3281 5062 Patrum
3315 5001 3497 5082 sequi
3530 5002 3924 5066 doctrinam.

814 5104 1103 5168 tandum.
1140 5100 1425 5181 Denique
1456 5100 1521 5162 id
1552 5099 1757 5161 solum
1787 5098 1866 5160 ad
1913 5116 2042 5159 suae
2072 5096 2310 5177 impro-
2415 5095 2652 5174 Nempe
2683 5094 3088 5176 omnipotens
3122 5107 3184 5160 et
3217 5100 3932 5180 supergloriosissimus
3967 5153 3978 5162 .

817 5202 1141 5265 bationem
1196 5198 1521 5280 opinionis
1570 5215 1713 5260 reor
1759 5193 2086 5271 sufficere,
2139 5193 2310 5275 quod
2421 5193 2603 5265 DeuS,
2656 5199 2750 5252 est
2810 5191 3178 5256 liberrimus
3229 5204 3294 5258 et
3344 5197 3935 5278 imperscrutabilis

821 5317 1044 5363 omnes
1088 5297 1479 5379 expositores
1518 5293 1815 5366 catholici
1852 5301 1918 5357 et
1959 5291 2162 5356 sancti
2205 5291 2314 5354 do·
2425 5295 2647 5353 auctor
2690 5304 2706 5350 :
2739 5291 2852 5371 qui
2892 5291 3214 5358 interdum
3263 5313 3494 5375 magna
3533 5298 3824 5361 ostendit
3869 5308 3938 5363 et

3974 4757 4138 4802 llCor
4139 4775 4233 4810 ...x
