4309 6259
107 2382 240 2425 nist.
273 2383 366 2425 lib.

53 2446 368 2505 tvaegaeaz.

129 3665 198 3707 1⁸.
211 3678 374 3713 xxx-m,

77 3732 154 3773 ι’).

721 510 1072 557 mantano
1115 512 1178 557 m
1219 512 1358 557 CAP-
1406 510 1604 557 xxxm
1645 510 1802 557 LIBRI
1845 510 2098 557 ssscuan
2139 511 2667 558 PARALIPOMENON.
2714 532 2795 542 —
2835 512 2977 559 Am.
3024 510 3223 557 xxxnl
3392 491 3512 556 265

385 694 638 759 yentes
674 704 836 763 quas
883 685 1282 745 subverterat
1319 684 1639 743 Dominus
1666 702 1708 741 a
1745 682 1916 758 facie
1946 678 1996 741 A
2107 680 2345 743 Deinde
2387 681 2819 763 subjungitur,
2855 682 3130 764 qualiter
3161 682 3226 744 in
3261 700 3377 743 sua
3417 699 3514 743 re-

393 784 714 859 filiorum
765 786 991 843 Israel.

499 884 910 959 Locutusque
937 891 1028 942 est
1057 882 1379 942 Dominus
1419 882 1508 941 ad
1533 900 1703 948 eum,
1743 889 1803 940 et
1832 883 1918 940 ad

387 984 736 1057 populum
767 982 979 1051 illius,
996 990 1058 1039 et
1084 984 1410 1039 attendere
1431 982 1792 1039 noluerunt.
1819 981 1920 1039 Id-

395 1079 591 1138 circo
618 1080 1086 1156 superinduxit
1121 1080 1214 1138 eis
1233 1079 1565 1154 principes
1602 1078 1918 1137 exereitus

397 1178 594 1253 reyis
619 1179 1066 1254 Assyriorum.
1097 1178 1536 1256 Ceperuntque
1554 1179 1918 1245 Manassen,

397 1286 475 1335 et
517 1277 813 1335 vinctum
850 1278 1094 1336 catenis
1131 1286 1322 1355 atque
1357 1276 1762 1352 compedibus
1806 1278 1920 1335 du-

397 1384 666 1434 xerunt
693 1394 842 1434 eum
875 1376 948 1434 in
965 1376 1386 1451 Babylonem.
1409 1373 1472 1435 Si
1500 1372 1738 1454 Assyrii
1770 1391 1914 1434 eum

403 1472 789 1549 vinxerunt,
825 1473 1148 1553 quomodo
1178 1472 1406 1535 ductus
1437 1480 1532 1534 est
1561 1472 1627 1532 in
1658 1471 1920 1554 Babylo-

407 1574 620 1635 nem?
649 1569 743 1633 Ad
773 1570 895 1634 hoc
922 1570 1234 1653 Iosephus
1256 1579 1318 1633 et
1346 1570 1456 1632 alii
1478 1570 1722 1648 dicunt,
1747 1571 1917 1651 quod

403 1669 754 1752 Babylonii
804 1688 951 1732 cum
991 1688 1136 1750 rege
1174 1688 1290 1733 suo
1341 1679 1652 1732 venerunt
1699 1678 1918 1733 contra

401 1768 774 1846 Manassen,
825 1768 936 1830 sed
993 1768 1399 1850 appellantur
1447 1766 1711 1852 Assyrii,
1764 1786 1918 1850 quo-

2025 798 2275 857 versuS,
2338 781 2654 863 reparavit
2708 790 2771 843 et
2828 782 3189 846 emendavit
3246 799 3512 862 regnum

2026 898 2215 940 suum
2248 878 2313 941 in
2336 880 2585 957 meliuS‚
2612 888 2740 943 tam
2772 881 2839 943 in
2861 881 3296 963 corporalibus
3319 899 3511 962 quam

2027 978 2092 1039 in
2143 978 2606 1060 spiritualibus,
2639 984 2791 1042 Post
2828 982 2959 1041 hcet·
2985 982 3334 1056 aedificavit
3378 1000 3514 1039 mu-

2027 1097 2177 1136 rum
2207 1087 2393 1138 extra
2431 1080 2758 1139 civitatem
2787 1081 3025 1151 David,
3062 1076 3352 1140 faciendo
3399 1076 3514 1139 ibi-

2027 1178 2173 1239 dem
2207 1177 2619 1253 antemurale‚
2655 1180 2743 1237 ad
2771 1180 3153 1238 occidentem
3180 1179 3412 1249 Gihon‚
3448 1176 3513 1238 id

2027 1284 2123 1337 est
2155 1274 2221 1336 in
2244 1275 2623 1338 occidentali
2645 1284 2823 1357 parte
2854 1274 3031 1359 urbis
3063 1274 3280 1352 David,
3302 1275 3367 1335 in
3389 1293 3514 1355 qua

2027 1374 2187 1435 situs
2233 1373 2355 1436 fuit
2399 1374 2544 1437 fons
2585 1374 2812 1450 Gihon‚
2847 1377 2917 1435 in
2956 1378 3273 1443 convalle,
3302 1376 3380 1434 ab
3418 1376 3515 1434 in-

2030 1476 2229 1534 troitu
2248 1483 2453 1551 portoe
2484 1476 2777 1535 Piscium
2799 1494 2920 1551 per
2947 1475 3294 1533 circuitum
3318 1493 3515 1552 usque

2027 1576 2114 1631 ad
2152 1575 2371 1649 Ophel,
2410 1583 2469 1633 et
2506 1574 2822 1633 eoealtavit
2860 1574 3053 1632 illum
3094 1574 3511 1633 vehementer.

2032 1674 2501 1751 Constituitque
2536 1672 2865 1749 principes
2902 1672 3219 1732 exereitus
3249 1673 3321 1731 in
3361 1690 3516 1732 cun-

2027 1771 2144 1831 ctis
2175 1772 2550 1831 civitatibus
2574 1773 2749 1832 Juda
2794 1772 3095 1840 munit-is,
3126 1788 3207 1832 ne
3250 1787 3514 1848 regnum

403 1867 600 1929 niam
645 1874 796 1929 ante
845 1865 1108 1929 fuerunt
1157 1866 1277 1929 sub
1325 1867 1693 1930 monarchia
1725 1875 1918 1948 atque
1953 1869 2000 1932 Β
2027 1888 2217 1931 suum
2246 1868 2525 1950 amplius
2556 1876 2769 1951 posset
2799 1868 2890 1931 sic
2921 1867 3362 1931 devastari.Et
3382 1871 3519 1928 abs-

401 1966 712 2029 dominio
740 1965 1166 2049 Assyriorum,
1201 1984 1238 2027 a
1266 1964 1502 2047 quibus
1547 1974 1756 2028 tamen
1786 1966 1918 2048 jam

401 2073 841 2128 recesserunt.

501 2166 636 2233 Qui
671 2174 1020 2243 ‚postquam
1069 2174 1528 2241 eoanyustatus
1567 2173 1678 2237 est,
1721 2163 1784 2225 id
1823 2171 1920 2227 est

405 2263 612 2327 valde
647 2270 949 2326 arctatus,
983 2262 1142 2326 Hinc
1185 2262 1252 2325 in
1284 2262 1670 2326 Scholastica
1719 2262 1921 2326 fertur

409 2361 690 2424 historia
727 2379 742 2423 ε
781 2360 1051 2423 Immisit
1097 2362 1405 2424 Dominus
1450 2362 1754 2424 adversus
1803 2361 1921 2423 Ma-

411 2481 658 2525 nassen
691 2479 904 2542 regem
938 2461 1451 2543 Babyloniorum,
1495 2462 1604 2543 qui
1648 2463 1922 2544 depopu-

413 2562 590 2623 latus
640 2568 738 2623 est
783 2561 1088 2637 lucianam,
1143 2570 1206 2623 et
1251 2560 1576 2623 Manassen
1626 2562 1771 2625 dolo
1821 2581 1921 2624 ca-

411 2667 628 2742 ptum,
685 2658 874 2722 traxit
932 2658 998 2721 in
1047 2659 1454 2741 Babylonem,
1507 2668 1570 2722 ct
1626 2659 1920 2742 pluribus

403 2756 664 2820 afflixit
693 2758 1048 2820 tormentis,
1079 2761 1304 2819 Oravit
1335 2762 1688 2819 Dominum
1710 2761 1917 2819 Deum

404 2878 636 2929 suum,
687 2867 746 2917 et
793 2859 923 2933 eqit
961 2860 1422 2934 paenitentiam
1470 2861 1658 2918 valde
1702 2878 1918 2917 coram

405 2958 548 3018 Deo
578 2968 848 3035 patrum
877 2977 1171 3026 suorum,
1203 2956 1263 3019 id
1293 2964 1410 3032 est,
1445 2956 1787 3019 cordialem
1818 2956 1920 3017 ha-

2031 1970 2185 2029 tulit
2211 1971 2357 2030 deos
2397 1971 2663 2039 alienos,
2701 1966 3122 2030 idololatriam
3176 1966 3519 2048 exstirpan-

2027 2069 2130 2145 d0,
2184 2078 2243 2129 et
2288 2070 2644 2127 simulacra
2688 2070 2767 2127 de
2814 2070 2998 2127 domo
3033 2068 3324 2137 Domini,
3366 2086 3517 2126 aras

2028 2187 2275 2247 quoque
2302 2186 2461 2247 quas
2496 2168 2735 2243 fecerat
2778 2166 2849 2227 in
2890 2174 3101 2227 monte
3138 2168 3367 2225 domus
3394 2168 3519 2226 Do-

2029 2268 2221 2337 mini,
2268 2276 2328 2326 et
2370 2268 2442 2326 in
2472 2268 2851 2336 Jerusalem,
2884 2275 2943 2325 et
2978 2266 3253 2342 projecit
3294 2264 3517 2324 omnia

2026 2375 2212 2426 eoetra
2247 2368 2483 2425 urbem.
2520 2368 2723 2427 Porro
2751 2365 3150 2425 instauravit
3177 2367 3385 2423 altare
3402 2365 3517 2423 Do-

2033 2465 2227 2534 mini,
2259 2474 2317 2523 et
2350 2465 2714 2524 immolavit
2755 2482 2947 2541 super
2984 2465 3153 2522 illud
3194 2463 3515 2531 victimas,

2026 2572 2086 2623 et
2107 2564 2415 2640 pacifica,
2442 2572 2501 2622 et
2526 2564 2783 2622 laudem
2803 2584 2830 2633 ,·
2850 2563 3277 2641 praeoepitque
3305 2562 3516 2631 Judoe,

2029 2660 2091 2721 id
2115 2669 2211 2723 est
2231 2659 2531 2722 universo
2558 2660 2796 2741 populo
2820 2659 2995 2738 regni
3019 2658 3139 2735 sui,
3158 2669 3231 2719 ut
3248 2660 3515 2719 serviret

2029 2761 2307 2819 Domino
2341 2763 2467 2819 Deo
2500 2761 2727 2819 Israel.
2762 2758 2829 2819 In
2858 2777 2984 2839 quo
3014 2758 3219 2841 patuit
3248 2757 3514 2820 mutatio
3544 2780 3648 2888 if..
3667 2794 3803 2833 mvn,

2027 2858 2302 2919 dexterae
2331 2856 2574 2920 Excelsi
2604 2881 2618 2930 ς
2654 2864 2719 2921 et
2765 2876 2891 2919 non
2934 2856 3071 2919 sine
3119 2857 3342 2938 grandi
3382 2873 3515 2918 om-

2027 2956 2205 3017 nium
2245 2956 2663 3018 admiratione
2701 2955 2899 3019 vitam
2949 2956 3130 3018 duxit
3176 2956 3256 3020 de
3303 2965 3514 3020 cetero

407 3054 560 3118 huit
580 3054 1022 3118 contritionem
1048 3055 1727 3130 intensam,secundum
1748 3056 1916 3136 quod
1953 3051 1996 3115 C
2026 3054 2401 3117 virtuosam.
2428 3058 2732 3115 Attamen
2754 3059 2967 3116 adhuc
2985 3058 3268 3133 populus
3296 3058 3515 3117 immo-

409 3154 795 3233 magnitudo
827 3163 890 3216 et
919 3154 1263 3217 multitudo
1283 3146 1623 3216 criminum
1646 3155 1784 3235 ejus
1817 3173 1918 3217 ex-

409 3252 572 3332 egit.
605 3251 1068 3315 contritionem
1099 3252 1340 3335 quippe
1368 3260 1618 3335 oportet
1646 3272 1784 3315 esse
1813 3253 1922 3314 ad-

409 3360 737 3433 aequatam
770 3350 1070 3433 peccatis,
1106 3355 1620 3430 Deprecatusque
1655 3361 1744 3411 est
1775 3372 1922 3411 eum

411 3470 536 3533 pro
573 3448 953 3513 remissione
984 3449 1342 3531 culparum,
1367 3460 1426 3509 et
1445 3452 1791 3510 obsecravit
1821 3452 1922 3510 in-

413 3558 590 3609 tente
637 3566 755 3629 pro
805 3546 1134 3610 infusione
1191 3548 1408 3629 gratiae
1463 3568 1538 3610 ac
1585 3547 1915 3624 virtutum,

411 3646 760 3710 vexatione
804 3645 1148 3708 durissima
1189 3647 1380 3709 dante
1421 3645 1546 3707 sibi
1577 3646 1921 3710 durissimo

411 3746 820 3809 intellectum
848 3771 863 3821 3
913 3755 974 3806 et
1001 3748 1346 3806 exaudivit
1374 3748 1726 3807 orationem
1755 3748 1918 3824 ejus.

408 3844 463 3909 0
495 3863 694 3926 quam
729 3843 987 3906 infinita
1012 3843 1137 3906 fuit
1168 3844 1300 3908 haec
1332 3844 1764 3907 misericordia
1787 3844 1915 3921 Dei,

407 3944 594 4025 quod
647 3952 776 4004 tam
833 3942 964 4005 cito
1011 3949 1075 4004 et
1123 3943 1228 4024 pie
1277 3943 1600 4006 exaudivit
1647 3943 1917 4026 impium

412 4043 629 4118 illum,
689 4058 816 4122 quo
869 4042 933 4102 in
981 4049 1108 4104 tota
1159 4041 1486 4123 Scriptura
1535 4041 1641 4105 vix
1683 4041 1917 4122 aliquis

413 4141 656 4221 legitur
692 4140 954 4219 gravius
1007 4138 1538 4221 ineffabiliusque
1581 4146 1913 4222 peccasse!

2031 3156 2204 3213 labat
2224 3155 2296 3213 in
2327 3156 2588 3213 excelsis
2616 3156 2890 3215 Domino
2920 3158 3047 3214 Deo
3076 3174 3210 3215 su0.

2120 3254 2401 3332 Reliqua
2447 3263 2656 3313 autem
2705 3262 3027 3330 {Jestorum
3066 3258 3408 3325 Manassae,
3456 3265 3516 3316 et

2027 3354 2481 3412 obsecrationes
2520 3353 2659 3428 ejus
2703 3355 2789 3412 ad
2820 3355 3025 3412 Deum
3064 3374 3280 3425 suum,
3324 3357 3513 3416 verba

2027 3472 2275 3530 quoque
2322 3452 2691 3512 Videntium
2732 3452 2917 3530 quae*
2967 3455 3390 3530 loquebantur
3427 3458 3515 3515 ad
3572 3471 3589 3489 ·

2025 3570 2173 3609 eum
2214 3551 2285 3609 in
2324 3550 2583 3609 nomine
2612 3551 2879 3610 Domini
2907 3552 3030 3609 Dei
3056 3552 3283 3623 Israel,
3316 3554 3515 3613 conti-

2029 3658 2271 3708 nentur
2294 3650 2365 3707 in
2384 3650 2781 3711 sermonibus
2800 3667 3024 3724 reyum
3044 3651 3271 3710 Israel.
3297 3652 3513 3711 Oratio

2027 3766 2276 3825 quoque
2303 3748 2463 3825 ejuS,
2497 3756 2556 3806 et
2584 3749 2944 3817 exauditiO,
2966 3757 3023 3807 et
3050 3758 3281 3807 cuncta
3304 3768 3515 3825 pecea-

2031 3857 2094 3907 ta
2125 3856 2317 3925 atque
2343 3854 2755 3922 contemptus,
2792 3849 2925 3905 loca.
2954 3848 3149 3905 etiam
3182 3849 3251 3906 in
3281 3850 3513 3926 quibus

2025 3946 2383 4022 aedificavit
2410 3947 2651 4004 eoecelsa
2680 3953 2739 4003 et
2766 3944 2921 4020 fecit
2960 3947 3129 4003 lucos
3155 3953 3214 4004 et
3242 3954 3508 4018 statuas,

2026 4064 2108 4103 an
2119 4053 2373 4121 tequam
2395 4064 2433 4102 a
2434 4051 2605 4117 {seret
2619 4062 2764 4117 poen
2775 4044 2900 4101 iten
2911 4044 3088 4111 tiam,
3102 4045 3344 4120 scripta
3363 4055 3513 4105 sunt

2028 4143 2099 4200 in
2141 4142 2541 4200 sermonibus
2580 4142 2813 4200 Hozai.
2846 4143 3173 4201 Dormivit
3203 4161 3346 4218 erqo
3376 4145 3513 4204 Ma-

409 4241 838 4318 Reduxitque
891 4258 1040 4299 eum
1096 4242 1454 4299 Jerusalem
1513 4241 1586 4299 in
1645 4260 1917 4316 reynum
1949 4240 2000 4303 D
2028 4260 2239 4300 nasses
2254 4259 2398 4298 cum
2412 4240 2714 4316 patribus
2732 4240 2955 4306 suis‚et
2967 4241 3512 4316 sepelierunteum

405 4359 632 4399 suum.
685 4336 903 4399 Modus
961 4344 1174 4399 autem
1235 4356 1362 4417 quo
1417 4338 1496 4399 de
1551 4337 1919 4419 captivitate

411 4455 566 4499 eum
597 4434 896 4511 redemit,
932 4453 1060 4497 non
1095 4435 1400 4498 scribitur
1439 4436 1545 4498 hic
1577 4455 1786 4517 neque
1816 4455 1919 4498 ex-

413 4533 746 4617 primitur.
779 4535 868 4593 Et
907 4535 1200 4610 coynovit
1234 4536 1563 4595 Manasses
1602 4538 1774 4614 quod
1803 4539 1920 4596 Do-

413 4636 642 4695 minus
663 4634 800 4709 ipse
825 4642 981 4693 esset
1003 4636 1172 4693 Deus
1198 4654 1221 4693 .·
1245 4632 1308 4694 id
1330 4640 1445 4709 est,
1466 4652 1580 4715 per
1611 4632 1919 4715 multipli-

411 4750 556 4795 cem
595 4730 836 4793 divinae
874 4730 1131 4812 pietatis
1167 4739 1232 4793 et
1260 4730 1578 4812 aequitatis
1610 4730 1914 4795 effectum

409 4830 584 4894 circa
615 4848 686 4891 se
715 4835 781 4891 et
809 4827 877 4890 in
907 4848 997 4904 se,
1017 4828 1602 4910 experimentaliter
1631 4830 1919 4893 conside-

409 4928 582 4991 ravit
611 4936 676 4991 et
713 4927 896 5003 vidit,
935 4927 1110 5008 quod
1141 4926 1443 4991 Dominus
1483 4936 1730 4991 creator
1777 4930 1919 4991 uni-

409 5046 770 5101 versorum,
814 5044 964 5089 vere
1009 5025 1094 5088 sit
1142 5026 1306 5089 Deus
1356 5026 1711 5104 hominum,
1767 5048 1918 5110 prae-

407 5126 634 5189 sertim
679 5124 1116 5199 Hebraeorum,
1153 5123 1396 5187 habens
1446 5126 1913 5207 providentiam

404 5224 804 5298 eorumdem,
849 5230 914 5284 et
954 5222 1168 5303 justus
1217 5222 1526 5286 exsistens
1573 5224 1766 5306 judex
1812 5226 1915 5287 Ju-

404 5324 699 5387 daeorum
737 5340 816 5383 ac
854 5319 1166 5384 omnium.

2027 4340 2100 4397 in
2121 4341 2305 4397 domo
2325 4357 2468 4407 sua,
2490 4336 2553 4398 id
2586 4344 2681 4399 est
2714 4336 2778 4397 in
2811 4335 2995 4399 horto
3016 4338 3241 4400 domus
3268 4358 3418 4416 suae,
3444 4339 3511 4401 in
3543 4361 3594 4405 iv
3611 4362 3805 4416 neam,

2027 4434 2212 4497 horto
2232 4434 2372 4510 Oza,
2399 4443 2590 4517 prout
2618 4442 2845 4515 quarto
2866 4435 3104 4515 Regum
3137 4436 3300 4500 libro
3333 4438 3515 4501 habe-
3544 4428 3609 4468 ¹⁸·

2029 4541 2152 4595 tur.
2185 4535 2632 4612 Reynavitque
2651 4554 2772 4611 pro
2804 4555 2871 4593 eo
2900 4540 2951 4612 fi
2958 4537 3085 4595 lius
3112 4537 3251 4614 ejus
3276 4539 3509 4600 Amo-n.

2125 4633 2376 4708 Viqinti
2419 4635 2703 4693 duorum
2746 4653 3069 4693 annorum
3118 4645 3258 4695 erat
3303 4638 3514 4697 Ancon

2026 4751 2225 4809 quum
2276 4750 2545 4807 reynare
2592 4733 2891 4808 ca’pisset,
2923 4742 2982 4791 et
3028 4735 3277 4793 duobus
3319 4736 3515 4795 annis

2025 4831 2325 4906 reynavit
2356 4831 2427 4889 in
2446 4832 2825 4890 Jerusalem.
2850 4833 3151 4909 Fecitque
3172 4835 3418 4892 malum
3440 4835 3513 4893 in

2024 4938 2358 5007 conspectu
2386 4930 2681 4997 Domini,
2718 4930 2885 4989 sicut
2920 4931 3160 5007 fecerat
3189 4933 3516 4991 Manasses

2017 5036 2209 5105 pater
2227 5027 2367 5103 ejus
2378 5050 2407 5097 ,·
2440 5036 2500 5085 et
2527 5028 2775 5086 cunctis
2795 5028 2989 5085 idolis
3016 5048 3158 5106 quw
3189 5031 3513 5089 *Manasses

2023 5128 2249 5203 fuerat
2275 5126 2662 5201 fabricatus,
2692 5127 3055 5185 immolavit
3096 5135 3286 5204 atque
3320 5130 3515 5187 servi-

2027 5227 2140 5286 vit.
2188 5226 2275 5284 Et
2317 5242 2447 5283 non
2490 5232 2581 5282 est
2618 5224 2931 5282 reveritus
2968 5225 3205 5299 faciem
3243 5227 3515 5287 Domini

2025 5324 2191 5385 sicut
2217 5323 2538 5382 reveritus
2566 5329 2655 5381 est
2682 5324 3011 5383 Manasses
3042 5331 3233 5401 pater
3260 5324 3428 5402 ejus,
3454 5336 3515 5387 et

3614 3470 3693 3525 qui
