4309 6259
125 672 239 715 Rosa.
252 686 336 723 xm,

95 738 130 777 4.

137 867 150 909 Ι
167 868 280 911 Petr.
289 883 335 921 ιι,

97 936 152 974 18.

975 486 1326 534 unauna-rm
1367 486 1429 533 m
1471 487 1608 533 cn.
1655 486 1722 532 111
1763 486 1921 532 mnu
1961 486 2186 541 Quali-m
2226 488 2449 535 aucun.
2496 508 2577 519 —
2615 488 2757 535 Aur.
2806 488 2866 533 iv
3379 472 3457 535 15

363 660 641 723 ministri
689 660 825 739 Dei,
873 660 1040 725 sicut
1081 660 1160 724 ad
1209 661 1522 723 Romanos
1570 658 1858 741 loquitur
1883 654 1934 716 A
1963 661 2261 743 aliqualis
2317 678 2631 737 excessuS,
2684 659 3036 743 praesertim
3096 679 3297 743 quum
3361 678 3459 723 se-

360 759 588 821 Paulus
626 777 642 821 :
689 768 952 842 propter
993 760 1166 841 quod
1204 758 1502 841 princeps
1532 756 1858 840 Apostolo-
1963 762 2246 825 cundum
2288 759 2679 841 Gregorium,
2716 759 2909 824 etiam
2953 760 3049 822 ira
3086 779 3201 842 per
3252 758 3457 823 zelum

362 877 502 923 rum
521 858 732 935 docet,
757 877 898 921 esse
918 858 1344 921 obediendum
1367 856 1558 921 etiam
1579 855 1856 937 dyscolis
1962 859 2325 942 aliqualiter
2368 859 2581 922 turbet
2628 860 2837 923 cordis
2880 858 3180 934 oculum3
3217 858 3457 921 idcirco

359 956 662 1020 dominis.
712 956 1170 1039 Respondetur‚
1196 956 1367 1037 quod
1417 954 1854 1037 superioribus

361 1055 425 1117 iu
463 1055 581 1117 ·his
628 1074 776 1137 quae
833 1056 914 1118 ad
962 1073 1184 1118 eorum
1234 1054 1602 1117 cathedram
1663 1053 1856 1135 perti-

359 1162 536 1230 nent,
571 1162 726 1217 sunt
773 1153 1148 1217 obedientia·
1188 1162 1252 1215 et
1299 1152 1658 1217 reverentia
1694 1151 1859 1215 exhi-

361 1252 620 1327 bendae3
655 1253 724 1315 in
755 1252 902 1323 aliis
931 1270 1062 1315 non
1093 1259 1364 1334 oportet.

438 1352 642 1415 Nunc
684 1362 904 1413 autem
931 1353 1240 1413 adducite
1267 1352 1438 1413 mihi
1459 1354 1757 1429 psaltem,
1793 1350 1857 1412 id

363 1457 456 1513 est
499 1451 784 1532 peritum
828 1451 896 1513 in
939 1449 1367 1516 citharizando
1425 1458 1534 1512 aut
1579 1449 1858 1513 ludendo

364 1548 426 1609 in
459 1566 726 1629 organo.
762 1552 1102 1629 Quumque
1129 1558 1383 1610 caneret
1403 1551 1686 1626 psaltes:
1706 1547 1861 1630 quia

362 1645 646 1711 ludendo
676 1650 745 1710 in
793 1665 1032 1729 organo
1069 1646 1259 1709 simul
1300 1646 1580 1711 cantavit
1609 1646 1858 1727 aliquid

361 1746 437 1809 dc
467 1746 770 1809 laudibus
799 1747 932 1823 Dei,
968 1746 1504 1827 quemadmodum
1535 1745 1732 1811 David
1766 1744 1859 1807 fa-

1959 959 2040 1021 ad
2089 958 2678 1041 tranquillationem
2725 958 2937 1022 cordis
2980 957 3179 1021 Elisei
3215 963 3462 1039 poterat

1964 1057 2299 1121 harmonia
2330 1057 2440 1120 illa
2470 1056 2784 1121 conferre.

2047 1159 2130 1218 Et
2160 1158 2300 1217 ait:
2322 1159 2477 1219 Haec
2518 1158 2680 1217 dicit
2711 1158 3027 1218 Dominus
3050 1174 3074 1217 .·
3094 1157 3318 1217 Facite
3371 1159 3464 1217 al-

1967 1275 2153 1315 veum
2201 1256 2500 1316 torrentis
2548 1255 2745 1329 liujus
2791 1255 2993 1332 fossas
3040 1262 3101 1315 et
3132 1254 3363 1331 fossas,
3395 1251 3460 1315 id

1965 1360 2062 1415 est
2092 1352 2160 1414 in
2190 1351 2371 1415 alveo
2402 1370 2515 1415 seu
2548 1350 2746 1415 fundo
2776 1351 2970 1433 hujus
3003 1350 3303 1415 exsiccati
3334 1358 3461 1413 tor-

1967 1451 2165 1514 rentis
2198 1450 2547 1534 profundas
2579 1450 2825 1532 aliquas
2858 1449 3099 1527 foveaS‚
3125 1450 3191 1512 in
3222 1448 3457 1531 quibus

1965 1569 2132 1632 aqua
2177 1570 2323 1614 mox
2364 1558 2635 1613 ventura
2676 1549 3045 1631 recipiatur.
3080 1552 3235 1612 Hoec
3283 1552 3458 1610 enim

1965 1651 2128 1711 dicit
2158 1652 2475 1712 Dominus
2495 1668 2519 1711 .·
2542 1651 2691 1714 Non
2724 1651 3048 1719 videbitis,
3081 1648 3146 1711 id
3178 1655 3296 1725 est,
3324 1665 3453 1710 non

1967 1748 2259 1825 audietiS,
2282 1758 2567 1821 ventum,
2598 1769 2801 1829 neque
2841 1747 3115 1811 cernetis
3151 1748 3452 1825 pluviam

361 1862 502 1907 cere
523 1844 896 1919 consuevit3
922 1845 1102 1923 facta
1120 1854 1422 1921 estsuper
1439 1864 1612 1917 eum,
1637 1849 1858 1925 utpote
1889 1834 1935 1895 Β
1970 1845 2036 1907 in
2069 1846 2189 1909 hac
2218 1846 2395 1923 hora,
2420 1858 2479 1909 et
2500 1850 2721 1909 alveus
2741 1849 2858 1908 iste
2877 1848 3227 1925 replebitur
3247 1846 3462 1926 aquis,

363 1942 668 2019 E1iseum,
711 1964 944 2005 manus
974 1944 1268 2014 Domini,
1307 1942 1370 2005 id
1411 1949 1529 2019 est,
1569 1941 1862 2023 omnipo-

361 2042 562 2105 tentia
599 2042 713 2105 Dei
751 2049 1034 2105 mentem
1073 2041 1210 2122 ejus
1253 2040 1462 2122 tetigit
1502 2048 1567 2102 et
1600 2040 1862 2102 illustra-

358 2139 448 2201 vit
491 2140 700 2221 gratia
745 2139 1160 2204 revelationis
1194 2139 1607 2221 propheticae.
1645 2138 1860 2201 Gratia

359 2240 530 2301 enim
579 2238 952 2321 prophetiae,
999 2245 1094 2301 est
1133 2238 1372 2301 donum
1413 2238 1683 2314 actuale,
1723 2256 1856 2301 non

359 2338 620 2419 proprie
669 2336 1021 2413 habituale,
1057 2336 1214 2418 quia
1257 2355 1387 2399 non
1427 2336 1608 2399 adest
1655 2336 1862 2399 cordi-

363 2434 476 2497 bus
506 2435 969 2517 Prophetarum
1000 2435 1079 2497 ad
1113 2434 1390 2511 libitum,
1420 2436 1529 2498 sed
1556 2435 1738 2517 juxta
1758 2434 1862 2497 be-

361 2534 758 2615 neplacitum
798 2534 929 2609 Dei,
985 2542 1049 2597 et
1097 2534 1448 2597 secundum
1500 2532 1860 2616 dispositio-

363 2650 508 2694 nem
569 2640 636 2695 et
694 2630 1122 2714 aptitudinem
1181 2630 1540 2707 hominum,
1590 2630 1745 2712 quia
1794 2648 1862 2693 se

361 2738 636 2811 possunt
664 2730 746 2792 ad
791 2729 1333 2793 illuminationem
1379 2729 1570 2792 talem
1600 2748 1714 2811 per
1757 2729 1864 2791 de—

361 2828 690 2891 votionem
722 2836 786 2891 et
805 2828 1230 2891 elevationem
1260 2827 1492 2890 mentis
1525 2835 1764 2909 aptare,
1800 2834 1864 2890 et

359 2928 672 3008 quoniam
732 2927 1003 2990 diversae
1049 2926 1342 2991 melodiae
1388 2946 1462 2989 ac
1511 2926 1860 2989 harmoniae

1965 1955 2030 2004 et
2055 1947 2276 2006 bibetis
2306 1966 2409 2006 vos
2428 1957 2488 2007 et
2507 1947 2789 2024 familiae
2820 1956 3066 2016 vestrae,
3086 1946 3458 2023 etjumenta

1967 2054 2190 2104 vestra.
2216 2046 2593 2124 Parumque
2620 2054 2711 2105 est
2739 2047 2854 2105 hoc
2883 2047 2957 2105 in
2986 2054 3322 2121 conspectu
3343 2046 3461 2105 Do-

1965 2144 2163 2212 mini,
2197 2142 2310 2224 qui
2350 2142 2738 2224 frequenter,
2775 2142 2941 2207 sicut
2980 2150 3043 2206 et
3085 2160 3275 2219 nunc,
3314 2142 3459 2224 plus

1965 2240 2231 2320 largitur
2259 2260 2452 2322 quam
2488 2241 2748 2323 petitur.
2782 2241 2925 2304 Ideo
2964 2240 3261 2304 subditur
3295 2258 3309 2302 ε
3345 2243 3456 2308 Ιη-

1965 2360 2157 2417 super
2208 2343 2415 2401 tradet
2448 2342 2638 2402 Moab
2688 2342 2759 2401 in
2804 2360 3037 2403 manus
3086 2350 3325 2401 vestras
3340 2349 3456 2411 ,zet

1960 2440 2337 2515 percutietis
2378 2458 2629 2500 omnem
2658 2440 2988 2501 civitatem
3018 2440 3370 2507 munitam,
3392 2436 3456 2499 id

1967 2545 2064 2599 est
2094 2536 2483 2599 habitatores
2515 2535 2778 2599 fortium
2817 2536 3147 2600 civitatum
3178 2534 3461 2599 Moabiti-

1968 2633 2025 2698 οἱ
2058 2634 2261 2717 regni,
2295 2646 2353 2695 et
2384 2656 2634 2697 omnem
2666 2639 2889 2697 urbem
2916 2640 3205 2707 electam,
3228 2646 3289 2697 et
3310 2638 3458 2700 uni.-

1971 2754 2225 2796 versum
2284 2736 2539 2812 lignum
2596 2737 3023 2815 fructiferum
3088 2736 3459 2805 succidetis,

1971 2843 2349 2913 cunctosque
2377 2835 2586 2911 fontes
2613 2854 2937 2914 aquarum
2964 2835 3372 2903 obturabitis,
3398 2842 3459 2893 et

1971 2951 2223 2992 omnem
2251 2951 2485 3009 ayrum
2528 2934 2857 3009 eyreyium
2885 2932 3184 3011 operietis
3217 2934 3458 3009 lapidi-

359 3025 651 3089 diversos
681 3033 948 3088 causant
977 3024 1256 3089 effectus
1276 3023 1342 3086 in
1363 3024 1699 3088 hominum
1729 3042 1862 3087 cor·
1896 3022 1940 3087 C
1970 3030 2102 3090 bus.
2135 3032 2409 3091 Factum
2444 3039 2533 3091 est
2576 3033 2785 3108 iyitur
2814 3051 3027 3102 mane,
3062 3033 3321 3111 quando
3361 3050 3463 3091 sa-

359 3123 572 3187 dibus.
609 3123 860 3187 Eliseus
892 3123 1117 3187 videns
1161 3122 1286 3185 sibi
1332 3123 1552 3186 lumen
1594 3122 1862 3206 prophe-

356 3223 499 3286 ticae
527 3222 753 3303 gratiae
783 3240 910 3285 non
945 3220 1217 3302 fulgere,
1250 3221 1456 3285 voluit
1486 3241 1554 3285 se
1583 3222 1662 3284 ad
1692 3221 1854 3283 illud

357 3339 472 3403 per
520 3320 952 3385 elevationem
997 3320 1198 3383 animi
1249 3339 1605 3402 praeparare
1649 3338 1663 3382 z
1699 3320 1858 3382 ideo

356 3419 516 3483 fecit
552 3420 830 3502 psaltem
867 3438 1083 3482 coram
1115 3438 1184 3481 se
1214 3419 1434 3483 ludere
1474 3428 1536 3482 et
1575 3426 1852 3495 cantare,

355 3517 672 3600 quoniam
715 3517 992 3581 melodia
1040 3516 1152 3579 illa
1198 3536 1345 3579 cum
1396 3517 1583 3580 laude
1622 3516 1734 3580 Dei
1779 3516 1856 3579 ad

357 3616 788 3681 elevationem
811 3615 1114 3697 disponit,
1135 3616 1487 3698 praesertim
1511 3615 1580 3677 in
1601 3615 1858 3697 quibus-

356 3715 528 3793 dam,
563 3714 680 3797 qui
724 3734 801 3777 ex
845 3714 1120 3777 naturali
1161 3714 1584 3796 dispositione
1627 3715 1706 3777 ad
1738 3714 1858 3776 hoc

357 3814 563 3893 magis
592 3812 893 3895 dispositi
925 3804 1114 3875 sunt‘:
1147 3831 1424 3894 quorum
1453 3812 1750 3875 nonnulli
1783 3831 1858 3875 ex

355 3913 658 3976 discantu
675 3920 742 3975 et
759 3912 1179 3975 consonantia
1207 3911 1499 3975 melodiae
1529 3909 1860 3975 celerrime

355 4020 426 4074 et
457 4012 714 4074 intense
756 4018 1096 4077 moventur
1133 4011 1213 4073 ad
1258 4010 1510 4087 fletum,
1553 4028 1858 4092 compun-

355 4110 642 4174 ctionem
660 4118 726 4172 et
745 4108 1368 4191 contemplationem.
1389 4109 1674 4190 Denique
1694 4126 1859 4190 quae-

1967 3128 2293 3204 orificium
2323 3131 2547 3207 offerri
2573 3133 2747 3200 solet,
2779 3138 2841 3190 et
2869 3150 3002 3191 ecce
3031 3150 3218 3209 aquoe
3250 3130 3457 3213 venie.-

1965 3228 2118 3287 bant
2141 3246 2260 3303 per
2290 3228 2467 3288 viam
2496 3229 2731 3297 Edom,
2758 3237 2819 3288 et
2848 3232 3089 3307 repleta
3138 3238 3228 3291 est
3260 3238 3458 3297 terra,

1964 3324 2317 3404 praesertim
2373 3325 2591 3387 alveus
2641 3324 2773 3403 ille,
2825 3328 3035 3406 aquis.
3088 3325 3273 3389 Circa
3330 3324 3449 3391 hoc

1961 3420 2271 3504 Iosephus
2295 3431 2700 3504 protestatur,
2725 3424 2898 3505 quod
2920 3424 2989 3485 in
3011 3422 3451 3506 superioribus

1949 3519 2255 3601 —partibus
2286 3522 2572 3585 Idumaeae
2616 3523 2867 3605 pluerat
2896 3524 3309 3587 vehementer
3354 3522 3459 3585 tri-

1963 3617 2082 3680 bus
2131 3619 2379 3697 diebuS‚
2418 3620 2638 3702 sicque
2687 3641 2801 3704 per
2851 3622 2972 3685 iter
3017 3622 3306 3686 Idumaeae
3347 3622 3457 3685 de-

1967 3717 2223 3780 scendit.
2242 3736 2409 3799 aqua
2439 3738 2552 3802 per
2580 3719 2835 3783 alveum
2864 3720 2933 3782 in
2967 3719 3229 3784 fossata.

2042 3818 2342 3879 Universi
2361 3828 2577 3881 autem
2598 3822 2895 3882 Moabitoe
2922 3821 3259 3881 audientes
3280 3822 3451 3899 quod

1964 3917 2391 3978 ascendissent
2436 3926 2559 3977 tres
2599 3938 2797 3994 reyes,
2838 3928 2911 3978 ut
2934 3926 3309 3995 puqnarent
3340 3920 3456 3979 ad-

1963 4033 2217 4075 versum
2247 4034 2373 4085 eos,
2393 4025 2899 4078 convocaverunt
2940 4035 3155 4077 omnes
3182 4016 3302 4095 qui
3353 4035 3457 4077 ac-

1963 4114 2163 4173 cincti
2190 4122 2377 4174 erant
2408 4115 2607 4173 balteo
2635 4116 2934 4191 desuper,
2954 4123 3014 4174 et
3042 4123 3353 4175 steterunt
3382 4116 3455 4174 in

353 4210 503 4271 dam
533 4208 831 4271 melodiae
860 4208 1139 4271 excitant
1156 4208 1234 4271 ad
1267 4207 1774 4290 compassionem
1794 4215 1858 4270 et
1887 4205 1938 4270 D
1965 4212 2293 4280 terminis,
2316 4210 2380 4274 id
2411 4219 2507 4274 est
2550 4209 2616 4273 in
2662 4210 3173 4274 extremitatibus
3206 4212 3450 4275 territo-

355 4308 691 4389 planctum
739 4306 890 4369 inde
933 4314 1325 4369 nascentem.
1356 4306 1515 4368 Hinc
1562 4305 1855 4369 tibicines

355 4406 426 4468 in
458 4405 798 4469 funeribus
829 4423 1086 4467 carmen
1115 4403 1387 4483 lugubre
1408 4402 1852 4468 concinebant.

351 4504 656 4579 Quasdam
700 4522 855 4567 vero
882 4503 961 4566 ad
1010 4502 1342 4566 audaciam
1381 4510 1751 4585 provocant,
1787 4510 1858 4564 ut

353 4603 528 4668 tubae
557 4604 625 4666 in
657 4601 896 4684 praeliis
923 4625 936 4676 ;
971 4602 1264 4683 quaedam
1292 4602 1372 4663 ad
1411 4601 1838 4680 devotionem,

355 4712 428 4764 ut
455 4710 686 4766 cantus
717 4708 782 4763 et
810 4719 1048 4781 organa
1089 4699 1158 4761 in
1203 4699 1462 4765 diviniS.
1498 4698 1714 4763 Refert
1745 4700 1858 4783 Ly-

359 4820 450 4878 ra,
483 4800 660 4883 quod
709 4797 912 4862 Rahbi
960 4797 1256 4862 Salomon
1305 4807 1542 4862 asserat
1589 4799 1856 4881 gratiam

359 4899 718 4983 prophetiae
747 4898 1086 4961 recessisse
1115 4897 1196 4959 ab
1225 4897 1456 4975 Elise0,
1492 4897 1646 4979 quia
1684 4916 1859 4961 exas-

359 5008 620 5081 peratus
651 4996 779 5059 fuit
807 5004 1030 5059 contra
1058 5013 1270 5075 regem
1301 4996 1528 5059 Israel:
1563 4997 1734 5077 quod
1766 4997 1858 5058 di-

357 5108 534 5161 ctum
577 5094 886 5178 reprobat
916 5094 1094 5177 Lyra,
1129 5094 1282 5176 quia
1311 5114 1388 5157 ex
1428 5095 1562 5157 zelo
1591 5094 1858 5177 justitiae

359 5198 424 5260 id
458 5194 792 5279 processit.
816 5194 1268 5256 Verumtamen
1289 5194 1358 5254 in
1374 5193 1855 5275 exasperatione

359 5290 493 5371 illa,
517 5293 686 5357 sicut
715 5293 785 5355 in
815 5291 910 5354 ira
952 5310 1066 5373 per
1093 5292 1324 5367 zelum,
1360 5292 1670 5373 potuisset
1715 5310 1852 5354 esse

1965 4308 2045 4369 rii
2073 4309 2195 4386 sui,
2230 4318 2302 4371 ut
2327 4309 2616 4373 hostibus
2642 4309 3058 4391 prohiberent
3087 4310 3444 4392 ingressum

1962 4406 2030 4469 in
2061 4426 2241 4469 suam
2275 4407 2600 4489 regionem
2635 4425 2649 4469 ε
2684 4415 2747 4471 et
2788 4407 3006 4471 forsan
3038 4408 3106 4470 in
3153 4408 3444 4472 terminis

1965 4504 2094 4566 illis
2141 4513 2321 4567 erant
2358 4504 2497 4567 loca
2537 4513 2807 4586 angusta
2845 4507 2924 4568 ad
2965 4507 3443 4584 introeundum,

1965 4604 2185 4685 sicque
2213 4602 2469 4667 facilius
2498 4612 2791 4686 poterant
2827 4604 2914 4668 ibi
2946 4605 3262 4669 resistere.
3296 4608 3451 4668 Pri-

1966 4722 2191 4783 moque
2209 4723 2398 4765 mane
2424 4714 2777 4781 sumentes,
2795 4715 2856 4765 et
2885 4714 3020 4765 orto
3033 4706 3187 4782 jam
3212 4709 3341 4766 sole
3359 4726 3442 4765 em

1965 4804 2232 4861 adverso
2260 4822 2609 4881 aquarum,
2632 4804 2937 4864 viderunt
2958 4805 3258 4865 Moabitae
3280 4823 3455 4865 econ·

1967 4909 2068 4959 tra
2097 4920 2301 4979 aquas
2328 4902 2556 4962 rubras
2584 4904 2775 4980 quasi
2802 4902 3246 4978 sanquinem:
3286 4900 3441 4982 quia

1963 5015 2144 5078 aquae
2174 4997 2451 5079 praefatae
2482 4998 2677 5061 radiis
2716 4998 2868 5062 solis
2899 5017 3236 5080 percussae,
3258 5017 3452 5080 appa-

1965 5103 2231 5159 ruerunt
2270 5095 2539 5159 turbidae
2570 5104 2635 5159 et
2677 5096 2859 5177 quasi
2891 5096 3205 5177 sanguine
3244 5096 3454 5159 rubri·

1961 5202 2154 5269 catae3
2188 5194 2291 5257 vel
2322 5194 2887 5276 supernaturaliter
2916 5195 3122 5258 inerat
3159 5194 3330 5257 color
3362 5202 3453 5257 ta-

1963 5291 2041 5354 lis
2072 5292 2173 5354 his
2217 5291 2400 5373 aquis
2448 5311 2565 5375 pro
2607 5292 3019 5355 Moabitarum
3052 5292 3448 5376 deceptione.
