4309 6259
612 2657 691 2701 Pa.
710 2670 857 2707 xxxin,

595 2724 662 2763 20.

623 3835 820 3893 Philipp.
834 3851 858 3885 ι,

596 3902 665 3943 2³.

610 3965 690 4007 Pe.
702 3977 810 4015 cxiv,
819 3967 859 4007 7.

870 492 990 555 402

875 776 1409 839 transformantur
1470 774 1810 855 imaginem
1871 794 1906 835 a
1951 773 2240 835 claritate
2297 772 2364 835 in

875 876 1249 938 claritatem.
1281 874 1460 938 Circa
1490 874 1610 935 hoc
1639 872 1926 949 verbum,
1963 871 2128 935 sicut
2157 880 2219 935 et
2246 870 2367 934 cir-

877 993 952 1038 ca
997 982 1205 1037 cetera
1243 973 1444 1035 sancti
1481 971 1597 1035 Job
1639 971 1852 1048 verba,
1897 970 2119 1034 scribit
2163 969 2363 1031 multa

878 1072 1144 1156 pulchra
1205 1072 1604 1134 illuminatus
1659 1070 1998 1151 Gregorius
2036 1088 2049 1131 :
2083 1089 2228 1151 quae
2274 1070 2369 1133 vi-

881 1173 1086 1234 tandae
1136 1170 1520 1253 prolixitatis
1570 1189 1758 1231 causa
1808 1170 2053 1246 omitto,
2100 1177 2165 1231 et
2212 1187 2369 1249 quo-

880 1270 1052 1332 niam
1085 1270 1318 1353 scripta
1351 1270 1489 1349 ejus
1509 1270 1606 1349 (ut
1629 1270 1836 1349 decet)
1865 1268 2104 1349 ubique
2132 1267 2370 1330 haben-

883 1378 1006 1431 tur.
1040 1369 1344 1431 Praeterea
1385 1367 1650 1430 verbum
1695 1368 2049 1443 inductum,
2086 1366 2210 1447 ipsi
2253 1365 2368 1428 Job

883 1476 1057 1529 tanto
1107 1466 1444 1528 litteralius
1491 1465 1814 1548 competit,
1859 1473 2098 1545 quanto
2144 1484 2369 1546 passus

883 1574 978 1627 est
1007 1564 1282 1640 duriora,
1305 1562 1761 1645 fortioremque
1784 1562 2008 1625 habuit
2036 1570 2255 1625 contra
2278 1562 2372 1622 in-

884 1662 1205 1726 visibilem
1237 1662 1482 1723 hostem
1507 1662 1763 1724 luctam.

967 1764 1050 1823 Ec
1090 1764 1256 1821 sicut
1297 1762 1433 1821 dies
1473 1762 1860 1820 mercenarii
1887 1761 2022 1819 dies
2049 1760 2212 1836 ejus.
2246 1758 2371 1820 Hoc

1719 505 2066 554 ENARRATIO
2108 506 2171 550 ΙΝ
2214 504 2349 550 GAP.
2396 503 2481 548 vn
2520 502 2645 549 1013.
2690 520 2772 533 ·—·
2812 502 2955 549 ΛΒΤ.
3000 502 3109 547 xix

609 701 844 751 neom,
871 678 1139 760 gloriam
1159 676 1408 740 Domini
1439 675 1860 759 speculanteS,
1883 674 1948 737 in
1981 673 2361 737 deiformem
2393 675 2443 737 A
2474 690 2794 755 peragere.
2828 672 3112 754 Insuper,
3154 689 3229 733 ex
3276 669 3375 733 his
3422 669 3779 733 declaratur
3828 668 3957 734 vita

585 765 652 805 is.

2473 772 2750 833 humana
2782 768 3199 853 providentiae
3221 768 3479 830 subesse
3509 768 3741 831 divinae
3768 785 3782 829 ε
3807 766 3961 848 quia

2474 877 2536 931 et
2558 868 2793 931 milit-es
2816 868 2935 930 sub
2958 869 3117 930 duce
3144 867 3457 930 exercitus
3478 865 3775 941 militant,
3796 865 3961 945 ejus-

2475 986 2601 1048 que
2643 966 2993 1029 directione
3031 973 3346 1045 aguntur3
3388 963 3762 1027 mercenarii
3808 981 3963 1044 quo—

2476 1085 2601 1147 que
2627 1085 2663 1127 a
2692 1065 2951 1129 domino
2988 1064 3199 1147 operis
3244 1063 3655 1140 inducuntur,
3690 1082 3766 1124 ac
3806 1081 3965 1144 prae-

2477 1166 2676 1228 mium
2721 1165 3189 1248 praestolantur.
3234 1162 3493 1239 Rursus,
3530 1181 3606 1225 ex
3641 1162 3741 1223 his
3768 1178 3964 1224 'error

2478 1263 2735 1347 Eliphaz
2773 1262 3167 1345 reprobatur,
3201 1262 3472 1324 dicentis
3520 1260 3963 1323 tribulationes

2478 1370 2540 1425 et
2568 1379 2788 1445 poenas
2818 1380 2945 1424 non
2976 1361 3102 1421 nisi
3130 1378 3245 1443 pro
3277 1359 3552 1442 peccatis
3582 1354 3819 1437 infligi,
3846 1376 3967 1421 nec

2479 1462 2891 1523 adversitates
2933 1461 3205 1539 majores
3246 1458 3371 1520 nisi
3410 1476 3525 1541 pro
3564 1457 3964 1539 gravioribus

2479 1560 2707 1641 culpiS.
2744 1559 2879 1621 Dux
2921 1576 3199 1638 namque
3240 1556 3553 1621 exercitus
3594 1556 3967 1638 frequenter

2479 1655 2851 1719 melioribus
2912 1656 3242 1735 magisque
3306 1654 3583 1719 strenuis
3644 1653 3967 1717 militibus

2480 1755 2769 1835 graviora
2801 1754 3143 1817 luctamina
3173 1763 3365 1836 atque
3394 1753 3677 1837 pericula
3716 1752 3969 1835 sapien-

885 1860 1092 1941 primo
1128 1858 1213 1920 ita
1249 1858 1584 1940 exponitur
1621 1875 1633 1918 :
1669 1856 1974 1931 Quoniam
2006 1856 2135 1921 vita
2170 1856 2373 1919 homi·
2406 1860 2453 1921 B
2484 1863 2577 1915 ter
2608 1853 2905 1933 injungit,
2934 1854 3281 1915 secundum
3306 1853 3473 1934 quod
3496 1871 3611 1935 pro
3640 1851 3967 1915 communi

886 1958 985 2019 nis
1015 1966 1112 2019 est
1149 1956 1376 2019 militia
1415 1974 1606 2037 super
1637 1964 1890 2032 terram,
1924 1964 2183 2038 propter
2224 1974 2373 2017 con-

885 2056 1135 2117 tinuum
1155 2062 1348 2135 atque
1367 2053 1780 2115 durissimum
1801 2062 2018 2115 contra
2042 2053 2370 2135 passiones

883 2172 958 2216 ac
1002 2153 1156 2215 vitia
1199 2152 1492 2234 praelium
1530 2170 1546 2231 ;
1579 2152 1720 2214 ideo
1765 2152 1900 2215 dies
1939 2153 2080 2232 ejus
2117 2169 2372 2233 compa-

886 2260 1105 2313 rantur
1125 2250 1350 2313 diebus
1372 2251 1919 2324 mercenariorum,
1939 2268 2212 2331 quorum
2235 2250 2370 2311 dies

885 2358 1033 2411 sunt
1075 2348 1398 2412 laboribus
1443 2347 1893 2429 interdumque
1936 2349 2136 2411 taediis
2168 2348 2367 2429 pleni.

883 2448 972 2509 lta
1004 2454 1067 2509 et
1094 2446 1229 2509 dies
1260 2445 1537 2508 hominis
1566 2445 1830 2508 viatoris
1856 2464 2077 2526 graves
2109 2455 2173 2508 et
2201 2445 2371 2507 anxii

887 2552 1056 2621 sunt,
1090 2544 1440 2627 praesertim
1486 2553 1769 2625 tempora
1805 2545 2176 2621 electorum,
2224 2563 2373 2625 quo-

890 2643 1059 2703 niam
1081 2641 1297 2703 multae
1320 2640 1760 2703 tribulationes
1781 2641 2118 2721 justorum.
2143 2642 2191 2703 N
2199 2642 2371 2722 ilque

891 2740 1243 2803 laborosius
1273 2746 1496 2814 exstat,
1543 2759 1734 2819 quam
1781 2748 2058 2803 mentem
2110 2740 2177 2801 in
2224 2758 2370 2802 vera

887 2838 1162 2919 puritate
1190 2835 1399 2899 cordis
1433 2837 1558 2899 Deo
1589 2856 1838 2920 semper
1867 2857 2140 2914 servare,
2176 2838 2370 2899 Deum

887 2936 953 2997 in
999 2935 1176 2997 nullo
1225 2934 1627 3012 inhonorare,
1680 2955 1874 2999 vanas
1928 2936 2368 3016 cogitationeS,

2481 1952 2733 2035 expedit
2776 1951 2966 2027 bono,
3002 1960 3071 2013 ut
3114 1952 3361 2032 expleto
3404 1950 3640 2027 labore,
3682 1969 3791 2015 eos
3834 1969 3971 2011 am-

2484 2051 2651 2133 plius
2716 2059 3071 2113 veneretur.
3138 2049 3442 2112 Similiter
3506 2047 3971 2131 paterfamilias

2484 2150 2802 2212 interdum
2857 2148 3231 2212 melioribus
3290 2148 3598 2231 operariis
3644 2146 3972 2228 graviores

2484 2246 2823 2313 committit
2853 2246 3101 2309 labores
3128 2265 3141 2308 :
3167 2246 3424 2327 quibuS‚
3458 2265 3647 2329 opere
3674 2264 3977 2309 consum-

2484 2354 2673 2422 mat0,
2706 2346 2965 2427 praemia
3011 2345 3274 2425 largitur
3314 2345 3577 2425 majora.
3610 2345 3827 2425 ltaque
3872 2364 3975 2406 su—

2483 2444 2942 2526 peraltissimus
2974 2442 3259 2505 omnium
3289 2444 3584 2525 princeps
3616 2443 3801 2517 Deus,
3826 2462 3973 2503 san—

2481 2551 2620 2604 ctus
2666 2561 2741 2603 ac
2788 2542 3064 2624 sapienS,
3108 2560 3255 2605 suos
3302 2550 3684 2623 pugnatores
3731 2541 3972 2604 electos

2480 2659 2554 2702 ac
2591 2640 2826 2701 milites
2865 2640 3182 2716 melioreS,
3219 2638 3588 2719 frequenter
3628 2638 3975 2703 adversita-

2482 2739 2652 2801 tibus
2710 2739 2969 2820 exponit
3024 2737 3395 2819 majoribuS,
3437 2736 3973 2819 efficacioresque

2480 2838 2802 2920 operarios
2835 2836 3205 2899 fortioribus
3227 2836 3552 2899 laboribus
3581 2837 3975 2920 applicat‚ut

2483 2936 2549 2998 in
2584 2936 2740 3014 fine,
2772 2938 3003 3018 adepto
3049 2935 3373 3018 triumpho
3400 2955 3475 2998 ac
3502 2935 3611 2998 Dei
3654 2935 3971 3016 obsequio

887 3033 1277 3095 inordinatas
1333 3030 1733 3111 affectione-S,
1796 3033 1954 3097 viles
2010 3034 2373 3115 occupatio-
2407 3039 2450 3101 C
2482 3044 2942 3112 consummato,
2969 3033 3307 3096 sublimius
3337 3035 3748 3110 honorentur,
3772 3034 3977 3096 abun-

886 3150 1020 3207 neS,
1054 3130 1428 3193 omissiones
1474 3138 1537 3193 et
1583 3131 2063 3194 commissiones
2113 3131 2369 3211 iniquas

887 3229 1106 3305 vitare,
1152 3228 1450 3309 abjicere,
1497 3230 1815 3291 detestari.
1853 3230 2140 3293 Secundo
2182 3249 2373 3312 expo-

885 3328 1058 3389 nitur
1087 3328 1178 3389 sic
1211 3345 1227 3389 :
1261 3326 1798 3401 Quemadmodum
1830 3330 2259 3391 mercenarius
2294 3327 2372 3389 fi-

885 3444 1030 3487 nem
1061 3425 1309 3488 dierum
1339 3425 1438 3487 sui
1470 3424 1706 3487 laboris
1744 3426 2080 3503 desiderat,
2115 3436 2186 3488 ut
2217 3446 2373 3509 prae-

887 3524 1088 3585 mium
1126 3532 1539 3604 assequatur3
1574 3524 1665 3585 sic
1701 3524 1891 3587 homo
1935 3524 2139 3588 viator
2180 3526 2371 3606 hujus

887 3630 1064 3705 optat
1094 3621 1292 3684 finem
1337 3621 1546 3683 exsilii
1575 3640 1650 3684 ac
1682 3621 1938 3700 laboriS,
1974 3631 2043 3685 ut
2086 3625 2165 3686 ad
2194 3632 2373 3687 aeter-

889 3739 1033 3781 nam
1080 3720 1540 3783 beatitudinem
1587 3720 1992 3802 perducatur,
2048 3731 2237 3803 prout
2282 3724 2375 3786 ait

887 3819 1224 3901 Apostolus
1249 3837 1262 3879 :
1287 3818 1486 3902 Cupio
1509 3819 1772 3883 dissolvi
1793 3828 1855 3881 et
1875 3839 2013 3883 esse
2033 3840 2178 3882 cum
2199 3822 2376 3884 Chri-

889 3926 1006 3981 sto.
1041 3918 1119 3979 Et
1145 3918 1474 3979 Psalmista
1499 3936 1513 3979 :
1538 3917 1937 3995 Convertere,
1963 3919 2175 3982 anima
2206 3941 2368 3997 mea,

890 4017 957 4079 in
1015 4017 1301 4097 requiem
1361 4025 1554 4078 tuam.
1607 4016 1816 4078 Tertio
1872 4017 1962 4079 sic
2011 4036 2024 4079 :
2070 4018 2375 4091 Quemad-

888 4117 1147 4179 modum
1187 4116 1616 4178 mercenarius
1657 4116 1722 4177 in
1761 4116 1987 4178 alienis
2027 4117 2217 4180 rebus
2262 4139 2371 4182 seu

885 4214 1158 4276 aliorum
1205 4212 1390 4276 bonis
1439 4213 1703 4289 laborat,
1742 4222 1805 4276 et
1849 4214 1972 4277 sibi
2016 4217 2369 4279 mercedem
2406 4222 2473 4291 D,

884 4312 1153 4395 adipisci
1184 4319 1486 4391 conatur3
1520 4312 1604 4373 ita
1635 4312 1819 4374 electi
1857 4331 2028 4376 nunc
2075 4314 2140 4374 in
2182 4314 2370 4377 rebus

884 4416 1276 4491 occupantur
1321 4408 1556 4471 divinis
1597 4429 1672 4472 ac
1710 4410 1943 4472 Christi
1983 4412 2275 4491 negotiiS,
2309 4422 2373 4475 et

885 4514 1096 4569 tamen
1127 4506 1250 4569 sibi
1281 4506 1436 4588 ipsis
1469 4506 1800 4588 praemium
1829 4508 2294 4591 adipiscuntur.

983 4603 1289 4685 Denique,
1340 4604 1644 4685 quoniam
1690 4606 1816 4668 duo
1862 4606 2105 4669 homini
2158 4608 2223 4669 in
2273 4609 2369 4671 vi-

885 4710 948 4764 ta
981 4703 1100 4765 ista
1131 4702 1529 4780 incumbunt,
1564 4703 1862 4767 videlicet
1891 4705 2370 4787 impedimentis

885 4820 1015 4864 suae
1059 4801 1282 4863 salutis
1325 4802 1638 4877 resistere,
1684 4810 1747 4864 et
1787 4822 1916 4865 suae
1951 4803 2370 4867 beatitudinis

883 4899 1290 4961 accommoda
1343 4898 1590 4980 operari
1643 4916 1656 4960 :
1709 4899 1872 4977 ide0,
1924 4910 2237 4981 quantum
2290 4904 2370 4965 ad

883 4997 1184 5078 primum,
1237 5006 1562 5079 comparat
1611 4998 1810 5060 vitam
1854 4999 2200 5063 humanam
2253 5002 2373 5063 mi—

883 5096 1058 5172 litiae,
1109 5096 1296 5177 cujus
1351 5104 1446 5159 est
1502 5095 1794 5158 hostibus
1851 5098 2024 5180 pacis
2081 5117 2373 5163 occurre-

881 5215 990 5269 re;
1042 5201 1352 5276 quantum
1401 5213 1547 5256 vero
1587 5194 1664 5255 ad
1723 5197 2095 5273 secundum,
2142 5198 2368 5261 diebus

880 5291 1281 5368 mercenarii,
1312 5292 1496 5373 cujus
1540 5301 1636 5354 est
1667 5293 1848 5355 utilia
1890 5314 2020 5357 suae
2058 5297 2367 5360 mercedis

2481 3134 2864 3214 dantiusque
2892 3140 3307 3195 munerentur
3338 3133 3400 3195 in
3433 3134 3615 3196 coelo.

2561 3232 2797 3295 Deinde
2827 3231 3049 3294 beatus
3075 3230 3191 3293 Job
3218 3230 3477 3293 adducit
3506 3231 3969 3295 similitudines

2480 3332 2560 3393 ad
2602 3329 2923 3413 praedicta.
2959 3330 3261 3411 Exempla
3292 3328 3463 3392 enim
3502 3330 3569 3391 in
3612 3330 3971 3395 moralibus

2483 3447 2609 3511 quo
2640 3428 3123 3511 particulariora
3160 3448 3233 3491 ac
3267 3428 3556 3510 planiora
3584 3428 3969 3505 exstiterint,

2482 3547 2557 3591 eo
2604 3528 2749 3609 plus
2800 3526 3145 3589 instruunt.
3198 3526 3453 3590 Moralia
3510 3528 3751 3610 quippe
3796 3528 3973 3591 circa

2483 3624 2889 3708 particularia
2930 3633 3282 3701 versantur,
3315 3645 3511 3706 quum
3553 3643 3739 3706 agere
3768 3634 3833 3688 et
3860 3645 3975 3709 pa·

2482 3724 2529 3785 ti
2578 3724 2707 3785 sint
2754 3722 3251 3806 suppositorum,
3298 3725 3649 3787 secundum
3685 3724 3974 3789 Philoso-

2483 3822 2703 3904 phum.
2733 3825 2917 3883 Sicut
2944 3824 3193 3882 cervus*
3222 3832 3379 3885 aestu
3406 3821 3695 3886 afflictus
3720 3826 3973 3884 deside-
4027 3848 4047 3867 ·

2482 3932 2587 3982 rac
2619 3923 2938 3990 ambram,
2970 3919 3032 3981 id
3064 3927 3159 3982 est
3190 3920 3399 3983 locum
3428 3919 3967 4001 refrigerativum‚

2482 4038 2611 4100 quo
2641 4026 2784 4101 post
2806 4018 3083 4081 laborem
3106 4028 3169 4082 et
3189 4038 3442 4080 cursum
3474 4020 3780 4100 quiescat,
3800 4020 3974 4083 sicut

2482 4126 2546 4180 et
2594 4136 2820 4181 cervus
2860 4136 2897 4177 a
2944 4116 3322 4179 venantibus
3368 4118 3663 4198 agitatuS,
3704 4117 3971 4181 festinat

2480 4218 2561 4279 ad
2588 4235 2770 4297 aquae
2802 4215 3065 4292 fluenta,
3101 4218 3447 4279 secundum
3480 4216 3639 4279 illud
3673 4217 3911 4279 Psalmi
3952 4236 3967 4279 :

2479 4315 3019 4389 Quemadmodum
3048 4315 3364 4377 desiderat
3392 4334 3616 4378 cervus
3642 4317 3722 4378 ad
3754 4314 3970 4379 fontes

2479 4432 2831 4495 aquarum;
2865 4422 2923 4473 et
2958 4416 3127 4474 sicut
3166 4417 3601 4477 mercenarius
3632 4421 3973 4493 pra-scola-

2479 4522 2590 4573 ταν
2633 4518 2835 4591 finem
2880 4514 3091 4591 operis
3134 4515 3267 4583 sui,
3297 4512 3362 4574 id
3408 4522 3505 4575 est
3545 4533 3785 4577 moram
3836 4534 3971 4595 qua

2480 4631 2667 4672 suum
2723 4610 3100 4691 obsequium
3159 4610 3494 4693 compleat,
3548 4621 3615 4673 ut
3663 4612 3973 4675 sortiatur

2480 4709 2834 4771 mercedem
2864 4733 2879 4783 3
2909 4712 3005 4770 sic
3022 4720 3081 4770 et
3098 4730 3209 4787 eqo
3231 4712 3432 4771 habui
3452 4732 3687 4771 menses
3708 4731 3968 4781 vacuos,

2480 4806 2543 4869 id
2573 4815 2690 4883 est,
2725 4826 2975 4870 menses
3019 4826 3331 4870 annorum
3372 4806 3607 4887 quibus
3638 4806 3790 4885 vixi,
3823 4807 3975 4870 sine

2478 4906 2931 4968 consecutione
2960 4914 3189 4987 optatae
3219 4904 3541 4968 felicitatis
3568 4906 3865 4988 expendi,
3904 4914 3973 4969 et

2477 5001 2834 5066 affectuose
2890 5022 3141 5086 semper
3190 5005 3269 5066 ad
3318 5022 3530 5067 veram
3592 5004 3973 5068 felicitatem

2482 5100 2785 5178 futuram,
2834 5110 3136 5182 tanquam
3179 5103 3257 5164 ad
3300 5104 3633 5183 praemium
3672 5122 3975 5167 consum-

2480 5207 2719 5261 matum
2744 5198 3108 5263 mentaliter
3136 5200 3485 5263 acceleravi
3509 5224 3525 5275 ς
3554 5211 3616 5261 ec
3644 5212 3849 5263 noctes
3882 5206 3973 5263 la·

2478 5300 2756 5359 boriosas
2800 5300 3180 5360 enumeravi
3231 5300 3417 5371 mihi,
3468 5297 3533 5361 id
3580 5308 3694 5377 est,
3745 5309 3969 5363 noctes
