4309 6259
600 3054 711 3099 Gen.
732 3069 818 3109 xix,

554 3119 622 3170 24,
642 3120 710 3162 25.

552 3250 664 3308 Sap.
675 3266 718 3305 x,
732 3255 818 3307 ⁶,7.

857 493 976 555 616

1661 514 2008 560 muniano
2049 514 2111 560 m
2154 514 2290 559 cAP.
2338 514 2532 561 xxvm
2569 515 2695 561 101³.
2740 534 2822 545 -
2861 516 3005 567 ART,
3049 516 3146 561 uv

859 680 926 742 in
976 681 1115 745 loco
1165 681 1615 759 inaccessibili,
1662 683 1939 759 additur,
1986 683 2063 744 Et
2112 683 2344 760 inviOS‚
2376 682 2428 745 A
2461 693 2582 761 tur,
2603 684 2784 765 quasi
2812 685 2876 747 in
2899 684 3048 749 vitri
3071 685 3412 767 puritatem
3431 685 3942 748 convertiturtin

860 779 1014 860 quia
1044 780 1148 843 via
1175 781 1253 842 ad
1284 799 1393 843 eos
1422 800 1549 843 non
1584 790 1756 863 patet
1786 782 1864 843 de
1895 779 2092 844 facili.
2126 782 2218 844 lta
2245 801 2348 844 ex-

854 878 1037 960 ponit
1068 879 1359 941 Thomas,

935 976 1231 1040 Albertus
1269 996 1423 1040 vero
1462 977 1667 1055 aliter,
1704 977 1921 1041 dicens
1958 995 1971 1039 ε
2003 981 2341 1056 Lapidem,

857 1074 1089 1158 inquit,
1124 1078 1453 1153 ealiqinis,
1488 1075 1550 1137 id
1599 1084 1695 1138 est
1745 1076 1809 1137 in
1860 1076 2133 1157 caligine
2163 1078 2345 1158 (puta

855 1173 974 1235 sub
1026 1174 1217 1253 terra)
1263 1182 1504 1251 natum,
1538 1184 1597 1235 et
1638 1178 1935 1235 umbram
1976 1178 2224 1247 mortiS,
2259 1176 2346 1237 vi-

854 1271 1085 1335 delicet
1115 1271 1349 1349 locum,
1382 1271 1481 1335 vel
1524 1272 1800 1336 locatum
1844 1273 1963 1335 sub
2008 1281 2195 1350 terra,
2233 1274 2341 1336 ubi

857 1369 949 1430 nil
983 1369 1130 1432 vitae
1160 1378 1277 1446 est,
1300 1371 1546 1429 dividit
1580 1381 1823 1431 torrens
1851 1372 1929 1432 de
1958 1379 2174 1434 monte
2195 1390 2338 1434 cum

856 1468 1099 1551 impetu
1151 1468 1435 1546 venienS,
1486 1488 1829 1550 secumque
1878 1470 2132 1532 trahens
2184 1470 2343 1552 lapi-

853 1567 987 1641 deS‚
1044 1567 1219 1648 ligna
1274 1575 1337 1629 et
1392 1577 1623 1629 terram
1685 1568 1974 1645 multam,
2027 1587 2141 1649 per
2200 1588 2342 1650 quae

852 1666 1081 1749 obruit·
1104 1675 1167 1729 et
1204 1667 1479 1729 occultat
1521 1675 1820 1748 generata
1858 1668 1923 1730 in
1965 1668 2132 1745 imis,
2167 1690 2207 1727 a
2231 1690 2341 1747 po-

841 1769 1002 1843 pulo
1036 1768 1519 1842 pereyritzante,
1551 1766 1615 1828 id
1658 1775 1755 1829 est
1797 1765 1991 1828 variis
2040 1766 2338 1848 hospitiis

2455 784 2626 864 quod
2657 784 2808 845 dum
2839 782 3164 848 fumosum
3193 784 3449 866 vaporis
3479 792 3782 866 penetrat,
3803 804 3944 865 sap-

2456 882 2626 963 phiri
2677 881 2954 945 colorem
3004 883 3286 945 sortitur.
3336 882 3403 944 ln
3449 882 3679 945 talibus
3727 892 3944 945 autem

2457 980 2612 1043 locis
2665 980 2950 1062 sapphiri
3003 980 3326 1043 multoties
3377 982 3801 1063 reperiuntur.
3855 984 3946 1042 Ec

2449 1081 2646 1156 ylebae
2677 1082 2887 1150 illius,
2919 1079 3217 1143 videlicet
3247 1088 3428 1143 terrae
3459 1079 3796 1157 subversae,
3829 1101 3948 1140 au-

2454 1198 2627 1249 rum,
2662 1177 2724 1239 id
2755 1186 2872 1253 est,
2907 1178 3177 1240 mineria
3215 1178 3356 1241 auri
3395 1188 3512 1254 est,
3543 1179 3714 1260 quod
3751 1196 3947 1258 gene—

2455 1282 2629 1337 ratur
2659 1295 2735 1338 ex
2772 1276 3184 1357 vaporatione
3223 1277 3506 1353 humida,
3543 1276 3814 1339 resoluta
3863 1295 3943 1339 ex

2452 1373 2894 1454 hujuscemodi
2923 1382 3112 1437 terra.
3134 1374 3424 1456 Dicitque
3454 1374 3746 1437 Albertus
3781 1393 3795 1435 :
3829 1374 3942 1437 Ge-

2451 1472 2696 1535 neratio
2726 1474 2866 1534 auri
2897 1482 2992 1535 est
3032 1493 3108 1536 ex
3146 1474 3411 1536 humido
3447 1474 3718 1535 multum
3765 1474 3937 1537 claro

2451 1571 2697 1651 argenti
2745 1572 2899 1650 vivi,
2943 1580 3005 1634 et
3044 1591 3119 1634 ex
3159 1573 3443 1635 terrestri
3491 1572 3736 1635 sulfure
3779 1573 3939 1634 mul-

2449 1676 2584 1729 tum
2635 1670 2942 1750 depurato
2985 1678 3176 1749 atque
3217 1669 3482 1749 digesto,
3515 1671 3686 1751 quod
3717 1670 3937 1751 praeci-

2449 1786 2576 1849 pue
2608 1767 2674 1829 in
2713 1766 2948 1829 talibus
2981 1775 3164 1829 terrae
3189 1767 3395 1848 glebis
3423 1776 3706 1849 apparet.

850 1864 1219 1927 demorante
1251 1864 1315 1925 in
1348 1873 1536 1941 terra,
1570 1865 1790 1946 quales
1830 1865 2152 1947 praecipue
2191 1876 2340 1929 sunt
2374 1865 2421 1927 B
2531 1867 2849 1926 Semitam
2879 1873 3062 1927 terrae
3085 1865 3229 1927 talis
3249 1868 3938 1947 iynoravitavis:quo-

850 1961 962 2042 qui
1013 1962 1417 2025 metallorum
1458 1962 1762 2025 minerias
1807 1972 2139 2044 quaerunt3
2183 1985 2339 2044 quos

849 2058 1093 2141 lapides
1125 2059 1421 2140 caliginis
1451 2063 1685 2121 oblitus
1714 2072 1803 2121 est
1828 2081 1938 2137 pes
1967 2082 2116 2139 eqen
2128 2064 2208 2121 iis
2236 2066 2340 2123 Ιιο-

848 2159 1070 2229 minis,
1112 2158 1262 2237 quia
1307 2176 1413 2220 eos
1460 2158 1729 2237 ignorat,
1774 2159 2192 2240 invenireque
2230 2178 2338 2222 ne-

849 2254 989 2332 scit,
1024 2274 1223 2337 quum
1268 2263 1478 2319 tamen
1526 2257 1605 2319 ob
1647 2256 2061 2337 indigentiam
2095 2267 2339 2339 quaerat

848 2352 1209 2428 thesauros3
1236 2363 1293 2413 et
1318 2356 1551 2425 invios,
1575 2354 1820 2418 scilicet
1846 2355 2115 2436 lapideS,
2133 2357 2246 2437 qui
2275 2366 2338 2419 et

847 2451 1140 2532 caliginis
1173 2452 1414 2534 lapides
1446 2454 1768 2531 dicuntur,
1802 2462 1864 2516 et
1894 2454 2085 2517 etiam
2120 2454 2277 2518 invii
2318 2474 2331 2516 :

846 2552 998 2633 quia
1037 2552 1101 2613 in
1143 2550 1660 2632 profundissimis
1707 2560 1887 2615 terrae
1927 2561 2331 2631 generantur,

847 2659 1106 2733 propter
1134 2650 1296 2731 quod
1328 2670 1365 2712 a
1393 2649 1797 2733 paucissimis
1828 2650 2254 2714 inveniuntur.

935 2750 1129 2809 Terra
1151 2752 1230 2808 de
1254 2770 1383 2828 qua
1406 2750 1733 2808 oriebatur
1754 2752 1968 2825 panis,
1994 2750 2055 2812 id
2082 2760 2178 2813 est
2205 2770 2338 2812 sus-

847 2846 1237 2908 tentaculum
1288 2846 1458 2922 vitae,
1501 2864 1613 2907 seu
1659 2845 1907 2910 fructus
1956 2848 2034 2910 de
2081 2866 2210 2929 quo
2258 2847 2338 2910 fit

848 2943 1053 3027 panis,
1088 2946 1161 3004 in
1196 2948 1323 3003 loco
1354 2964 1493 3014 suc,
1518 2946 1663 3021 iyni
1689 2948 1989 3005 subversa
2018 2957 2107 3007 esi
2128 2966 2151 3008 .·
2171 2947 2338 3026 sicut

2450 1962 2623 2024 niam
2645 1982 2793 2025 aves
2815 1972 3048 2025 terram
3070 1964 3434 2045 hujusmodi
3458 1964 3663 2028 vitant
3681 1974 3941 2047 propter

2449 2061 2613 2123 aeris
2663 2062 3138 2143 corruptionem
3189 2071 3251 2125 et
3299 2062 3565 2125 sulfuris
3609 2064 3939 2126 abundan-

2446 2160 2624 2237 tiam,
2677 2168 2940 2242 propter
2989 2180 3131 2241 quae
3181 2161 3248 2223 in
3297 2182 3371 2225 ea
3417 2180 3547 2224 non
3602 2162 3938 2225 inveniunt

2448 2260 2658 2323 locum
2691 2258 2975 2321 alimenti
3005 2268 3116 2321 aut
3145 2278 3438 2339 congruae
3459 2259 3933 2324 nidificationis.

2449 2360 2581 2421 Nec
2609 2361 2896 2419 intuitus
2923 2369 3013 2419 est
3041 2378 3180 2420 eam
3209 2364 3430 2419 oculus
3453 2362 3764 2431 vulturis,
3785 2361 3932 2441 quia

2448 2458 2604 2522 vitat
2635 2457 2923 2519 eamdem
2953 2474 2966 2519 :
2993 2457 3106 2537 qui
3139 2466 3347 2519 tamen
3379 2478 3414 2518 a
3447 2458 3705 2521 remotis
3738 2459 3934 2521 intue-

2446 2563 2571 2616 tur.
2605 2554 2851 2636 Allegat
2883 2574 3159 2636 namque
3187 2555 3485 2618 Albertus
3515 2556 3925 2633 Avicennam,

2445 2654 2762 2716 dicentem
2814 2661 2989 2716 sexto
3033 2654 3110 2715 de
3153 2654 3578 2733 NaturalibuS,
3610 2657 3782 2737 quod
3812 2658 3930 2734 (se-

2446 2752 2728 2815 cundum
2781 2752 3153 2833 opinionem
3213 2754 3661 2835 quorumdam)
3705 2754 3926 2818 oculus

2448 2849 2722 2915 vulturis
2754 2850 2829 2911 ad
2862 2850 3245 2932 quingentas
3277 2851 3486 2913 leucas
3515 2853 3823 2916 cadavera
3843 2854 3929 2915 vi-

2446 2948 2574 3010 det.
2610 2947 2824 3028 Aliqui
2873 2955 3080 3011 textus
3125 2948 3381 3025 habent,
3423 2948 3649 3012 Oculos
3686 2959 3793 3013 :et
3843 2952 3929 3015 ita

848 3042 915 3104 in
945 3042 1171 3104 Genesi
1209 3042 1289 3104 de
1327 3041 1743 3106 subversione
1780 3043 2139 3125 Pentapolis
2185 3045 2338 3126 legi·
2372 3044 2415 3107 C
2448 3046 2600 3126 legit
2629 3046 2989 3127 GregoriuS,
3024 3046 3136 3127 qui
3169 3047 3360 3109 etiam
3387 3046 3643 3128 accipit,
3670 3048 3840 3126 Avis,
3861 3059 3930 3111 ut

846 3148 969 3217 tur,
989 3159 1131 3222 quae
1152 3140 1299 3219 igne
1325 3148 1388 3202 et
1416 3139 1664 3203 sulfure
1694 3148 1789 3203 est
1819 3141 2336 3207 subversa.Unde

847 3238 913 3300 in
948 3238 1110 3301 libro
1143 3238 1481 3321 Sapientiae
1516 3240 1816 3302 scribitur
1852 3256 1865 3301 :
1903 3241 2334 3305 Descendente

846 3337 991 3417 igne
1024 3338 1090 3399 in
1117 3337 1528 3420 Pentapolim,
1547 3338 1779 3419 quibus
1804 3338 1869 3400 in
1896 3339 2331 3403 testimonium

842 3436 1146 3517 nequitiae
1178 3435 1635 3517 fumigabunda
1665 3444 1911 3498 constat
1941 3445 2105 3499 terra
2127 3438 2334 3501 deser-

842 3542 926 3595 ta.
976 3533 1238 3615 Insuper
1286 3553 1453 3615 saepe
1500 3533 1833 3614 contingit,
1880 3542 1952 3595 ut
1998 3533 2116 3596 sub
2163 3542 2331 3598 terra

840 3631 1177 3694 habitabili
1206 3641 1399 3714 atque
1418 3631 1643 3695 arabili
1676 3632 1915 3695 lateant
1934 3652 2111 3696 venae
2133 3633 2330 3695 sulfu—

840 3748 983 3807 reae,
1020 3750 1095 3793 ex
1125 3730 1359 3811 quibus
1390 3730 1734 3811 aliquando
1765 3730 2132 3793 accenditur
2161 3732 2327 3812 ignis

839 3847 952 3911 per
982 3829 1242 3891 modum
1274 3828 1530 3910 vaporis
1572 3827 1743 3890 infra
1779 3838 2008 3891 terram
2051 3829 2322 3905 inclusi;

838 3925 1046 4007 fitque
1076 3935 1258 3989 terrae
1297 3934 1529 4004 motuS,
1563 3934 1796 3989 terram
1842 3926 2016 3989 illam
2066 3928 2329 3992 subver-

838 4033 976 4088 tens
996 4034 1061 4088 et
1086 4024 1569 4088 inhabitabilem
1602 4043 1805 4105 agens.
1824 4024 1924 4088 Sic
1946 4034 2009 4087 et
2027 4026 2106 4089 de
2128 4027 2326 4108 igneis

835 4124 937 4186 vel
989 4122 1292 4185 sulfureis
1351 4122 1507 4186 locis
1556 4142 1666 4185 seu
1717 4123 2045 4187 montibus
2096 4124 2327 4189 Siciliae

2429 3153 2541 3209 est
2575 3144 2844 3225 genitivi
2877 3164 3082 3208 casus.
3119 3144 3348 3226 Sicque
3386 3164 3608 3208 sensus
3647 3155 3744 3209 est
3777 3166 3790 3208 :
3827 3148 3930 3211 Se·-

2443 3243 2664 3305 mitam
2699 3243 3014 3323 ignoravit
3041 3243 3198 3319 avis,
3237 3244 3300 3305 id
3330 3252 3443 3319 est,
3469 3251 3638 3306 terra
3670 3245 3756 3307 ita
3785 3246 3932 3308 sub-

2443 3360 2646 3418 versa,
2669 3350 2926 3423 experta
2955 3360 3082 3404 non
3115 3351 3210 3404 est
3239 3342 3496 3404 semitas
3524 3343 3932 3425 avium,quia

2443 3458 2571 3502 non
2614 3439 2832 3502 volant
2867 3457 2979 3519 per
3023 3458 3204 3515 eam3
3249 3458 3365 3502 nec
3405 3440 3675 3502 intuitus
3713 3450 3831 3518 est,
3864 3442 3927 3504 id

2441 3546 2558 3613 est,
2581 3536 2796 3599 nullus
2827 3537 2892 3599 in
2915 3558 2988 3601 ea
3018 3538 3202 3616 vidit,
3221 3538 3438 3602 oculos
3468 3539 3924 3605 vulturis.Non

2439 3641 2852 3697 calcaverunt
2899 3658 3042 3698 eam
3085 3639 3221 3713 filii
3267 3638 3667 3707 institorum,
3701 3638 3764 3700 id
3805 3648 3920 3715 est,

2441 3734 2864 3814 negotiatores
2907 3734 3029 3795 filii
3073 3734 3536 3815 negotiatorum
3576 3736 3766 3798 talem
3804 3745 3925 3800 ter-

2439 3851 2571 3893 ram
2623 3832 2948 3907 devitant3
2999 3853 3114 3894 nec
3151 3834 3580 3910 pertransivit
3618 3853 3740 3911 per
3784 3856 3925 3896 eam

2439 3935 2664 4002 leoena,
2694 3932 2988 4012 quamvis
3020 3951 3134 4013 per
3162 3931 3410 3995 diversa
3441 3931 3732 3994 decurrat
3772 3953 3925 4015 prae-

2437 4029 2582 4090 dam
2611 4030 2972 4110 quaerendo.

2517 4131 2625 4189 Ad
2653 4130 2920 4201 silicem,
2955 4128 3020 4190 id
3060 4136 3158 4191 est
3198 4129 3273 4189 ad
3320 4128 3458 4191 loca
3500 4146 3738 4206 saxosa,
3773 4130 3925 4213 lapi-

836 4222 1053 4295 fertur,
1071 4222 1383 4303 quomodo
1410 4230 1639 4284 terram
1669 4221 1946 4285 vicinam
1978 4221 2325 4286 infertilem
2361 4225 2410 4286 D
2439 4226 2754 4307 dososque
2803 4236 3071 4303 monteS,
3107 4229 3396 4287 extendit
3434 4227 3596 4289 Deus
3629 4247 3920 4300 manum,

836 4320 1094 4382 faciant.
1146 4319 1305 4394 Quid
1355 4328 1567 4382 autem
1618 4320 1935 4397 utilitatis,
1990 4321 2325 4386 ordinante
2438 4323 2503 4385 id
2559 4333 2655 4385 est
2713 4332 3120 4406 potestatem,
3182 4345 3395 4394 suam,
3453 4326 3776 4405 operando
3835 4326 3923 4389 ibi

834 4417 944 4479 Dei
990 4418 1324 4499 sapientia,
1361 4417 1509 4481 inde
1549 4418 1902 4499 proveniat,
1938 4419 2175 4481 subdit.
2210 4425 2326 4482 Lo·
2437 4421 2806 4502 magnifica,
2845 4422 3008 4485 sicut
3049 4422 3482 4503 subjungitur.
3521 4424 3852 4484 snbvertit
3881 4446 3920 4484 a

833 4536 943 4576 cus
990 4518 1289 4595 sapphiri
1347 4519 1594 4594 lapides
1640 4519 1804 4594 ejus,
1852 4516 1915 4578 id
1974 4526 2090 4594 est,
2146 4518 2322 4581 locus
2435 4522 2764 4581 radicibus
2795 4532 3052 4589 montes,
3071 4520 3132 4582 id
3163 4528 3276 4597 est,
3300 4519 3588 4582 funditus
3620 4539 3727 4583 eos
3757 4540 3921 4584 ever-

830 4613 1259 4694 generationis
1291 4614 1600 4697 sapphiri,
1622 4623 1717 4677 est
1746 4615 1911 4677 inter
1940 4615 2192 4698 lapillos
2214 4617 2323 4679 hu·
2434 4616 2510 4677 tit
2537 4625 2728 4699 atque
2762 4619 3072 4681 destruxit
3106 4636 3120 4679 ε
3157 4618 3324 4698 quod
3356 4617 3608 4700 plenius
3643 4620 3920 4701 superio-

829 4713 1108 4793 jusmodi
1140 4721 1342 4776 terrae.
1368 4712 1459 4775 [bi
1488 4713 1661 4776 enim
1689 4713 2041 4794 gignuntur
2071 4716 2319 4797 sapphi-
2433 4714 2487 4775 ri
2517 4717 2814 4779 recordor
2853 4716 2992 4780 loco
3035 4716 3414 4798 expositum,
3448 4734 3575 4797 quo
3625 4716 3910 4795 habetur,

829 4810 905 4873 ri.
943 4811 1293 4892 Siquidem,
1342 4811 1898 4894 superabundante
1944 4812 2175 4891 calore,
2223 4834 2319 4877 re-
2429 4811 2544 4886 Qui
2578 4814 2899 4876 transtulit
2927 4822 3268 4890 monteS‚et
3291 4815 3651 4878 nescierunt
3669 4815 3734 4876 hi
3757 4834 3911 4897 quos
3957 4839 4156 4889 Jobms.

828 4910 1177 4974 solutiones
1232 4918 1361 4972 tam
1421 4910 1605 4973 siccae
1661 4930 1852 4991 quam
1884 4912 2190 4975 humidae
2238 4914 2315 4976 ad
2428 4911 2760 4975 subvertit.
2798 4916 2878 4975 In
2899 4916 3108 4991 petris
3135 4916 3308 4973 rivos
3347 4916 3611 4975 excidit.
3646 4914 3773 4976 Hoc
3815 4934 3911 4976 su-

828 5026 1121 5089 magnam
1152 5008 1571 5087 digestionem
1602 5008 2004 5090 perveniunt,
2027 5019 2095 5072 ut
2114 5030 2191 5073 ex
2222 5011 2313 5073 eis
2425 5013 2914 5093 pernaturaliter
2960 5012 3112 5077 fecit
3150 5013 3311 5075 Deus
3357 5012 3456 5075 bis
3497 5031 3613 5094 per
3661 5013 3908 5095 Moysen
3948 5035 4176 5081 &omn-n.
4282 5078 4283 5089 ,

825 5106 1041 5188 aliqua
1090 5107 1388 5188 pretiosa,
1424 5114 1491 5168 ut
1534 5106 1779 5188 lapides
1824 5115 1887 5167 et
1929 5108 2186 5171 metalla
2227 5110 2314 5189 gi·
2425 5110 2490 5171 in
2541 5112 2810 5188 descrt0,
2847 5119 2927 5177 ut.
2955 5110 3186 5189 legitur
3224 5111 3288 5172 in
3330 5111 3544 5173 Exodo
3581 5120 3645 5173 ct
3684 5112 3748 5173 in
3788 5112 3908 5175 Nu—
3933 5099 4174 5205 fjjvmu'

822 5213 1117 5283 gnantur.
1155 5204 1313 5267 Hinc
1350 5205 1440 5267 ait
1477 5204 1773 5267 Albertus
1810 5222 1823 5265 :
1858 5206 2017 5267 Dum
2059 5206 2205 5286 igne
2241 5207 2311 5269 li-

824 5301 1228 5382 quefaciente
1276 5302 1633 5380 mineriam,
1682 5302 2014 5365 humidum
2067 5304 2309 5385 eliqua·
2420 5308 2609 5372 vertit
2642 5316 2884 5389 petram
2917 5308 2981 5368 in
3013 5316 3234 5389 stagna
3263 5326 3592 5388 aquarum,
3619 5316 3682 5371 et
3713 5328 3900 5392 rupes

2421 5208 2635 5271 meriS.
2677 5209 2853 5272 Unde
2903 5208 3105 5271 fertur
3152 5207 3219 5270 in
3267 5208 3512 5272 Psalmo
3549 5210 3714 5283 :Qui
3761 5229 3906 5274 con·
3946 5234 4171 5276 Ριαιιιε.
4282 5278 4283 5299 ἢ
