4309 6259
577 889 611 932 11
625 889 732 933 Par.
744 903 838 933 xvn.

624 1182 746 1227 Ibid.
766 1198 836 1237 xv,

577 1248 641 1297 14,
656 1250 721 1299 ¹53
739 1262 836 1299 xvn,

573 1310 663 1361 ⁷-⁹;
679 1324 764 1363 xix,
781 1314 822 1354 4.

863 490 982 555 234
1266 510 1614 556 imminuo
1655 512 1718 556 m
1760 511 1896 557 CAP.
1942 512 2026 557 XX
2069 512 2229 557 unm
2270 512 2523 558 summm
2564 512 3093 560 PARAmoussNON.
3139 533 3220 544 —
3258 514 3401 560 ΛΒΤ.
3444 514 3533 559 11

865 678 982 741 tris
1012 680 1110 742 sui
1133 681 1276 741 Asa.
1320 683 1767 742 Verumtamen
1788 686 2034 742 excelsa
2069 703 2199 743 non
2220 684 2355 744 abs·
2381 680 2432 742 A
2460 682 2527 744 in
2559 683 2968 764 Asiongaber,
3003 685 3067 747 id
3098 694 3195 747 est
3234 685 3299 747 in
3330 704 3505 747 mare
3532 693 3596 747 et
3627 684 3693 745 in
3726 685 3939 747 locum

870 781 1041 839 tulit.
1082 778 1255 852 Quod
1300 780 1577 862 qualiter
1616 781 2099 862 intelligendum
2146 782 2249 860 sit,
2286 783 2352 844 in
2459 780 2639 844 illum
2670 781 2849 861 juxta
2878 802 3053 846 mare
3084 783 3387 860 Rubrum,
3422 783 3708 846 contritae
3738 792 3888 844 sunt
3922 802 3937 845 ε

869 877 1264 959 expositione
1295 880 1694 962 superiorum
1726 890 1820 943 est
1851 900 2241 963 expressum.
2274 885 2354 942 Ec

867 979 1082 1037 adhuc
1107 984 1384 1057 populus
1413 999 1540 1041 non
1560 982 1891 1041 direxerat
1919 1001 2237 1042 corsuum
2265 984 2355 1041 ad

864 1079 1220 1138 Dominum
1250 1080 1456 1139 Deum
1477 1090 1749 1156 patrum
1777 1100 2063 1141 suorum.
2086 1080 2223 1141 Jam
2246 1081 2355 1141 ha-

864 1173 1069 1237 bitum
1119 1184 1216 1239 est
1261 1195 1454 1258 supra
1495 1176 1560 1239 in
1610 1178 1878 1242 diversis
1927 1178 2227 1260 capitulis
2274 1179 2353 1241 de

863 1274 1090 1354 grandi
1117 1275 1474 1337 Judaeorum
1507 1276 1845 1339 devotione
1887 1277 1965 1338 ad
1995 1277 2191 1340 Deum
2234 1276 2351 1338 sub

863 1374 986 1436 Asa
1015 1383 1078 1437 et
1104 1375 1423 1456 Josaphat,
1459 1376 1577 1438 sub
1619 1376 1857 1458 quibus
1900 1385 2353 1458 percusserunt

865 1472 1076 1535 foedus
1113 1492 1260 1536 cum
1293 1474 1582 1553 Domine,
1623 1484 1686 1537 et
1735 1475 1802 1539 in
1841 1483 1974 1539 toto
2016 1476 2207 1539 corde
2236 1493 2352 1538 suo

863 1572 1130 1635 Domino
1176 1572 1573 1652 juraverunt,
1625 1592 1902 1655 eumque
1941 1574 2346 1637 invenerunt.

862 1671 1100 1735 Deinde
1143 1691 1256 1753 per
1293 1671 1538 1753 jejunia
1581 1682 1644 1735 et
1689 1672 2030 1749 orationes,
2068 1692 2180 1754 per
2220 1673 2355 1735 lau-

835 1771 996 1845 ·deS‚
1033 1769 1355 1833 sacrificia
1403 1781 1467 1833 et
1502 1772 1846 1850 gratiarum
1891 1771 2173 1834 actiones
2221 1790 2353 1835 ere-

867 1876 1096 1931 xerunt
1125 1871 1315 1932 corda
1357 1889 1471 1932 sua
1513 1870 1590 1932 ad
1637 1870 1995 1933 Dominum.
2023 1869 2353 1943 Quomodo
2391 1865 2436 1925 B
2464 1866 2634 1928 libus
2664 1875 2773 1928 aut
2806 1866 2886 1929 ab
2926 1866 3363 1930 invisibilibus
3408 1868 3697 1931 hostibus
3742 1867 3951 1931 immi-

633 3465 650 3484 ·
678 3464 826 3509 verbis

868 1986 1019 2048 ergo
1069 1987 1240 2030 nunc
1299 1968 1554 2045 dicitur,
1606 1970 1778 2050 quod
1825 1968 2100 2050 populus
2145 1970 2356 2032 adhue

871 2084 998 2128 non
1041 2065 1272 2128 direxit
1315 2085 1423 2129 cor
1462 2086 1658 2128 suum·
1692 2067 1770 2128 ad
1814 2066 2199 2129 Dominum?
2244 2067 2356 2129 Re-

871 2166 1241 2246 spondetur,
1275 2165 1447 2247 quod
1493 2165 1612 2229 hoc
1656 2166 1890 2228 dicitur
1917 2166 1995 2227 ad
2029 2165 2357 2227 insinuan-

867 2264 1016 2325 dum
1051 2264 1390 2345 quamdam
1423 2282 1642 2327 eorum
1677 2262 2249 2345 imperfectionem,
2272 2264 2359 2325 ita

865 2362 1036 2443 quod
1083 2380 1208 2423 non
1254 2362 1616 2425 direxerunt.
1655 2380 1764 2423 cor
1813 2381 1998 2423 suum
2039 2362 2116 2423 ad
2161 2362 2355 2423 Deum

867 2459 1183 2522 stabiliter
1231 2469 1294 2522 et
1341 2458 1644 2541 perfecte,
1692 2459 1994 2541 quoniam
2047 2459 2234 2520 multi
2284 2478 2361 2521 ex

869 2559 962 2621 eis
994 2559 1200 2621 adhuc
1230 2568 1451 2621 contra
1482 2558 1637 2638 legis
1681 2566 2068 2639 pracceptum
2116 2556 2362 2620 obtule-

869 2666 1019 2720 runt
1063 2656 1385 2720 sacrificia
1415 2658 1541 2720 Deo
1568 2656 1725 2719 alibi
1758 2676 1949 2738 quam
1996 2656 2060 2717 in
2095 2657 2356 2738 templo.

869 2756 1182 2819 Videntur
1214 2764 1424 2818 tamen
1448 2757 1720 2837 quadam
1745 2756 2220 2836 dispensatione
2251 2775 2359 2817 seu

873 2854 1295 2937 permissione
1329 2855 1394 2916 in
1437 2855 1555 2918 hoc
1601 2854 1742 2937 ipso
1781 2842 2066 2917 excusari
2099 2874 2135 2916 a
2176 2854 2365 2936 culpa

873 2954 1142 3016 mortali.
1169 2954 1320 3016 Nam
1344 2953 1527 3015 multi
1558 2953 1716 3035 justi
1738 2971 1915 3033 reges
1938 2953 2367 3036 permiserunt

2458 890 2521 943 et
2548 890 2832 963 apparet,
2851 883 3023 963 quod
3044 882 3279 945 classes
3294 882 3576 945 Ochoziae
3598 882 3773 944 ibant
3790 902 3943 944 cum

2457 979 2769 1042 classibus
2786 981 3106 1063 Josaphat.
3122 984 3517 1059 Prophecavi
3522 992 3542 1041 ι
3570 993 3784 1041 autem
3804 984 3947 1044 Eli-

2456 1099 2599 1138 επεν
2624 1081 2809 1155 filius
2838 1082 3069 1140 Dodau
3107 1082 3186 1139 de
3206 1083 3484 1151 Marem,
3506 1084 3594 1141 ad
3611 1081 3945 1157 Josaphat,

2454 1178 2675 1237 dicens
2712 1198 2736 1237 .·
2771 1180 2939 1246 Quia
2982 1180 3272 1238 habuisti
3310 1180 3525 1255 foedus
3568 1198 3713 1238 cum
3760 1180 3947 1239 Ocho·

2458 1276 2591 1346 zia,
2616 1277 2934 1352 percussit
2962 1278 3281 1337 Dominus
3316 1296 3511 1354 opera
3540 1286 3677 1347 tua,
3707 1279 3945 1337 contri-

2462 1383 2661 1453 toeque
2706 1384 2859 1435 sunt
2906 1395 3123 1447 naves,
3174 1395 3291 1436 nec
3330 1385 3681 1453 potuerunt
3724 1378 3821 1435 ire
3868 1378 3945 1436 in

2465 1474 2744 1533 Tharsis.

2555 1569 2868 1632 Moraliter
2916 1590 2993 1633 ex
3040 1570 3164 1634 isto
3212 1571 3495 1653 capitulo
3542 1572 3945 1634 instruuntur

2458 1668 2824 1746 Christiani,
2860 1670 3136 1751 qualiter
3166 1670 3231 1733 in
3262 1670 3437 1733 omni
3472 1679 3600 1732 tam
3630 1669 3939 1753 corporali

2460 1786 2653 1848 quam
2685 1768 3001 1849 spirituali
3044 1768 3377 1846 conflictu,
3408 1769 3501 1831 eis
3531 1769 3633 1833 vel
3662 1789 3701 1832 a
3724 1768 3947 1833 visibi-

2465 1974 2678 2042 nente,
2704 1965 2977 2029 debeant
2997 1985 3065 2029 se
3094 1966 3350 2030 habere.
3370 1967 3607 2049 Nempe
3627 1966 3952 2049 principes

2466 2084 2681 2146 pugna
2719 2065 3030 2146 corporali
3078 2065 3171 2128 eis
3218 2066 3514 2142 instante,
3550 2084 3676 2129 non
3716 2067 3957 2129 debent

2469 2163 2880 2225 immoderate
2912 2164 3155 2241 timere,
3190 2166 3299 2227 sed
3335 2184 3404 2227 se
3436 2173 3602 2227 totos
3638 2166 3713 2227 ad
3746 2164 3957 2227 Domi-

2468 2281 2621 2324 num
2666 2262 3053 2324 exorandum
3100 2261 3414 2341 conferre,
3457 2263 3523 2324 in
3569 2264 3709 2345 ipso
3746 2262 3959 2326 consi-

2470 2362 2640 2436 dere,
2689 2359 2981 2422 subditos
3022 2379 3169 2423 suos
3218 2380 3331 2443 per
3370 2380 3437 2424 se
3482 2370 3546 2425 et
3592 2361 3957 2443 spirituales

2468 2460 2641 2523 viros
2691 2458 2953 2535 hortari,
3004 2466 3075 2520 ut
3121 2460 3318 2521 vitam
3370 2480 3547 2522 suam
3600 2460 3663 2523 in
3704 2461 3957 2523 cunctis

2469 2558 2831 2632 emendent,
2864 2557 3261 2620 orationibus
3300 2568 3363 2620 et
3396 2558 3658 2639 jejuniis
3703 2568 3951 2623 vacent.

2470 2654 2839 2736 Specialiter
2870 2673 3019 2717 vero
3050 2674 3087 2716 a
3106 2655 3421 2735 religiosis
3440 2665 3507 2719 et.
3523 2658 3692 2719 clero
3720 2657 3961 2720 debent

2470 2752 2829 2815 orationum
2878 2761 2941 2815 et
2989 2752 3315 2816 Missarum
3368 2755 3689 2836 postulare
3726 2754 3959 2818 suffra-

2470 2851 2595 2931 gia,
2630 2860 2692 2913 et
2723 2851 3018 2913 ordinare
3059 2860 3127 2913 ut
3159 2852 3460 2933 psalteria
3498 2862 3559 2915 et
3590 2853 3821 2917 litaniae
3867 2854 3961 2917 le—

2472 2958 2724 3029 gantur,
2768 2949 2966 3012 Missae
3002 2950 3406 3013 celebrentur
3444 2952 3953 3035 quamplurimae,

877 3053 996 3115 hoc
1032 3051 1200 3127 fieri,
1235 3052 1388 3134 quia
1422 3072 1458 3115 a
1490 3051 1717 3115 diebus
1746 3051 2038 3115 Judicum
2073 3060 2135 3114 et
2170 3051 2366 3115 David
2402 3046 2445 3109 C
2477 3048 3043 3130 processionesque
3106 3049 3288 3111 fiant.
3340 3048 3515 3123 Quod
3572 3050 3626 3113 si
3684 3051 3963 3115 viderint

877 3172 950 3216 ac
982 3152 1337 3215 Salomonis
1366 3161 1544 3214 erant
1574 3150 1917 3215 assuefacti
1948 3151 2014 3213 in
2047 3152 2188 3213 hoc.

957 3253 1236 3331 Reliqua
1263 3262 1478 3311 autem
1501 3260 1826 3327 ¹qestorum
1842 3253 2177 3329 Josaphat,
2196 3252 2371 3328 prio—

879 3371 1025 3412 rum
1058 3360 1118 3411 σι
1160 3352 1684 3417 novissi-morum,
1712 3351 1953 3427 scripta
1994 3360 2146 3409 sunt
2190 3351 2261 3408 in
2293 3350 2373 3406 li-

883 3450 1046 3509 bris*
1075 3453 1240 3511 Jelm
1269 3452 1403 3526 filii
1421 3450 1718 3517 Hanani,
1742 3468 1884 3526 quae
1902 3449 2167 3524 diyessit
2198 3450 2266 3506 ire
2303 3449 2374 3506 li-

883 3551 990 3608 bro
1013 3552 1258 3625 Requm
1281 3551 1505 3608 Israel.
1531 3550 1683 3608 Post
1703 3546 1835 3606 lucc
1865 3548 2023 3607 iniit
2043 3547 2373 3606 amicicias

880 3650 1186 3724 Josaphat
1227 3667 1344 3706 νεα)
1370 3648 1572 3715 Juda,
1603 3665 1750 3704 cum
1791 3646 2068 3707 ochozia
2105 3666 2251 3722 reye
2282 3648 2375 3705 Is—

883 3753 1047 3817 rael,
1080 3745 1273 3808 fratre
1302 3744 1517 3806 uxoris
1553 3742 1676 3804 filii
1709 3743 1831 3817 sui,
1867 3742 2109 3805 scilicet
2138 3743 2370 3814 Joram,

884 3848 1073 3924 cujus
1101 3866 1293 3924 opera
1322 3845 1594 3921 fuerunt
1627 3844 2056 3919 impiissima,·
2082 3852 2141 3902 et
2167 3843 2378 3918 parti-

885 3966 1024 4023 ceps
1051 3946 1209 4022 fuit,
1240 3954 1314 4003 ¹uc
1357 3946 1643 4020 facerent
1686 3962 1880 4001 naves
1909 3962 2050 4020 qum
2093 3943 2266 4000 irent
2304 3942 2377 4000 in

895 4046 1166 4107 Tharsis.
1201 4047 1631 4121 Feceruntque
1660 4044 1922 4101 classem
1963 4042 2032 4099 in
2064 4041 2380 4116 Asionya-

889 4145 1015 4203 ber.
1050 4140 1300 4222 Sicque,
1348 4138 1882 4220 quemadmodum
1929 4137 2051 4198 Asa
2089 4138 2259 4199 circa
2303 4136 2378 4197 l'i-

2476 3147 2873 3211 adversarios
2920 3166 3068 3210 suos
3113 3148 3416 3212 exsistere
3463 3147 3777 3225 fortioreS‚
3810 3170 3959 3212 cum

2478 3246 2655 3309 omni
2701 3246 3062 3308 humililate
3112 3245 3450 3325 fateantur,
3492 3248 3773 3311 dicentes
3814 3264 3829 3309 ε
3880 3254 3957 3311 In

2482 3347 2684 3415 nobis,
2720 3364 2757 3408 o
2794 3344 3080 3421 Domine,
3117 3366 3242 3406 non
3278 3357 3368 3407 est
3404 3358 3585 3409 tanta
3615 3350 3959 3425 fortitude,

2482 3454 2554 3505 ut
2565 3446 2886 3522 possimus
2906 3446 3325 3505 multitudini
3344 3465 3533 3527 super
3556 3465 3670 3509 nos
3696 3447 3963 3511 irruenti

2481 3544 2805 3615 resistere,·
2824 3546 2935 3603 sed
2962 3563 3163 3621 quum
3196 3546 3559 3621 iquoremus
3586 3548 3747 3625 quid
3777 3568 3967 3624 ayere

2480 3644 2843 3710 debeamus,
2874 3644 2988 3702 lzoc
3018 3645 3225 3702 solum
3259 3645 3558 3705 habemus
3588 3648 3857 3715 residui,
3892 3657 3967 3705 ut

2482 3744 2692 3800 oculos
2720 3750 2963 3799 nostros
2988 3742 3358 3817 dirigamus
3380 3745 3468 3802 ad
3492 3753 3568 3803 te.
3594 3743 3876 3824 Denique
3896 3744 3965 3805 in

2484 3837 2802 3921 spirituali
2835 3836 3141 3901 conflictu
3173 3838 3535 3901 constitutis
3562 3850 3785 3903 contra
3808 3841 3971 3904 invi·

2486 3938 2705 4001 sibiles
2733 3937 3025 4001 inimicos
3056 3937 3241 4000 nobis
3265 3938 3645 4017 callidioreS,
3676 3939 3971 4004 fortiores

2488 4058 2559 4100 ac
2610 4038 2847 4118 plureS,
2885 4036 3053 4097 istud
3100 4036 3429 4117 potissime
3475 4046 3568 4099 est
3606 4038 3967 4115 dicendum,

2490 4134 2839 4217 praesertim
2871 4135 3022 4196 dum
3043 4134 3275 4197 acriter
3294 4134 3741 4216 impugnamur
3764 4155 3779 4197 ε
3806 4146 3977 4199 tunc—

893 4260 1037 4303 nem
1071 4239 1217 4303 vitae
1247 4258 1377 4300 suae
1422 4238 1484 4298 in
1532 4236 1916 4318 quibusdam
1962 4235 2251 4308 excessit,
2287 4234 2377 4296 ita
2415 4239 2464 4300 D
2490 4253 2616 4315 que
2646 4253 2787 4295 cum
2832 4232 3006 4295 omni
3056 4230 3295 4294 fiducia
3342 4242 3405 4295 et
3443 4231 3693 4296 fervore
3738 4234 3975 4297 clame-

893 4348 954 4401 et
982 4338 1296 4419 Josaphat,
1321 4337 1532 4397 minus
1565 4343 1775 4397 tamen
1807 4354 1997 4415 quam
2028 4335 2173 4395 Asa.
2196 4333 2381 4395 Puni—

2490 4352 2632 4393 mus
2650 4333 2729 4393 ad
2750 4331 3102 4407 Dominum,
3119 4331 3258 4411 ejus
3280 4330 3645 4395 invocantes
3667 4332 3969 4394 auxilium

895 4437 988 4500 vit
1017 4454 1271 4517 quoque
1295 4434 1594 4497 Dominus
1617 4434 1868 4514 culpam
1901 4433 2064 4495 hanc
2083 4433 2383 4513 Josaphat
2490 4431 2901 4493 incessanter.
2927 4429 3259 4505 Postremo,
3273 4430 3487 4492 omnia
3510 4430 3642 4495 haec
3668 4440 3817 4493 sunt
3834 4450 3975 4512 spe-

895 4554 1010 4617 pcr
1051 4534 1191 4609 hoc,
1227 4532 1398 4614 quod
1447 4552 1638 4595 naves
1680 4531 1820 4611 ejus
1849 4550 2010 4612 quas
2053 4530 2228 4593 misit
2268 4548 2380 4611 pro

897 4651 1051 4697 auro
1084 4652 1195 4695 seu
1228 4632 1370 4693 aliis
1405 4632 1592 4694 rebus
1628 4630 1925 4712 pretiosis
1947 4630 2012 4691 in
2035 4629 2289 4691 Tharsis
2322 4635 2385 4692 et

2491 4528 2737 4592 cialiter
2756 4528 3130 4592 Christianis
3162 4537 3382 4591 contra
3412 4528 3707 4592 infideles
3736 4530 3976 4611 praelia-

2494 4628 2675 4703 turiS,
2712 4628 2974 4707 agenda.

4044 1586 4195 1629 Sensus

3978 1650 4177 1693 moralis-
