4309 6259
1340 489 1690 539 ammiano
1733 490 1793 533 m
1835 489 1970 534 CAP-
2021 490 2054 531 v
2096 488 2222 535 ³013.
2270 508 2351 519 -
2390 491 2531 535 ΛΒΤ.
2580 490 2683 535 xvi
3438 470 3555 534 385

65 670 393 722 Dammae.
435 676 602 719 nus,
646 658 736 722 De
775 677 902 740 quo
941 660 1166 723 scribit
1205 660 1425 723 Daniel
1460 680 1474 723 t
1518 659 1852 725 Civitatem
1895 667 1958 722 et
1987 658 2038 719 A
2069 658 2171 734 tis,
2208 678 2283 721 ex
2312 660 2451 741 ipso
2486 660 2739 723 elicitur
2776 661 3038 737 bonum,
3072 668 3263 742 atque
3300 679 3377 723 ex
3415 660 3555 740 ejus

429 758 895 819 sanctuarium
926 758 1266 840 dissipabit
1296 759 1572 840 populus
1611 778 1758 822 cum
1797 758 1959 819 duce
2065 756 2233 837 justa
2284 759 2617 839 punitione
2664 758 2880 821 divina
2928 758 3193 840 aequitas
3240 777 3557 821 commen-

431 862 754 917 venturo.
805 856 1037 937 Rapuit
1084 856 1275 918 etiam
1323 875 1430 920 eos
1480 856 1774 918 diabolus
1825 855 1957 917 suis
2066 855 2271 932 datur,
2317 857 2479 919 bona
2522 876 2775 937 quoque
2814 857 2938 919 sibi
2975 857 3267 939 opposita
3310 876 3556 938 compa-

429 954 999 1033 suggaetionibuS,
1043 973 1150 1017 eos
1201 973 1313 1036 per
1363 954 1808 1016 infidelitatem
1856 973 1960 1016 ne·
2067 956 2311 1018 ratione
2342 956 2696 1019 evidentius
2730 957 3153 1032 innotescunt,
3187 966 3249 1019 et
3279 957 3557 1039 pulchri-

429 1052 676 1115 cando.
697 1053 784 1115 De
808 1071 938 1133 quo
971 1052 1037 1114 in
1070 1053 1414 1133 Evangelio
1446 1053 1602 1115 dicit
1634 1052 1954 1115 Salvator:
2066 1070 2178 1115 ora
2203 1062 2543 1135 apparent3
2570 1054 2661 1117 sic
2692 1056 2930 1117 malum
2960 1055 3165 1135 culpae
3197 1055 3445 1117 confert
3474 1054 3555 1117 ad

73 1158 386 1211 Lae-122¹.
427 1148 659 1223 Quum
693 1149 874 1213 fortis
893 1159 1174 1213 armatus
1195 1152 1470 1214 custodit
1489 1149 1721 1213 atrium
1745 1170 1952 1212 suum.
2065 1150 2608 1231 pulchritudinem
2639 1152 2943 1215 universi.
2979 1152 3081 1215 Sic
3120 1172 3397 1234 namque
3430 1153 3555 1215 ele-

427 1248 754 1311 Armatus
807 1257 903 1313 est
952 1250 1195 1332 quippe
1243 1249 1586 1332 multiplici
1637 1249 1958 1331 experien-
2065 1248 2309 1311 ctorum
2346 1250 2666 1314 beatitudo
2696 1260 2757 1314 et
2785 1252 2987 1332 gloria
3025 1270 3102 1314 ex
3140 1251 3555 1333 reproborum

427 1347 568 1422 tia,
583 1347 860 1409 naturali
894 1348 1609 1425 industria‚acutissima
1633 1347 1877 1424 fraude,
1896 1355 1958 1410 et
2064 1348 2321 1411 miseria
2352 1358 2416 1411 et
2445 1357 2757 1412 tormento
2785 1350 3059 1432 amplius
3088 1351 3436 1424 decoratur,
3453 1368 3554 1410 au-

421 1446 681 1525 grandi
725 1446 1006 1528 potentia
1057 1455 1274 1510 contra
1325 1447 1578 1509 electos.
1622 1448 1709 1507 Ec
1747 1448 1957 1507 bibent
2064 1455 2269 1528 getur,
2314 1446 2614 1529 ipsosque
2652 1448 2887 1511 electos
2930 1448 3009 1510 ad
3050 1448 3399 1529 pleniorem
3444 1448 3553 1510 Dei

419 1547 742 1605 sitientes
777 1564 1012 1626 aquam
1053 1544 1384 1627 sapientiae
1421 1544 1740 1621 salutem,
1783 1544 1956 1607 vide-
2062 1564 2345 1607 amorem
2376 1555 2438 1608 et
2465 1546 2811 1625 gratiarum
2834 1546 3147 1609 actionem
3172 1545 3553 1621 inflammat,

423 1642 610 1705 licet
639 1643 928 1707 conversi
958 1643 1254 1724 gentileS,
1278 1645 1551 1705 divitias
1577 1645 1738 1720 ejm,
1764 1642 1827 1705 id
1860 1650 1954 1707 est
2063 1644 2216 1705 dum
2248 1644 2415 1705 mala
2446 1645 2651 1725 culpae
2682 1653 2744 1707 et
2774 1663 2979 1726 poenae
3010 1644 3076 1706 in
3107 1644 3421 1707 damnat-is
3450 1644 3556 1705 ad-

423 1741 919 1823 pretiosissima
975 1741 1334 1823 spiritualia
1393 1741 1619 1823 pocula
1679 1740 1954 1803 Iudaicae
2064 1742 2366 1823 spiciunt,
2401 1761 2545 1823 quae
2575 1742 2695 1823 ipsi
2728 1742 2961 1807 divinae
2992 1741 3417 1805 miserationis
3448 1762 3557 1804 au-

427 1840 690 1923 plebis,
722 1850 876 1923 puta
915 1860 1110 1904 sacrae
1144 1839 1484 1922 Scripturae
1525 1840 1790 1917 fluenta,
1822 1856 1955 1919 gra·
1991 1840 2036 1900 B
2065 1839 2217 1901 xilio
2246 1849 2594 1903 evaserunt.
2614 1840 2789 1902 Unde
2811 1860 3029 1902 rursus
3053 1842 3117 1903 in
3139 1839 3555 1903 Enchiridion

427 1940 694 2001 tiarum
741 1939 1146 2002 charismata.
1198 1937 1438 2012 Quibus
1488 1938 1641 2001 dicit
1688 1938 1880 2000 lsaias
1934 1956 1947 2000 :
2065 1938 2348 2019 loquitur
2378 1938 2768 2017 Augustinus
2802 1956 2815 1999 :
2849 1937 3153 2001 Universa
3184 1938 3375 2000 simul
3406 1947 3557 2001 sunt

93 2050 168 2095 12.
198 2064 280 2097 ur.
319 2052 380 2099 ις
425 2036 692 2100 Omnes
737 2036 1050 2113 sitienteS‚
1084 2037 1296 2100 venite
1337 2037 1417 2098 ad
1459 2056 1678 2117 aquaS.
1722 2036 1800 2097 Et
1840 2036 1954 2098 ali·
2067 2036 2246 2098 valde
2275 2036 2462 2113 bona,
2482 2036 2635 2117 quia
2664 2055 2738 2099 ex
2768 2035 3065 2098 omnibus
3094 2036 3387 2098 consistit
3417 2037 3557 2098 uni-

93 2128 123 2154 ¹¹
425 2136 521 2197 bi
560 2152 574 2197 :
613 2136 926 2199 Haurietis
952 2154 1153 2217 ‚aquas
1195 2135 1260 2197 in
1298 2134 1529 2214 gaudio
1560 2134 1639 2198 de
1669 2134 1952 2197 fontibus
2062 2134 2381 2199 versitatis
2410 2133 2803 2197 admirabilis
2833 2133 3241 2216 pulchritudo
3276 2152 3291 2195 :
3331 2135 3396 2196 in
3428 2154 3553 2216 qua

429 2234 829 2297 Salvatoris.
860 2234 946 2297 De
987 2233 1099 2296 tali
1139 2233 1245 2295 siti
1285 2242 1348 2296 et
1388 2233 1617 2314 poculo
1658 2234 1748 2294 ait
1779 2232 1955 2294 Chri-
2065 2233 2127 2294 id
2178 2233 2349 2314 quod
2399 2233 2636 2294 malum
2686 2232 2942 2309 dicitur,
2979 2231 3141 2295 bene
3190 2233 3552 2296 ordinatum

114 2358 142 2385 ο
217 2356 386 2393 mvn.
427 2342 596 2396 stus
636 2350 650 2393 :
685 2332 746 2394 Si
777 2332 924 2413 quis
957 2332 1114 2408 sitit,
1147 2332 1362 2395 veniat
1391 2332 1468 2393 ad
1498 2350 1623 2408 me,
1658 2340 1720 2395 et
1749 2331 1948 2394 bibat.
2065 2339 2126 2392 et
2164 2349 2279 2393 suo
2317 2330 2454 2393 loco
2493 2330 2772 2412 positum
2810 2331 3197 2393 eminentius
3236 2350 3557 2394 commen-

425 2430 576 2505 Qui
609 2429 811 2493 credit
840 2430 906 2495 in
935 2449 1060 2506 me,
1085 2429 1252 2492 sicut
1279 2429 1434 2491 dicit
1463 2429 1808 2511 Scriptura,
1835 2429 1957 2491 flu·
2065 2430 2173 2491 dat
2202 2429 2389 2505 bona,
2425 2436 2496 2490 ut
2532 2428 2732 2508 magis
2771 2429 3226 2511 complaceant,
3263 2430 3553 2493 laudabi-

429 2530 640 2592 mina
667 2530 746 2591 de
775 2536 997 2591 ventre
1037 2530 1176 2609 ejus
1209 2527 1418 2591 fluent
1444 2547 1627 2609 aquae
1648 2528 1820 2592 vivae.
1851 2530 1956 2591 Hae
2067 2527 2353 2608 lioraque
2381 2526 2531 2589 sint.

431 2628 726 2689 fuerunt
781 2626 1074 2691 coelestes
1129 2626 1392 2702 divitiat,
1457 2644 1614 2706 quas
1671 2625 1957 2689 Salvator
2147 2628 2233 2687 Et
2273 2628 2353 2685 cle
2394 2628 2588 2686 humo
2630 2645 2759 2687 non
2802 2627 3166 2702 eqredietur
3206 2626 3410 2688 dolor.
3444 2626 3558 2689 Per

428 2725 834 2809 propinavit
883 2724 1244 2806 obtulitque
1290 2724 1520 2787 Judaeis
1567 2742 1579 2785 :
1623 2744 1780 2806 quas
1831 2724 1955 2805 ipsi
2066 2724 2333 2785 humum
2394 2743 2505 2786 seu
2560 2723 2890 2785 humidam
2948 2732 3202 2801 terram,
3265 2734 3557 2806 peccator

427 2832 863 2907 spreverunt,
919 2832 1139 2904 gentes
1197 2841 1348 2885 vero
1404 2831 1761 2885 consecutae
1809 2830 1958 2884 sunt
2067 2822 2300 2903 aliquis
2332 2822 2849 2904 concupiscentia
2889 2830 2952 2885 et
2990 2821 3171 2884 fluxu
3204 2824 3555 2886 carnalium

425 2942 588 2987 eas,
623 2920 948 2997 Praeterea,
984 2920 1151 2983 sicut
1181 2920 1302 2983 ista
1331 2920 1617 3002 exposita
1646 2929 1796 2982 sunt
1826 2941 1958 3003 my-
2070 2921 2526 2983 desideriorum
2560 2919 3017 3003 pertransienS‚
3050 2928 3197 3002 apte
3228 2920 3552 3000 signatur:

427 3021 622 3083 stice
651 3020 728 3082 de
760 3018 1010 3101 perfido
1039 3018 1278 3101 populo
1306 3018 1686 3095 Iudaeorum,
1705 3019 1794 3082 ita
1820 3038 1960 3101 pos·
1992 3021 2035 3083 C
2067 3019 2146 3081 de
2166 3037 2293 3099 quo
2312 3018 2493 3081 dolor
2513 3018 2906 3100 poenitentiae
2938 3037 3064 3081 non
3096 3020 3407 3100 procedit;
3432 3020 3555 3083 imo

427 3126 612 3181 sunt
651 3116 881 3199 exponi
928 3117 1007 3179 de
1047 3116 1256 3193 docto,
1300 3118 1411 3179 sed
1451 3116 1682 3180 vitioso
1721 3117 1956 3198 populo
2069 3118 2319 3179 laetatur
2356 3136 2552 3197 quum
2596 3117 2761 3179 male
2803 3116 3047 3193 fecerit,
3080 3126 3141 3180 et
3178 3118 3451 3180 exsultat
3488 3120 3555 3180 in
3587 3139 3851 3190 Prov.1·‚u.

426 3215 992 3290 Christianorum,
1019 3215 1112 3277 eis
1141 3214 1493 3296 praesertim
1520 3215 1636 3296 qui
1665 3215 1823 3277 alios
1854 3216 1959 3277 do-
2067 3215 2257 3278 rebus
2302 3214 2619 3295 pessimiS,
2658 3214 2822 3277 sicut
2866 3222 2928 3277 et
2970 3215 3178 3277 omnis
3224 3216 3557 3279 induratus

429 3324 610 3382 cent
637 3335 781 3397 quae
809 3314 934 3397 ipsi
967 3333 1094 3377 non
1129 3314 1395 3377 faciunt.
2069 3314 2134 3374 in
2176 3313 2370 3376 vitiis,
2412 3311 2528 3386 Qui
2573 3313 2691 3375 etsi
2739 3332 3201 3395 nonnunquam
3248 3313 3558 3377 divinitus

539 3416 742 3479 Nihil
771 3416 846 3475 in
879 3424 1053 3475 terra
1079 3414 1220 3472 sine
1246 3433 1442 3473 causa
1461 3417 1558 3489 fit.
1579 3411 1754 3475 Circa
1787 3411 1956 3492 quod
2071 3410 2456 3492 flagelletur,
2504 3429 2630 3473 non
2680 3419 2890 3473 tamen
2941 3411 3019 3473 de
3068 3411 3200 3473 suis
3251 3412 3560 3475 veraciter

429 3511 691 3577 scribit
717 3510 1054 3591 Gregorius
1089 3527 1102 3570 :
1138 3509 1376 3573 Idcirco
1408 3529 1574 3591 saepe
1603 3509 1958 3572 desidiosus
2068 3510 2240 3573 dolet
2270 3509 2653 3572 excessibuS.
2678 3509 2765 3571 De
2792 3509 3090 3589 qualibus
3123 3510 3433 3592 scriptum
3465 3518 3562 3573 est

431 3609 796 3691 ingenium
829 3608 1077 3690 accipit,
1103 3615 1172 3669 ut
1202 3608 1280 3671 de
1311 3608 1694 3688 negligentia
1723 3608 1958 3689 justius
2070 3610 2135 3670 in
2183 3606 2453 3670 Jeremia
2503 3626 2517 3670 ε
2568 3606 2940 3669 Percussisti
2987 3626 3116 3684 eOS,
3167 3609 3449 3685 Domine,
3496 3618 3559 3671 et
3614 3630 3822 3683 Jer.v‚a.

431 3708 791 3795 puniatur.
823 3707 901 3769 Et
945 3706 1089 3769 ideo
1129 3723 1592 3787 nonnunquam
1637 3706 1959 3769 studiosus
2071 3725 2199 3768 non
2240 3704 2617 3778 doluerunt3
2660 3713 3006 3767 renuerunt
3052 3706 3340 3787 accipere
3375 3707 3561 3769 disci-

435 3806 761 3871 tarditate
792 3805 1232 3885 intelligentiae
1260 3804 1591 3887 premitur,
1615 3812 1680 3867 ut
1713 3823 1788 3867 eo
1817 3804 1960 3887 plus
2073 3804 2316 3886 plinam
2350 3826 2365 3877 3
2416 3802 2876 3865 induraverunt
2925 3801 3117 3865 facies
3170 3823 3315 3865 suas
3368 3823 3559 3886 supra

433 3912 805 3980 mereatur,
828 3922 957 3986 quo
989 3903 1192 3985 magis
1221 3904 1534 3966 studendo
1566 3903 1831 3967 laborat.
1856 3904 1964 3966 De-
2073 3911 2341 3984 petram,
2376 3909 2437 3963 et
2477 3900 2821 3963 noluerunt
2858 3900 3112 3963 reverti.
3153 3899 3327 3974 Quod
3367 3902 3557 3965 etiam

433 4005 684 4086 nique,
719 4001 962 4084 judicia
996 4002 1102 4065 Dei
1143 4009 1294 4064 sunt
1333 4020 1590 4083 prorsus
1621 4001 1965 4065 rationabi-
2073 4001 2138 4062 in
2159 3999 2391 4063 Judaeis
2420 3998 2755 4061 obstinatis
2790 3998 3077 4061 videmus
3107 3998 3436 4081 potissime
3462 4002 3563 4063 ad·

437 4102 714 4168 lissima
742 4110 806 4163 et
833 4099 1328 4183 sapientissima,
1365 4099 1657 4180 quamvis
1689 4100 1958 4162 occulta.
2072 4100 2429 4182 impletum.
2472 4097 2625 4159 Nam
2664 4116 2868 4179 usque
2905 4098 2973 4159 in
3012 4116 3312 4180 praeseus,
3354 4118 3560 4180 quan-

433 4204 608 4267 Ideo
652 4200 790 4263 sine
839 4218 1030 4262 causa
1077 4198 1170 4261 nil
1219 4197 1432 4261 efficit
1471 4218 1586 4261 nec
1627 4198 1958 4281 permittit.
1995 4197 2045 4259 D
2074 4196 2369 4260 tumlibet
2417 4204 2785 4278 premantur
2830 4196 3137 4273 adversiS,
3185 4197 3413 4260 nolunt
3455 4199 3565 4260 ad-

433 4302 728 4382 Propter
785 4298 957 4379 quod
1015 4296 1356 4359 undecimo
1412 4296 1490 4359 de
1538 4296 1806 4360 Civitate
1853 4296 1962 4359 Dei
2073 4305 2322 4361 vertere
2369 4297 2538 4378 quod
2588 4303 2847 4378 propter
2892 4296 3125 4358 Christi
3176 4296 3563 4361 occisionem

433 4397 692 4464 asserit
737 4396 1128 4477 Augustinus
1168 4412 1181 4456 :
1217 4396 1378 4459 Deus
1420 4395 1668 4458 nullum
1707 4403 1816 4457 aut
1852 4396 1966 4458 ho-
2072 4396 2209 4459 haec
2238 4394 2573 4478 patiantur,
2598 4413 2715 4456 nec
2742 4395 2822 4456 de
2851 4394 2990 4475 ejus
3023 4395 3345 4459 occisione
3373 4405 3565 4478 atque

435 4498 715 4563 minum
742 4503 854 4557 aut
881 4494 1254 4576 angelorum
1292 4512 1482 4574 quem
1526 4494 1763 4555 malum
1795 4494 1966 4557 futu·
2075 4494 2471 4576 blasphemia
2500 4493 2737 4571 dolent,
2769 4493 2951 4573 juxta
2979 4493 3135 4555 illud
3170 4494 3236 4556 in
3266 4494 3512 4558 Psalmo
3547 4512 3561 4557 ε

437 4616 604 4661 rum
657 4592 975 4677 praevidit,
1008 4600 1304 4669 creasset,
1338 4592 1460 4654 nisi
1505 4592 1788 4656 novisset
1825 4593 1968 4675 qui-
2075 4594 2507 4656 Obscurentur
2533 4591 2703 4655 oculi
2731 4610 2949 4654 eorum
2982 4611 3062 4655 ne
3092 4592 3373 4657 videant.
3622 4624 3701 4667 p„
3722 4635 3858 4675 mm,

439 4698 584 4760 bus
605 4712 717 4757 eos
739 4692 1055 4756 bonorum
1074 4690 1298 4754 usibus
1319 4693 1760 4763 commodaret,
1775 4700 1966 4773 atque
2158 4694 2362 4753 Homo
2382 4693 2470 4751 ad
2488 4693 2765 4750 laborem
2786 4693 3099 4752 nascitur.
3124 4690 3301 4753 Unde
3329 4699 3389 4754 et
3418 4692 3566 4754 Adae
3597 4688 3667 4730 2⁴·

441 4795 551 4857 ita
601 4792 896 4855 ordinem
943 4790 1321 4853 saeculorum
1362 4798 1667 4871 tanquam
1711 4810 1966 4853 carmen
2077 4788 2383 4852 Dominus
2411 4787 2570 4850 dixit
2597 4805 2610 4849 ε
2640 4788 2706 4850 ln
2736 4788 2967 4851 sudore
2994 4788 3207 4854 vultus
3239 4789 3331 4851 tui
3360 4808 3569 4854 vesce-
3600 4810 3861 4859 oen.m‚¹9.

444 4890 975 4976 pulcherrimum
1008 4889 1970 4969 honestaret.Praeterea,quam-
2079 4888 2167 4949 ris
2209 4906 2373 4969 pane
2411 4895 2542 4949 tuo.
2576 4886 2733 4949 Sunt
2768 4894 2981 4950 autem
3020 4887 3281 4968 quidam
3319 4887 3569 4949 labores

443 4989 564 5054 vis
596 4988 840 5050 malum
869 4986 1076 5068 culpae
1105 4987 1454 5049 secundum
1485 4988 1653 5067 quod
1687 4987 1968 5061 tale,non
2081 4985 2255 5061 boni,
2289 4985 2580 5060 virtuosi,
2622 4984 2993 5063 laudabileS,
3037 4987 3115 5047 ad
3160 5004 3320 5067 quos
3369 4985 3570 5048 nasci-

443 5088 548 5151 sit
579 5084 950 5169 pulchrum,
986 5102 1102 5147 nec
1135 5085 1213 5147 ad
1243 5084 1788 5165 pulchritudinem
1821 5105 1972 5149 eon·
2083 5095 2185 5147 tur
2216 5085 2428 5160 homo,
2463 5092 2531 5145 ut
2562 5083 2807 5146 scilieet
2839 5102 2951 5165 per
2984 5084 3267 5146 studium
3304 5093 3367 5147 et
3396 5083 3570 5147 labo-

447 5186 725 5249 ferens:
759 5190 974 5244 tamen
1005 5181 1075 5243 in
1103 5190 1416 5264 quantum
1446 5201 1560 5264 per
1590 5182 1969 5264 sapientiam
2082 5203 2181 5247 res
2230 5179 2513 5244 scientiis
2568 5188 2760 5261 atque
2804 5181 3148 5245 virtutibus
3208 5182 3564 5262 decoretur,

447 5281 785 5347 Creatoris
804 5280 1025 5343 omnia
1051 5281 1655 5344 convenientissime
1681 5283 1973 5346 ordinan-
2082 5280 2319 5344 divinis
2350 5279 2682 5361 praeceptis
2710 5278 3121 5360 obtemperet,
3144 5298 3259 5361 pro
3288 5282 3567 5361 peccatis

721 5414 788 5465 T.
825 5414 878 5464 4.
3258 5412 3319 5463 25
