4309 6259
986 510 1333 557 ENARRATIO
1377 511 1439 556 IN
1482 510 1618 557 cn.
1667 510 1704 554 V
1747 510 1904 555 unm
1945 509 2169 565 QUART!
2212 508 2436 555 REGUM.
2482 526 2563 537 —
2602 506 2745 552 AM.
2792 504 2876 550 vll

3392 483 3469 545 27

371 680 695 742 sustinere
728 679 1218 763 blasphemiam.
1255 684 1338 743 Ει
1368 683 1464 743 ait
1485 703 1507 741 .·
1529 682 1875 762 Numquid
1902 679 1951 742 A
1984 680 2257 759 ligendae
2288 686 2435 740 sunt
2459 676 2929 758 reprehensive,
2957 675 3066 737 sed
3085 674 3470 756 quandoque

371 782 550 841 Deus
577 798 690 855 eqo
730 801 901 852 sum,
939 790 1008 842 ut
1037 784 1320 841 occidere
1342 782 1584 859 possim
1621 791 1680 842 et
1711 783 1873 842 vivi-

367 882 572 955 ficare
591 880 624 938 a?
643 881 806 957 quia
839 880 976 940 iste.
1011 878 1462 960 Aspernatorie
1493 878 1774 959 loquitur
1794 881 1872 943 de

370 994 520 1056 rege
554 976 775 1058 Syriae,
808 985 1112 1059 tanquam
1146 978 1224 1040 de
1258 977 1519 1041 homine
1548 986 1675 1040 tam
1708 998 1874 1041 erro-

369 1094 492 1137 nee
537 1084 602 1138 et
645 1076 954 1139 insidiose
998 1076 1119 1139 sibi
1169 1076 1509 1139 scribente.
1554 1079 1740 1139 Misit
1785 1082 1873 1139 ad

369 1195 494 1245 me,
519 1184 596 1235 ut
626 1196 846 1236 curem
878 1178 1204 1237 hominem
1234 1198 1276 1236 a
1307 1180 1486 1253 lepra
1505 1198 1653 1248 sua,
1674 1195 1867 1257 quum

369 1282 588 1337 tamen
621 1293 658 1337 a
690 1274 869 1355 lepra
889 1293 1134 1351 curare,
1163 1274 1246 1337 sit
1279 1275 1782 1357 supernaturale,
1810 1285 1873 1339 et

368 1371 491 1435 soli
525 1373 656 1435 Deo
686 1373 1017 1454 possibile,
1053 1373 1220 1436 sieut
1250 1382 1573 1437 mortuum
1609 1374 1873 1437 suseita-

369 1492 462 1533 re.
500 1474 1029 1532 Animadvertite
1057 1484 1118 1533 et
1149 1474 1380 1545 videte,
1405 1477 1577 1553 quod
1605 1475 1874 1534 occasio-

369 1592 480 1630 nes
529 1581 784 1650 (lu-cerat
833 1574 1180 1631 adversum
1231 1593 1355 1637 me,
1401 1572 1464 1633 id
1516 1581 1632 1647 est,
1681 1592 1871 1653 quam

367 1669 594 1730 multis
637 1667 1096 1731 calliditatibus
1137 1678 1404 1733 conetur
1435 1670 1595 1731 mihi
1645 1688 1874 1733 nocere

365 1777 428 1829 et
463 1768 839 1849 praevalere,
877 1768 1032 1849 quia
1060 1776 1124 1831 et
1169 1788 1338 1831 nunc
1378 1768 1605 1830 nititur
1636 1788 1736 1831 me
1781 1769 1875 1830 in-

1984 799 2097 861 per
2129 779 2389 840 modum
2431 775 2892 851 admirationiS,
2927 774 3315 856 quandoque
3358 792 3471 855 per

1981 878 2241 940 modum
2263 875 2471 939 solatii
2492 882 2601 937 aut
2620 873 2803 937 bonae
2820 871 3178 955 JocationiS,
3194 880 3262 934 ut
3282 892 3471 954 quum

1984 977 2048 1039 in
2080 974 2308 1039 Genesi
2354 972 2566 1036 Laban
2607 973 2697 1035 ait
2737 974 2814 1036 ad
2854 971 3120 1035 Abrahae
3159 991 3413 1035 servum
3451 989 3465 1033 :

1981 1076 2105 1139 Cur
2158 1073 2315 1137 foris
2376 1076 2546 1136 stas?
2591 1072 2667 1135 Et
2724 1091 2918 1154 supra
2967 1071 3131 1135 libro
3190 1072 3468 1133 secundo

1979 1174 2233 1237 Areuna
2261 1174 2420 1236 dixit
2450 1174 2527 1235 ad
2559 1173 2755 1236 David
2782 1191 2795 1235 :
2830 1172 2988 1248 Quid
3020 1189 3225 1234 causae
3254 1178 3371 1247 est,
3396 1177 3469 1232 ut
3498 1154 3767 1271 ἥξω-κη

3527 1088 3763 1140 Gen-xxiv,

1980 1273 2283 1338 dominus
2311 1292 2492 1335 meus
2524 1273 2737 1337 veniat
2768 1272 2844 1335 ad
2868 1290 3121 1336 servum
3152 1272 3377 1332 suum?
3400 1270 3465 1332 ln
3497 1282 3564 1323 2¹-

1981 1374 2327 1453 Evangelio
2384 1390 2641 1453 quoque
2698 1370 3162 1451 benignissima
3208 1368 3468 1431 Christi·

1984 1472 2122 1537 fera
2151 1472 2343 1551 Virgo
2389 1471 2477 1533 ait
2530 1490 2644 1534 suo
2674 1470 2912 1532 Dilecto
2950 1486 2964 1530 z
2998 1468 3141 1545 Fili,
3174 1468 3330 1549 quid
3380 1467 3471 1531 fe-

1981 1572 2126 1635 cisti
2164 1570 2347 1633 uobis
2390 1571 2527 1634 sic?
2559 1569 2635 1631 Et
2674 1570 2853 1651 juxta
2880 1568 2996 1631 hos
3028 1568 3248 1630 modos
3278 1566 3473 1631 verba

1981 1670 2175 1733 Elisei
2224 1678 2491 1751 possunt
2537 1667 2835 1747 intelligi.
2874 1669 3100 1728 Veniat
3135 1669 3222 1726 ad
3256 1688 3376 1738 me,
3412 1676 3471 1726 et

1981 1772 2143 1831 sciat
2204 1788 2315 1852 per
2368 1788 2497 1831 suae
2556 1767 2901 1831 curationis
2958 1764 3287 1841 effectum,
3349 1786 3473 1825 esse

365 1868 626 1943 ducere,
685 1876 756 1929 ut
811 1886 1114 1949 usurpem
1164 1867 1324 1929 mihi
1373 1869 1544 1948 quod
1593 1868 1702 1931 Dei
1753 1877 1869 1945 est,
1909 1871 1955 1932 B
1982 1872 2375 1946 Prophetam
2417 1870 2489 1927 in
2511 1870 2736 1936 Israel,
2768 1867 2846 1929 ad
2879 1865 3147 1945 gloriam
3177 1864 3286 1927 Dei
3332 1882 3475 1927 con-

365 1966 491 2029 hoc
521 1974 643 2042 est,
682 1966 1009 2048 leprosum
1039 1985 1264 2029 curare
1294 1975 1620 2043 attentem,
1656 1966 1875 2048 sicque

367 2065 570 2127 Deum
604 2063 965 2141 offendam,
989 2065 1102 2146 qui
1136 2064 1418 2128 irascens
1451 2067 1656 2128 tradat
1685 2066 1873 2128 mein

365 2183 636 2225 manum
697 2162 868 2243 regis
929 2163 1137 2225 istiuS.
1191 2164 1364 2227 Hauc
1405 2164 1874 2227 Catholicorum

367 2262 844 2343 expositionem
876 2262 1139 2344 quidam
1182 2263 1546 2345 improbare
1586 2264 1870 2340 studens,

364 2361 530 2424 dicit
561 2379 704 2423 cam
737 2379 867 2423 non
916 2379 1268 2425 consonare
1299 2361 1525 2425 litterae
1557 2362 1870 2443 sequenti,

367 2461 440 2521 in
490 2479 623 2541 qua
669 2459 920 2523 Eliseus
971 2478 1182 2539 regem
1229 2460 1416 2523 Israel
1468 2461 1877 2543 reprehendit

365 2559 450 2621 de
489 2558 772 2621 vestium
807 2558 1116 2621 scissione
1152 2575 1166 2620 ε
1201 2558 1372 2639 quod
1419 2577 1546 2622 non
1588 2558 1870 2635 fecisset,

363 2657 422 2719 si
460 2676 572 2720 rex
603 2657 796 2719 Israel
837 2665 1097 2739 propter
1138 2657 1561 2721 reverentiam
1595 2657 1874 2719 nominis

365 2756 480 2819 Dei
504 2756 891 2819 vestimenta
912 2776 1028 2818 sua
1056 2756 1369 2819 scidisset.
1396 2756 1472 2818 Et
1499 2756 1706 2819 addit:
1731 2756 1873 2819 Ideo

363 2854 558 2917 aliter
607 2854 872 2929 dicitur,
907 2855 1078 2935 quod
1131 2854 1378 2917 scilicet
1427 2863 1636 2917 vestes
1685 2854 1875 2917 scidit

361 2974 446 3017 ex
507 2954 944 3036 impatientia,
999 2962 1231 3035 putans
1289 2954 1460 3036 quod
1522 2973 1630 3016 rex
1682 2952 1874 3037 Syriae

1984 1967 2473 2047 versionemque
2504 1965 2627 2028 sui.

2083 2068 2262 2128 Venit
2310 2084 2458 2141 erqo
2488 2066 2797 2128 Naaman
2836 2084 2983 2123 cum
3020 2066 3200 2142 equis
3242 2072 3303 2123 et
3331 2082 3474 2122 cur-

1985 2167 2191 2234 ribus,
2240 2174 2300 2225 et
2357 2166 2528 2224 stet-it
2577 2172 2727 2223 ante
2774 2163 3007 2222 ostium
3070 2164 3297 2221 domus
3338 2162 3475 2221 Εἶτ’-

1983 2265 2090 2324 sei.
2143 2264 2453 2340 Misitque
2502 2264 2589 2321 ad
2635 2282 2783 2322 eum
2824 2262 3079 2321 Eliseus
3136 2261 3470 2330 nuntium,

1983 2364 2203 2421 dicens
2239 2383 2261 2421 .·
2301 2363 2493 2430 Vade,
2522 2368 2582 2419 et
2628 2364 2869 2430 lavare,
2906 2358 3026 2421 hoc
3071 2366 3186 2433 est,
3230 2358 3473 2418 nudum

1986 2468 2048 2521 te
2079 2459 2245 2535 lava,
2278 2460 2503 2536 septies
2534 2460 2605 2519 in
2634 2460 2947 2527 loa-dane,
2982 2466 3041 2516 et
3084 2456 3345 2533 recipiet
3380 2475 3476 2515 sa-

1983 2560 2255 2619 nitatem
2288 2577 2434 2618 caro
2487 2568 2620 2627 tua,
2655 2566 2845 2636 atque
2877 2555 3315 2623 mundaberiS,
3346 2571 3473 2616 non

1985 2657 2193 2719 solum
2235 2656 2301 2718 in
2354 2675 2543 2719 carne
2575 2675 2612 2717 a
2642 2655 2840 2736 lepra,
2876 2654 2986 2716 sed
3028 2652 3220 2716 etiam
3263 2660 3473 2715 mente

1983 2775 2020 2818 a
2053 2756 2231 2838 lepra
2266 2755 2608 2837 spirituali,
2645 2754 2707 2815 id
2748 2762 2845 2817 est
2882 2752 3180 2835 perfidia.
3215 2752 3306 2815 Ob
3346 2770 3475 2833 my-

1985 2855 2208 2918 sticam
2268 2874 2524 2917 causam
2584 2853 2754 2916 infra
2816 2853 3221 2933 tangendam,
3283 2850 3475 2933 jussit

1983 2955 2103 3017 hoc
2152 2953 2401 3017 Eliseus
2443 2972 2518 3016 ex
2558 2952 2775 3015 divino
2823 2952 3170 3025 instinctu3
3215 2958 3277 3013 et
3321 2950 3472 3013 item

359 3059 688 3135 quaereret
750 3052 1151 3115 occasionem
1223 3052 1522 3114 movendi
1580 3070 1873 3131 guerram
1909 3049 1953 3114 C
1986 3062 2055 3115 ut
2091 3052 2336 3116 curatio
2368 3052 2479 3114 illa
2510 3051 2865 3114 mirabilior
2894 3057 3249 3133 appareret,
3284 3058 3347 3112 et
3382 3057 3475 3112 to-

361 3160 592 3215 contra
627 3170 720 3227 se,
757 3151 1035 3232 petendo
1068 3171 1104 3212 a
1135 3170 1202 3213 se
1240 3170 1371 3213 rem
1409 3150 1872 3232 impossibilem

359 3250 517 3312 sibi.
553 3250 739 3313 Circa
770 3249 906 3312 haec
935 3250 1104 3326 dieO,
1140 3251 1312 3331 quod
1347 3249 1740 3331 praeinducta
1769 3250 1875 3312 Ca-

365 3350 766 3413 tholicorum
827 3348 1164 3430 expositio,
1219 3368 1371 3411 vera
1419 3358 1516 3411 est
1563 3357 1625 3412 et
1677 3350 1870 3413 textui

361 3467 679 3524 consona,
713 3446 866 3528 quia
917 3465 1026 3509 rex
1074 3446 1260 3509 lsrael
1311 3446 1470 3509 dixit
1506 3465 1520 3509 ε
1555 3447 1874 3528 Numquid

361 3549 536 3609 Deus
565 3564 689 3627 ego
722 3548 910 3607 sumi
943 3544 1127 3626 quasi
1158 3545 1347 3621 dicat,
1369 3545 1461 3606 Ex
1490 3545 1706 3609 dolore
1742 3556 1876 3609 tan-

361 3655 450 3709 tae
479 3643 908 3727 blasphemiae
935 3652 1142 3707 vestes
1175 3644 1418 3707 scindo.
1453 3644 1627 3720 Quod
1659 3653 1872 3707 autem

362 3744 715 3825 sequentia
774 3742 924 3805 huic
973 3743 1359 3825 expositioni
1409 3762 1537 3806 non
1587 3742 1868 3821 obvient,

361 3862 516 3906 mox
551 3841 819 3923 patebit.

453 3945 639 4011 Quod
690 3960 896 4020 quum
948 3943 1234 4002 audisset
1281 3943 1534 4002 Elis-eus
1577 3946 1683 4001 vir
1733 3944 1873 4012 Dei,

359 4043 634 4101 scidisse
669 4042 967 4101 videlicet
1013 4059 1221 4116 reyem
1255 4044 1458 4101 Israel
1497 4043 1872 4101 vestimenta

358 4162 512 4211 sua,
545 4140 734 4199 misit
772 4141 861 4199 ad
887 4159 1062 4208 eum,
1099 4140 1361 4199 dicens:
1385 4144 1594 4209 Quare
1622 4142 1876 4200 scidisti

1985 3160 2047 3214 ta
2077 3153 2204 3214 Deo
2238 3150 2725 3225 adscriberetur,
2757 3169 2955 3230 quum
2998 3157 3239 3211 certum
3282 3156 3469 3223 esset,

1985 3251 2051 3312 in
2085 3269 2253 3331 aqua
2281 3249 2570 3311 Jordanis
2605 3248 2845 3310 nullam
2878 3266 3016 3309 esse
3047 3247 3351 3310 virtutem
3379 3266 3475 3308 cu-

1984 3349 2168 3411 randi
2208 3348 2489 3430 lepram3
2526 3347 2746 3428 sieque
2780 3346 3057 3409 Naaman
3099 3346 3287 3407 citius
3327 3364 3477 3409 con-

1988 3455 2365 3521 verteretur,
2384 3454 2445 3509 et
2477 3446 2782 3521 crederet,
2808 3445 2973 3506 sicut
2999 3450 3061 3508 et
3092 3442 3330 3507 factum
3352 3452 3469 3506 est.

2062 3550 2283 3608 Iratus
2326 3548 2657 3615 Naaman,
2694 3546 3013 3604 recedebat
3064 3545 3301 3605 dicen-5.
3356 3544 3477 3606 lra-

1983 3645 2297 3721 scebatur‚
2354 3644 2507 3726 quia
2553 3642 2918 3707 commissio
2962 3662 3073 3705 seu
3112 3642 3315 3723 jussio
3366 3642 3477 3705 illa

1984 3745 2179 3807 Elisei
2226 3744 2560 3809 videbatur
2601 3744 2722 3804 sibi
2769 3741 3031 3805 omnino
3076 3742 3479 3805 irrationabi-

1983 3844 2062 3906 lis
2094 3863 2256 3906 esse.
2291 3842 2585 3924 Respexit
2624 3841 2794 3904 enim
2839 3841 2915 3903 ad
2950 3841 3300 3903 naturalem
3343 3840 3472 3903 vim

1981 3961 2186 4023 aquae,
2242 3960 2369 4004 non
2430 3941 2508 4002 ad
2568 3939 3096 4021 omnipotentiam
3148 3938 3279 4014 Dei,
3332 3957 3475 4019 quae

1984 4040 2267 4102 nondum
2304 4039 2428 4102 sibi
2453 4038 2752 4100 innotuit.
2774 4040 3099 4100 Putabam
3119 4041 3291 4114 quod
3308 4056 3475 4113 cyre-

1979 4144 2241 4200 deretur
2291 4142 2378 4198 aci
2410 4160 2529 4209 me,
2565 4148 2624 4198 et
2666 4148 2843 4197 stans
2888 4139 3214 4196 invocaret
3246 4156 3473 4197 nomen

361 4242 756 4301 vestimenta
803 4249 918 4299 tua
939 4242 969 4299 ἒ
998 4238 1133 4300 Non
1175 4238 1330 4301 dicit
1378 4240 1498 4302 hoc
1543 4240 1874 4321 repre-hen·
1902 4239 1950 4300 D
1981 4240 2253 4299 Domini
2279 4240 2403 4299 Dei
2430 4239 2553 4309 sui,
2590 4246 2649 4297 et
2683 4245 2967 4313 tanyerec
3013 4256 3213 4297 manu
3242 4256 3361 4295 sua
3392 4240 3476 4296 lo-

361 4339 604 4415 dendo,
661 4338 835 4419 quod
879 4343 1088 4401 vestes
1138 4356 1284 4399 suas
1331 4356 1407 4401 ex
1456 4339 1874 4401 detestatione

361 4436 794 4520 blasphemiae
841 4436 1056 4513 scidit,
1091 4437 1199 4499 sed
1251 4438 1424 4518 quod
1469 4436 1665 4499 verba
1709 4436 1874 4517 regis

361 4536 568 4619 Syriae
613 4535 802 4597 aliter
846 4544 911 4597 et
959 4534 1188 4597 melius
1240 4534 1596 4615 intelligere
1643 4536 1869 4618 potuit,

363 4634 525 4717 quia
559 4652 680 4697 nec
729 4650 838 4695 rex
869 4632 1065 4715 Syriae
1096 4652 1170 4695 ea
1201 4633 1292 4697 sic
1340 4633 1672 4712 intellexit,
1709 4634 1874 4697 sicut

365 4754 478 4797 rex
529 4732 725 4795 Israel
777 4750 790 4794 ε
845 4750 962 4795 nec
1013 4732 1385 4795 intendebat
1433 4732 1554 4796 hoc
1602 4734 1864 4809 malum,

361 4833 541 4914 quod
595 4850 710 4895 rex
749 4832 940 4894 Israel
989 4832 1438 4914 suspicabatur
1477 4852 1624 4895 eum
1670 4834 1875 4897 inten-

365 4933 562 5008 dere;
597 4931 711 4993 sed
758 4930 994 5012 potiuS,
1033 4938 1105 4993 ut
1145 4949 1253 4994 rex
1292 4932 1479 4995 lsrael
1529 4931 1610 4994 ab
1638 4933 1868 5010 Elise0,

365 5040 682 5112 tanquam
728 5048 767 5091 a
811 5030 954 5092 viro
994 5028 1118 5092 sibi
1159 5030 1470 5112 subjecte,
1507 5033 1875 5112 procuraret

366 5147 631 5191 servum
683 5148 868 5189 suum
924 5128 1156 5190 curari.
1207 5128 1492 5210 Denique
1532 5130 1876 5212 interroga-

365 5228 580 5290 tiones
611 5225 1011 5308 hujusmodi,
1044 5226 1280 5308 quibus
1312 5228 1404 5289 sic
1433 5227 1682 5305 dicitur,
1720 5228 1875 5303 Qua-

367 5340 444 5384 re
475 5321 596 5383 hoc
627 5327 740 5383 aut
770 5319 932 5383 illud
967 5319 1197 5397 iecisti,
1236 5339 1363 5384 non
1406 5341 1662 5405 semper
1692 5323 1876 5386 intel-

1981 4358 2128 4397 cum
2183 4340 2397 4413 leprae,
2438 4346 2497 4396 et
2543 4345 2801 4395 curaret
2851 4354 2970 4395 me.
3001 4333 3179 4397 Unde
3226 4334 3476 4397 videtur

1982 4435 2258 4496 Naaman
2301 4434 2671 4509 aestimasse,
2719 4434 2888 4514 quod
2931 4432 2995 4493 in
3039 4451 3311 4514 persona
3350 4432 3477 4494 Eli-

1983 4532 2072 4595 sei
2129 4531 2328 4595 fuerit
2377 4532 2581 4594 virtus
2625 4531 2842 4613 aliqua
2888 4532 3080 4612 leprae
3128 4532 3414 4595 curativa
3456 4549 3470 4593 t

1983 4631 2124 4694 ideo
2155 4630 2333 4693 misit
2359 4650 2501 4693 eum
2536 4630 2849 4712 Propheta
2876 4630 2951 4691 ad
2988 4629 3233 4693 fluenta
3262 4630 3475 4693 Jorda-

1983 4730 2104 4807 niS,
2127 4738 2441 4811 quatenus
2475 4749 2601 4792 non
2634 4730 2778 4805 sibi,
2806 4729 2912 4791 sed
2941 4730 3065 4791 Deo
3096 4749 3275 4791 suam
3305 4729 3474 4791 attri-

1980 4829 2205 4892 bueret
2252 4848 2492 4891 curam.
2526 4828 2852 4904 Praeterea,
2878 4828 3173 4909 quamvis
3214 4828 3278 4889 in
3332 4827 3470 4909 lege

1983 4927 2378 5010 prohibitum
2412 4926 2535 4989 fuit
2566 4935 2821 5007 tangere
2854 4927 3199 5009 leprosum,
3224 4946 3351 4991 non
3384 4936 3473 4991 ta-

1983 5045 2130 5089 men
2181 5026 2304 5102 his,
2348 5026 2459 5107 qui
2513 5044 2631 5087 suo
2684 5034 2875 5102 tactu,
2917 5026 3043 5088 Deo
3094 5025 3465 5107 inspirante,

1983 5112 2209 5189 curare
2228 5133 2521 5207 poterant
2550 5124 2813 5206 lepram.
2842 5127 3184 5204 Numquid
3203 5145 3330 5186 non
3350 5146 3471 5185 me-

1984 5228 2172 5285 liores
2200 5234 2354 5285 sunt
2384 5226 2617 5284 Abana
2648 5233 2708 5284 et
2738 5223 3093 5300 Pharphar
3120 5224 3317 5299 fluvii
3347 5228 3473 5285 Da-

1983 5326 2205 5395 masci,
2242 5323 2538 5383 omnibus
2591 5322 2781 5401 aquis
2811 5324 3037 5393 Israel,
3071 5330 3145 5382 ut
3185 5325 3367 5382 laver
3396 5325 3471 5383 iu

3514 1487 3623 1530 Luc.
3638 1499 3681 1537 u,
3697 1487 3766 1527 48.

3548 4953 3655 4996 Lev-
3676 4968 3762 5007 xiii,

3500 5018 3642 5061 4446.
