4309 6259
643 1482 792 1525 Exod.

573 1558 698 1595 xxvu.
725 1547 761 1588 1.

597 4598 723 4639 retur·

862 487 981 551 202

1297 505 1644 551 mumulo
1687 506 1748 551 m
1789 505 1926 551 cu.
1973 504 2036 549 vl
2075 503 2235 549 unm
2276 502 2529 549 stonum
2570 502 3104 549 PARAmPouENON.
3144 522 3225 533 --
3264 503 3405 549 ART-
3451 503 3513 547 vl

860 674 1118 755 quidam
1151 685 1514 757 exponunt:
1549 677 1718 757 quod
1741 682 1804 739 et
1826 674 2136 757 Iosephus
2166 683 2349 737 vocat
2374 674 2427 737 A
2459 682 2547 743 ibi
2574 681 2827 745 fiendos
2854 682 3057 745 suerat
3086 682 3345 745 sactum.
3370 682 3557 743 Porro
3586 680 3796 761 quiex
3820 680 3943 741 ser·

859 774 1068 835 aulam
1098 794 1210 836 seu
1243 774 1572 837 basilicam
1594 776 1918 853 grandem,
1945 782 2008 836 ct
2037 781 2171 835 crat
2200 792 2349 835 con—

864 872 1108 953 tiguum
1133 872 1294 935 atrio
1316 874 1737 949 sacerdotum,
1764 873 1828 933 in
1851 892 1980 954 quo
2000 872 2193 933 situm
2215 881 2349 934 crat

860 972 1056 1035 altare
1103 991 1350 1034 aeneum
1409 972 1922 1036 holocaustorum
1949 997 1964 1048 ;
2017 973 2347 1031 habentem

861 1073 1149 1150 quinque
1183 1073 1425 1131 cubitos
1463 1073 1920 1148 lonyitudiniS,
1961 1080 2020 1130 et
2062 1072 2349 1148 quinque

863 1172 1102 1229 cubitos
1143 1172 1544 1239 latitudinis,
1574 1180 1632 1229 et
1681 1180 1802 1229 tres
1839 1171 2080 1229 cubitos
2122 1170 2351 1228 altitu-

863 1272 1044 1329 dinis
1075 1290 1097 1329 .·
1129 1269 1348 1349 sicque
1381 1269 1447 1330 in
1493 1268 1626 1330 suis
1670 1267 2181 1331 dimensionibus
2225 1266 2351 1329 fuit

862 1367 1126 1449 aequalis
1151 1367 1335 1429 altari
1368 1366 1720 1431 holocausti
1755 1366 1921 1429 facto
1951 1386 1988 1428 a
2017 1366 2245 1449 Moyse,
2282 1374 2352 1428 ut

863 1466 930 1529 in
981 1465 1194 1528 Exodo
1240 1465 1493 1546 legitur.
1531 1467 1844 1543 Stetitque
1879 1485 2070 1542 super
2096 1486 2264 1534 eam,
2292 1475 2351 1525 et

862 1568 1097 1625 deinde
1146 1566 1336 1641 fleatis
1379 1568 1650 1641 {lenibus
1697 1574 1919 1624 contra
1979 1565 2352 1623 universam

866 1666 1362 1725 multitudinem
1392 1666 1620 1734 Israel,
1653 1673 1710 1723 et
1745 1665 1989 1741 palmis
2024 1664 2093 1723 in
2122 1666 2353 1722 caelum

865 1765 1117 1832 levatis,
1147 1764 1287 1821 ait:

2455 781 2829 845 ventissimo
2876 782 3225 863 loquuntur
3272 779 3535 855 affectu,
3570 778 3943 860 frequenter

2455 880 2844 962 abrumpunt
2874 879 3086 955 verba,
3122 880 3211 941 ita
3250 886 3317 940 ut
3346 878 3585 959 aliquid
3634 876 3943 939 subintel-

2456 977 2653 1058 ligere
2684 977 2765 1039 sit
2796 996 3075 1059 neeesse,
3111 977 3276 1039 sicut
3316 977 3382 1038 in
3412 975 3685 1039 Canticis
3712 974 3944 1036 asserit

2458 1076 2701 1159 Sponsa
2737 1094 2750 1138 :
2785 1077 2914 1157 Ego
2958 1076 3187 1139 dilecto
3224 1094 3389 1151 meo,
3420 1084 3483 1137 et
3526 1075 3604 1137 ad
3652 1092 3753 1135 me
3792 1091 3943 1135 con-

2456 1176 2665 1239 versio
2716 1176 2877 1257 ejuS.
2926 1178 3322 1256 Quicumque
3362 1177 3642 1236 oraverit
3686 1175 3755 1233 in
3810 1177 3943 1233 loco

2460 1278 2601 1345 istc,
2632 1277 2879 1335 exaudi
2915 1278 2997 1333 de
3039 1276 3403 1335 habitaculo
3450 1284 3579 1346 tuo,
3612 1275 3683 1333 id
3728 1280 3817 1331 est
3860 1275 3946 1331 de

2460 1377 2655 1446 ecelis,
2687 1384 2745 1435 et
2768 1376 3152 1452 propitiare.

2556 1476 2636 1533 Si
2673 1474 3035 1550 peccaverit
3084 1474 3409 1551 quispiam
3458 1474 3532 1531 in
3568 1472 3951 1547 pro-nimum

2462 1592 2675 1642 suum,
2708 1581 2767 1631 et
2782 1572 3023 1649 jurare
3051 1580 3275 1631 contra
3300 1590 3447 1629 eum
3468 1577 3745 1646 paratus
3772 1586 3953 1627 vene-

2464 1671 2578 1740 rit,
2598 1690 2783 1749 seque
2802 1671 3137 1729 maledicto
3152 1669 3613 1729 constrinxerit
3632 1686 3845 1726 coram
3864 1669 3957 1724 al-

2468 1770 2601 1829 tari
2631 1771 2701 1828 in
2724 1771 2909 1828 domo
2940 1770 3087 1839 ista,
3116 1778 3185 1828 tu
3214 1768 3441 1827 audies
3458 1769 3537 1825 de
3566 1770 3741 1837 caele,
3764 1776 3825 1825 et
3852 1767 3955 1843 fa-

855 1904 864 1913 .
945 1864 1218 1923 Domine
1244 1864 1417 1922 Deus
1450 1863 1674 1932 Israel,
1709 1880 1836 1919 non
1869 1871 1957 1921 est
1985 1862 2227 1920 similis
2258 1862 2356 1919 tui
2393 1860 2438 1921 B
2465 1869 2588 1925 cies
2636 1868 2981 1943 judicium
3028 1885 3359 1925 servorum
3408 1874 3693 1931 tuorum,
3744 1863 3841 1920 ita
3878 1870 3955 1919 ut

865 1965 1034 2022 Deus
1065 1961 1138 2019 in
1168 1963 1318 2019 coelo
1353 1969 1410 2019 et
1443 1961 1512 2018 in
1547 1969 1764 2020 terra:
1795 1961 1911 2037 qui
1937 1961 2217 2018 custodis
2240 1978 2357 2035 pa-

2466 1968 2698 2025 reddas
2741 1966 2963 2042 iniquo
3010 1966 3185 2023 viam
3228 1982 3415 2023 suam
3462 1964 3536 2021 in
3568 1969 3761 2037 caput
3800 1979 3957 2037 pro-

864 2070 1036 2119 ctum
1060 2068 1119 2118 et
1141 2060 1654 2117 misericordiam
1673 2078 1820 2117 cum
1841 2059 2041 2117 servis
2065 2060 2215 2125 tuis,
2242 2058 2358 2135 qui
2456 2064 2713 2140 prium,
2742 2072 2802 2121 et
2842 2064 3177 2121 ulciscaris
3188 2062 3475 2138 justum,
3507 2061 3863 2119 retribuens
3888 2059 3957 2115 εἰ

867 2160 1208 2217 ambulant
1242 2177 1456 2216 coram
1495 2166 1550 2215 te
1579 2158 1652 2215 in
1685 2166 1805 2215 toto
1840 2158 2026 2215 corde
2056 2176 2170 2215 suo
2187 2179 2213 2226 ,·
2241 2157 2359 2234 qui

857 2257 1227 2333 pra’stitisti
1243 2275 1422 2315 servo
1449 2265 1553 2315 tuo
1573 2255 1793 2316 David
1807 2257 1990 2331 patri
2017 2274 2175 2326 mec,
2193 2274 2359 2333 qua’-

866 2374 1137 2433 cumque
1180 2358 1424 2414 locutus
1454 2354 1680 2429 fueras
1707 2354 1790 2424 ei,
1821 2362 1880 2413 et
1909 2372 2050 2431 quae
2081 2373 2189 2411 ore
2214 2372 2351 2429 pro-

870 2454 1159 2521 miseras,
1189 2471 1374 2528 opere
1415 2453 1766 2527 complesti,
1794 2452 1959 2510 sicut
1997 2460 2056 2510 et
2079 2470 2362 2527 pra’sens

872 2562 1115 2627 tempus
1148 2552 1401 2627 probat.
1439 2552 1638 2611 Nunc
1675 2570 1849 2626 erqo,
1878 2550 2152 2610 Domine
2190 2552 2361 2610 Deus

869 2650 1100 2715 Israel,
1147 2649 1343 2723 imple
1381 2667 1559 2705 servo
1604 2656 1710 2705 tuo
1741 2646 1931 2721 patri
1975 2666 2110 2704 meo
2139 2648 2361 2707 David

869 2766 1286 2825 qua’cumque
1331 2748 1576 2804 locutus
1605 2765 1689 2815 es,
1719 2746 1938 2803 dicens
1973 2765 1995 2802 .·
2017 2745 2165 2805 Non
2209 2746 2363 2819 defi-

870 2846 992 2903 ciet
1020 2864 1101 2903 ex
1133 2853 1188 2903 te
1229 2845 1334 2903 vir
1373 2863 1584 2903 coram
1619 2863 1741 2911 me,
1773 2843 1890 2921 qui
1927 2845 2140 2902 sedeat
2169 2862 2365 2919 super

873 2945 1178 3003 thronum
1197 2945 1423 3011 Israel,
1458 2943 1552 3002 ita
1585 2951 1820 3011 tamen,
1852 2943 1911 3001 si
1938 2942 2363 3001 custodierint

2463 2164 2815 2220 secundum
2848 2161 3190 2236 justitiam
3236 2179 3447 2219 suam.
3494 2159 3576 2219 Si
3618 2165 3957 2233 superatus

2465 2261 2673 2338 fuerit
2698 2262 2975 2335 populus
2997 2268 3143 2319 tuus
3164 2260 3369 2319 Israel
3388 2259 3468 2317 ab
3490 2255 3777 2316 inimicis
3790 2256 3961 2331 (pec-

2466 2360 2701 2417 cabunt
2726 2359 2901 2417 eni-m
2926 2358 3092 2433 tibi),
3108 2365 3167 2415 et
3186 2357 3473 2415 conversi
3492 2355 3738 2430 eqerint
3751 2353 3961 2429 poeni-

2472 2457 2765 2524 tentiam,
2796 2464 2855 2515 et
2884 2455 3350 2514 obsecraverint
3392 2472 3625 2513 nomen
3656 2461 3865 2521 tuum,
3898 2460 3961 2508 et

2470 2555 2724 2634 fuerint
2754 2553 3079 2629 deprecati
3117 2562 3173 2611 te
3210 2553 3283 2611 in
3314 2555 3442 2611 loco
3478 2552 3617 2620 istc,
3652 2559 3723 2609 tu
3760 2568 3965 2607 exau-

2466 2655 2606 2713 dies
2634 2656 2715 2711 de
2754 2655 2928 2724 coeIo,
2966 2661 3025 2711 et
3048 2652 3413 2728 propitiare
3432 2659 3689 2727 peccato
3725 2650 3966 2725 populi

2474 2753 2573 2812 tui
2600 2754 2831 2819 Israel,
2864 2760 2924 2809 et
2968 2752 3166 2809 reduc
3201 2769 3301 2807 eos
3344 2750 3416 2807 in
3462 2758 3730 2815 terram,
3760 2766 3965 2825 quam

2469 2851 2709 2910 dedisti
2754 2850 2845 2909 eis
2888 2858 2947 2908 et
2988 2850 3293 2924 patribus
3338 2867 3583 2907 eorum.
3618 2848 3699 2907 Si
3743 2848 3965 2904 clauso

2470 2952 2619 3008 coelo
2644 2949 2879 3025 pluvia
2918 2966 3049 3006 non
3087 2947 3362 3021 flumerit
3394 2954 3661 3023 propter
3698 2951 3964 3021 peccata

869 3042 1004 3119 filii
1037 3042 1136 3100 tui
1155 3042 1295 3101 vias
1319 3060 1513 3110 meas,
1534 3049 1592 3100 et
1624 3041 2101 3099 ambulaverint
2133 3042 2205 3099 in
2234 3043 2362 3116 leye
2398 3046 2441 3109 C
2466 3048 2697 3124 populi
2729 3048 2848 3116 tui,
2882 3055 2941 3105 et
2984 3046 3309 3122 deprecati
3354 3053 3409 3103 te
3436 3044 3695 3121 fuerint
3727 3044 3797 3101 in
3828 3044 3965 3100 loco

876 3160 1042 3209 mea,
1071 3141 1238 3200 sicut
1273 3149 1332 3199 et
1365 3148 1432 3199 tu
1482 3140 1833 3199 ambulasti
1874 3158 2090 3198 coram
2122 3158 2240 3198 me.
2276 3140 2362 3199 Et

874 3259 1072 3309 nunc,
1109 3240 1382 3299 Domine
1409 3241 1582 3299 Deus
1622 3238 1850 3306 Israel,
1895 3242 2198 3313 firmetur
2238 3258 2365 3295 scr-

875 3357 976 3396 mo
999 3346 1168 3406 tuuS,
1203 3357 1390 3416 quem
1421 3339 1666 3395 locutus
1694 3356 1756 3393 es
1783 3355 1960 3394 servo
1994 3344 2098 3394 tuo
2119 3336 2359 3396 David.

968 3437 1226 3512 Eryone
1274 3436 1578 3494 credibile
1625 3443 1736 3504 est,
1789 3443 1861 3493 ut
1909 3435 2146 3493 habitet
2195 3435 2367 3493 Deus

875 3555 1024 3595 cum
1055 3534 1424 3593 hominibus
1462 3552 1656 3608 super
1701 3542 1938 3592 terram
1961 3534 1990 3591 ?
2031 3532 2111 3591 Si
2138 3535 2367 3590 coelum

875 3643 934 3693 et
971 3634 1114 3691 coeli
1158 3635 1462 3691 carlorum
1507 3650 1634 3689 non
1689 3638 1743 3688 te
1789 3630 2082 3707 capiunt,
2127 3639 2369 3707 quanto

879 3733 1088 3807 mayis
1107 3734 1336 3789 domus
1355 3732 1479 3789 ista
1501 3749 1693 3807 quam
1728 3728 2055 3804 (edificavi
2075 3730 2104 3787 ‚2
2135 3729 2265 3787 Sed
2284 3730 2370 3785 acl

878 3832 994 3891 hoc
1029 3839 1280 3890 tantum
1311 3830 1487 3905 facta
1519 3837 1607 3887 est
1638 3827 1864 3890 domus
1906 3825 2025 3886 ista
2069 3844 2183 3886 seu
2216 3831 2372 3885 tem—

880 3929 1080 4010 plum,
1119 3938 1190 3987 ut
1229 3929 1535 4005 respicias
1581 3944 1693 4007 per
1735 3922 2265 4006 approbationem
2309 3930 2371 3984 et

881 4026 1376 4097 exauditionem,
1411 4027 1762 4085 orationem
1803 4025 1975 4083 servi
2016 4024 2138 4091 tui,
2168 4032 2227 4082 et
2271 4023 2373 4080 ob—

881 4126 1296 4186 secrationem
1339 4125 1504 4199 eju-5,
1542 4124 1816 4183 Domine
1843 4124 2015 4181 Deus
2065 4140 2263 4191 meus,
2312 4129 2371 4179 et

881 4226 1201 4285 exaudias
1221 4242 1454 4299 preces,
1479 4242 1638 4300 quas
1658 4220 1887 4295 fundit
1907 4220 2201 4297 famulus
2224 4229 2374 4278 tuus
2408 4222 2458 4282 D
2490 4227 2693 4284 Israel
2710 4224 2915 4301 fuerit
2932 4226 3317 4299 deprecatus,
3332 4242 3700 4299 coqnoscens
3710 4226 3987 4300 plaqam

883 4342 1101 4382 coram
1133 4331 1189 4381 te
1204 4344 1229 4391 ,·
1257 4330 1330 4380 ut
1359 4321 1616 4395 aperias
1645 4322 1854 4377 oculos
1890 4328 2026 4377 tuos
2053 4337 2247 4394 super
2273 4319 2377 4377 do-

889 4440 1068 4481 mum
1113 4420 1305 4478 istam
1347 4419 1572 4476 diebus
1613 4436 1690 4475 ac
1719 4418 2028 4487 noctibus,
2061 4436 2252 4492 super
2292 4418 2377 4474 lo-

638 4529 656 4549 ·
683 4530 860 4575 invoca»
890 4538 1038 4577 cum
1069 4519 1140 4575 in
1167 4536 1290 4595 quo
1314 4517 1647 4592 pollicitus
1676 4535 1760 4584 es,
1786 4523 1858 4573 ut
1887 4514 2380 4573 invocetur*.no-

894 4635 1036 4674 men
1071 4624 1277 4683 tuum,
1309 4622 1369 4672 et
1407 4612 1752 4671 exaudires
1780 4612 2135 4671 orationem
2183 4630 2381 4688 quam

891 4734 1110 4774 servus
1143 4723 1292 4773 tuus
1322 4722 1464 4772 orat
1513 4714 1584 4770 in
1615 4720 1705 4781 eo',
1739 4720 1797 4769 et
1826 4711 2142 4769 eoeaudias
2168 4728 2381 4785 preces

893 4814 1142 4890 famuli
1172 4814 1272 4872 tui
1299 4822 1358 4871 et
1371 4812 1604 4888 populi
1628 4811 1726 4869 tui
1746 4811 1971 4869 Israel.
1994 4807 2197 4889 Supra
2216 4806 2381 4870 Salo-

604 4932 636 4975 ιι
652 4932 762 4975 Par.
775 4936 863 4983 ...a
895 4928 1045 4973 mon
1078 4910 1276 4972 dixit:
1304 4909 1422 4972 Sed
1445 4910 1521 4971 ad
1547 4908 1665 4969 hoc
1685 4914 1943 4981 tantum,
1969 4914 2037 4966 ut
2057 4906 2383 4967 adoleatur

897 5008 1229 5071 incensum
1271 5026 1482 5071 coram
1518 5005 1653 5067 illo.
1689 5004 1905 5084 ltaque
1947 5001 2110 5064 sicut
2153 5003 2241 5065 ibi
2273 5023 2385 5085 per

896 5107 1142 5170 incensi
1177 5106 1628 5178 adoletionem‚
1665 5102 1756 5163 sic
1793 5100 1898 5163 hic
1939 5120 2051 5182 per
2081 5102 2385 5164 orationis

897 5205 1370 5268 exauditionem
1431 5200 2004 5280 subintelliguntur
2050 5200 2161 5261 alii
2210 5208 2387 5262 actus

901 5304 1015 5385 qui
1047 5302 1505 5367 exercebantur
1544 5300 1609 5360 in
1645 5298 1903 5380 templo,
1939 5306 2200 5380 propter
2228 5317 2389 5379 quos

2473 3147 2613 3215 istc,
2648 3155 2705 3205 et
2735 3145 3008 3222 confessi
3050 3144 3309 3203 nomini
3342 3152 3473 3211 luc,
3504 3151 3563 3201 et
3592 3142 3878 3202 conversi
3918 3162 3967 3198 a

2465 3245 2743 3320 peccatis
2770 3244 2929 3313 suis,
2962 3262 3167 3319 quum
3209 3260 3308 3301 eos
3348 3240 3690 3317 afflioeeris,
3718 3240 3971 3298 exaudi

2473 3346 2552 3401 dc
2581 3345 2755 3411 coel0,
2779 3341 3076 3410 Domine,
3108 3348 3167 3399 et
3196 3340 3457 3398 dimitte
3476 3347 3739 3415 peccata
3766 3338 3973 3397 servis

2479 3441 2633 3509 tuis,
2662 3448 2721 3498 et
2747 3439 2979 3515 populi
3013 3439 3112 3497 tui
3134 3440 3379 3508 Israel,·
3406 3446 3465 3496 et
3494 3439 3644 3497 doce
3660 3456 3760 3494 eos
3790 3436 3973 3494 viam,

2476 3541 2735 3606 bonam,
2760 3557 2881 3615 per
2908 3556 3107 3615 quam
3129 3538 3614 3611 inyrediantur,
3646 3544 3705 3594 et
3722 3536 3807 3593 da
3821 3537 3978 3610 plu—

2480 3639 2655 3696 viam
2696 3647 2906 3704 terroe,
2936 3656 3133 3714 quam
3173 3635 3413 3693 dedisti
3454 3638 3687 3711 populo
3731 3642 3836 3692 tuo
3878 3636 3977 3691 ad

2470 3736 2956 3811 possidendum.
2994 3737 3223 3792 Fames
3250 3734 3310 3791 si
3338 3743 3479 3793 orta
3508 3732 3716 3809 fuerit
3748 3733 3817 3790 in
3848 3740 3979 3789 ter-

2481 3854 2582 3901 ra,
2622 3842 2680 3891 et
2718 3833 3115 3908 pestilentia,
3146 3840 3205 3890 et
3242 3850 3488 3906 a’ru90,
3518 3840 3575 3890 et
3618 3833 3875 3896 locusta,
3906 3838 3977 3887 et

2482 3932 2782 3999 bruchus,
2814 3939 2873 3988 et
2902 3932 3101 3988 hostes
3134 3930 3399 3988 vastatis
3428 3929 3797 4005 reyionibus
3822 3946 3983 4002 por-

2488 4038 2583 4088 tas
2612 4028 2969 4086 obsederint
2998 4028 3308 4097 civitatis,
3332 4027 3667 4105 omnisque
3688 4028 3883 4101 playa
3912 4035 3981 4083 et

2488 4128 2843 4202 infirmitas
2866 4127 3207 4201 presserit,·
3234 4126 3293 4184 si
3322 4126 3469 4204 quis
3496 4126 3576 4184 de
3596 4127 3834 4201 populo
3866 4132 3981 4183 tuo

4016 1092 4156 1134 Cant.
4178 1107 4243 1135 vr.

3976 1159 4051 1197 ¹⁰.

2488 4333 2545 4382 et
2580 4322 3029 4398 infirmitatem
3076 4342 3285 4391 suam,
3318 4330 3377 4380 et
3416 4322 3805 4399 expanderit
3846 4342 3991 4381 ma—

2492 4440 2615 4479 nus
2644 4440 2795 4479 suas
2817 4422 2891 4479 in
2908 4422 3095 4479 domo
3118 4420 3259 4489 hac,
3286 4429 3357 4479 tu
3376 4420 3688 4479 eoeaudies
3706 4422 3787 4478 de
3804 4422 3989 4489 coel0‚

2491 4521 2569 4577 de
2596 4519 2865 4577 sublimi
2906 4519 3148 4584 scilicet
3194 4519 3562 4577 habitaculo
3596 4527 3731 4587 tue,
3756 4526 3817 4577 et
3836 4538 3995 4595 pro-

2486 4618 2774 4694 pitiare;
2800 4625 2859 4675 et
2881 4619 3075 4674 redde
3096 4617 3450 4695 unicuique
3466 4618 3820 4676 secundum
3844 4618 3993 4676 vias

2490 4734 2668 4782 suas,
2696 4734 2859 4793 quas
2900 4715 3069 4774 nosti
3097 4733 3245 4773 eum
3274 4715 3501 4773 habere
3544 4715 3618 4773 in
3657 4716 3843 4773 corde
3868 4734 3991 4774 suo

2489 4812 2592 4886 (tu
2620 4809 2796 4867 enim
2837 4812 3009 4867 solus
3038 4810 3207 4867 nosti
3234 4810 3432 4868 corda
3458 4809 3755 4884 filiorum
3782 4811 3995 4869 homi-

2492 4908 2708 4983 num),
2750 4916 2822 4965 ut
2870 4907 3139 4966 timeant
3170 4916 3251 4976 te,
3281 4916 3341 4967 et
3382 4908 3711 4967 ambulent
3740 4908 3812 4967 in
3858 4909 3991 4967 viis

2496 5006 2624 5065 tuis
2644 5006 2890 5063 cunctis
2908 5004 3157 5072 diebus,
3176 5006 3409 5082 quibus
3429 5007 3871 5083 vivuntsuper
3890 5008 3993 5084 sa-

2492 5106 2655 5163 ciem
2687 5112 2897 5171 terroe,
2912 5122 3108 5179 quam
3130 5103 3371 5162 dedisti
3392 5104 3695 5179 patribus
3724 5108 3985 5166 nostris.

2575 5203 2943 5261 Eoeternum
2976 5220 3223 5279 quoque
3240 5201 3359 5279 qui
3380 5220 3511 5259 non
3540 5211 3631 5261 est
3650 5205 3730 5261 de
3744 5208 3993 5280 populo

2502 5310 2610 5359 tuo
2640 5300 2871 5367 Israel,
2900 5299 2959 5356 si
3002 5298 3248 5358 venerit
3282 5300 3364 5357 de
3394 5307 3567 5358 terra
3604 5302 3990 5380 lonqinqua,
