4309 6259
1484 512 1773 560 sels-rom
1813 512 2281 559 NUNCUPATORIA
3306 496 3426 559 285

320 687 523 751 ctoris
559 688 827 752 tantum
872 688 1268 751 thesaurum
1315 688 1464 751 aliis
1505 688 1824 767 invidere,
1881 689 2000 753 sed
2043 690 2261 770 magis
2306 688 2487 771 quod
2530 706 2610 752 ex
2653 689 2881 753 divino
2927 689 3110 753 fonte
3151 689 3223 754 in
3268 707 3422 754 eum

325 794 726 875 perductum
775 796 973 872 esset,
1013 795 1084 859 in
1132 793 1300 858 alios
1347 795 1580 858 itidem
1631 796 1979 874 corrivare,
2029 813 2295 858 summo
2343 795 2567 859 studio
2615 795 2834 860 adnisi
2882 797 3039 860 sunt
3082 797 3160 858 ut
3202 797 3429 860 omnia

321 903 634 984 Dionysii
672 903 885 966 nostri
923 920 1122 983 opera
1149 903 1218 965 in
1257 902 1474 965 lucem
1507 902 1973 983 proferrentur.
2007 903 2134 966 Sed
2173 921 2383 984 quum
2422 903 2594 967 inter
2630 903 2730 965 tot
2761 903 3067 966 sinistros
3098 920 3423 983 censoreS,

324 1026 498 1091 quos
525 1010 710 1073 orbis
732 1008 875 1089 Jam
903 1009 1104 1073 habet
1131 1008 1479 1090 plurim03‚
1506 1010 1623 1091 qui
1652 1009 2057 1089 suggillandi
2090 1010 2304 1090 magis
2333 1010 2631 1087 libidine,
2650 1028 2853 1091 quam
2882 1011 3055 1074 recte
3076 1010 3428 1091 Judicandi

322 1118 552 1180 animo
589 1117 718 1179 hos
745 1116 990 1197 legent,
1031 1115 1336 1196 Dionysii
1368 1115 1882 1179 commentarios
1916 1115 2261 1197 divulgare
2291 1117 2455 1179 satis
2493 1118 2712 1180 tutum
2741 1135 2875 1180 non
2912 1119 3071 1195 erat,
3097 1117 3231 1181 nisi
3260 1116 3429 1180 tanti

325 1224 588 1305 patroni
627 1223 734 1286 vel
779 1224 1072 1305 patronae
1105 1222 1496 1285 fulcirentur
1529 1222 1924 1303 patrocini0‚
1961 1240 2112 1303 quae
2162 1224 2227 1286 et
2274 1224 2433 1286 velit
2471 1224 2537 1287 et
2569 1225 2785 1305 possit
2821 1242 2934 1287 eos
2974 1225 3055 1287 ab
3102 1225 3285 1289 omni
3322 1241 3430 1289 ca-

324 1332 587 1395 lumnia
630 1330 980 1395 defendere
1015 1349 1028 1390 :
1071 1330 1170 1407 tu,
1212 1346 1249 1391 o
1286 1330 1798 1409 generosissima
1843 1330 2185 1411 PrincepS,
2230 1331 2301 1393 in
2338 1330 2571 1411 primis
2613 1332 3021 1409 occurrebaS,
3070 1332 3180 1394 cui
3215 1331 3427 1395 divini

323 1440 538 1503 nostri
565 1439 879 1518 Dionysii
924 1437 1233 1501 accurata
1276 1436 1647 1517 diligentia,
1681 1436 1750 1498 in
1789 1436 1973 1499 hisce
2010 1437 2507 1501 commentariis
2543 1437 2913 1501 exantlatos
2952 1439 3227 1501 sudores
3266 1455 3426 1503 con-

325 1564 766 1623 secraremus,
806 1546 978 1626 grati
1014 1559 1168 1624 erga
1210 1545 1274 1606 te
1314 1544 1521 1606 animi
1558 1543 1896 1623 specimen
1932 1544 2267 1624 quoddam
2296 1544 2677 1607 exhibituri.
2717 1544 2889 1607 Nam
2927 1546 3010 1608 ad
3045 1546 3211 1624 haec,
3251 1546 3432 1626 quod

325 1656 416 1717 sis
447 1655 718 1735 generis
749 1652 1144 1716 claritudine
1170 1667 1246 1715 ac
1283 1650 1565 1713 fortunae
1595 1650 2012 1730 indulgentia
2035 1651 2340 1729 illustriS‚
2374 1654 2559 1714 tanta
2592 1654 2808 1715 tamen
2839 1652 3109 1731 virtute,
3132 1653 3427 1731 lenitate,

327 1780 401 1824 ac
439 1762 512 1825 in
555 1778 788 1825 omnes
819 1761 1063 1841 pietate
1089 1757 1517 1841 praefulgenS,
1553 1760 1626 1820 ut
1661 1758 1722 1819 si
1758 1758 1862 1820 vel
1892 1759 2389 1839 magnanimam
2419 1759 2781 1840 Tomyrim,
2814 1758 3183 1842 fortemque
3219 1779 3430 1844 pona·-

329 1888 480 1933 mus
520 1868 900 1946 Camillam,
936 1868 1188 1931 nullam
1223 1867 1449 1949 tamen
1486 1865 1655 1929 inter
1692 1882 1924 1928 omnes
1953 1866 2254 1929 heroicas
2292 1866 2600 1929 mulieres
2636 1867 3122 1947 deprehendere
3152 1870 3427 1950 possim,

326 1977 644 2058 quamvis
685 1976 981 2038 maximo
1009 1972 1278 2037 virtutis
1306 1971 1541 2036 merito
1577 1988 1820 2035 nomen
1858 1972 2231 2052 posteritati
2268 1973 2542 2050 dederit,
2570 1990 2771 2054 quam
2810 1976 2881 2035 tu
2914 1975 3057 2055 pari
3085 1991 3161 2037 ac
3199 1976 3430 2039 sedulo

325 2084 600 2165 pietatis
639 2100 718 2147 ac
764 2083 984 2144 omnis
1029 2080 1299 2143 virtutis
1341 2078 1526 2142 cultu
1571 2096 1706 2142 non
1750 2078 2058 2159 aequaris,
2098 2080 2204 2141 vel
2248 2079 2661 2161 praeverteris
2706 2079 2951 2162 potius.
2996 2082 3221 2162 Usque
3268 2083 3431 2146 adeo

327 2208 488 2255 cura
525 2193 648 2253 tua
684 2190 900 2253 virtus
947 2190 1069 2267 est,
1115 2190 1180 2251 et
1225 2187 1350 2250 iter
1399 2186 1740 2249 meditaris
1787 2186 1870 2249 ad
1916 2187 2115 2249 astra.
2160 2186 2333 2250 Nam
2370 2187 2430 2249 si
2466 2186 2768 2250 animum
2804 2188 2997 2251 tuum
3034 2189 3104 2251 in
3140 2189 3434 2253 adversis

325 2298 694 2363 infractum
725 2314 801 2361 ac
829 2297 1242 2360 constantem
1284 2295 1760 2375 expendamus,
1796 2293 1981 2356 nulla
2001 2302 2305 2374 unquam
2344 2296 2480 2356 tam
2518 2293 2709 2357 fortis
2748 2295 2985 2359 mulier
3019 2295 3243 2378 fuerit,
3281 2314 3432 2378 quae

325 2408 464 2489 pari
501 2406 860 2470 tolerantia
895 2403 1122 2468 omnia
1159 2401 1443 2465 fortunae
1479 2401 1794 2479 ludibria,
1839 2399 2145 2463 muliebri
2188 2400 2445 2481 abjecta
2474 2402 2774 2480 mollitie,
2808 2403 3081 2467 sufferre
3117 2404 3429 2486 potuerit.

327 2515 470 2589 Quo
503 2514 782 2577 nomine
817 2513 913 2575 ita
942 2510 1254 2574 omnibus
1292 2510 1720 2589 praedicatam
1763 2508 2263 2571 tolerantissimi
2310 2508 2491 2571 illius
2522 2508 2649 2571 Job
2676 2509 3066 2590 patientiam
3094 2511 3321 2591 refers,
3362 2514 3439 2574 ut

325 2622 430 2685 vel
479 2621 676 2684 nulla
722 2622 791 2683 et
837 2618 1078 2682 melius
1120 2619 1187 2681 et
1220 2616 1596 2680 accuratius
1634 2616 1950 2697 potuerit.
1990 2615 2239 2678 Verum
2289 2616 2414 2678 etsi
2460 2616 2563 2678 hae
2609 2615 2891 2679 virtutes
2937 2617 3220 2681 heroicae
3275 2620 3433 2697 tuae,

327 2729 596 2809 generis
645 2726 981 2808 splendori
1029 2724 1428 2805 conjunctae,
1481 2724 1616 2785 tam
1665 2721 1797 2785 late
1845 2723 1915 2785 in
1963 2738 2195 2785 omnes
2239 2723 2443 2785 terras
2494 2721 2785 2785 nominis
2830 2724 2931 2787 tui
2975 2724 3255 2805 gloriam
3300 2743 3437 2789 non

327 2836 760 2918 sparsissent,
789 2834 1014 2896 tamen
1042 2833 1170 2895 hoc
1199 2830 1574 2893 immortale
1609 2845 1854 2893 nomen
1888 2845 2112 2910 parere
2151 2828 2275 2891 tibi
2304 2829 2546 2910 potuit,
2586 2829 2767 2909 quod
2808 2847 2961 2893 eum
2999 2832 3126 2895 tori
3171 2848 3439 2896 consor-

329 2947 462 3007 tem
501 2941 848 3019 habueriS,
889 2940 1007 3020 qui
1049 2940 1214 3001 dum
1261 2937 1437 3019 apud
1485 2937 1736 3018 primos
1788 2935 2070 2999 Caesaris
2111 2935 2320 2999 nostri
2366 2936 2692 2999 Primates
2733 2953 3041 3001 summus
3085 2939 3433 3018 exstiterit,

327 3054 556 3115 tamen
587 3050 682 3113 ita
707 3049 866 3111 vitae
893 3064 1034 3110 suae
1066 3062 1296 3109 curam
1318 3044 1546 3125 gessit,
1579 3046 1654 3106 ut
1683 3044 1852 3106 inter
1877 3042 2227 3122 religiosos
2260 3059 2489 3105 omnes
2525 3043 2628 3105 vel
2666 3043 3213 3124 religiosissimus
3243 3045 3436 3109 Chri-

330 3158 572 3222 stianae
603 3156 762 3219 fidei
799 3155 1085 3217 assertor
1115 3152 1336 3217 fuerit.
1373 3151 1587 3224 Quem
1627 3150 1693 3214 et
1734 3150 1806 3213 tu
1848 3149 1941 3213 ita
1972 3150 2126 3212 vitae
2167 3148 2567 3229 integritate,
2608 3150 3099 3233 inculpatisque
3140 3154 3439 3218 moribus

331 3264 682 3347 exprimiS‚
723 3264 797 3325 ut
843 3279 928 3325 an
974 3260 1310 3342 superaris
1351 3259 1422 3321 in
1469 3257 1749 3320 dubium
1795 3257 2112 3319 vertatur.
2155 3255 2371 3328 Quare
2417 3274 2552 3320 non
2598 3257 2932 3321 immerito
2982 3260 3047 3321 te
3092 3260 3438 3324 mulierem

335 3371 576 3435 fortem
617 3369 948 3453 appellare
977 3383 1359 3449 possumuS,
1400 3366 1470 3428 in
1508 3382 1640 3445 qua
1674 3362 2057 3445 (Salomone
2087 3363 2447 3443 asserente)
2479 3380 2589 3426 cor
2618 3364 2747 3427 viri
2777 3365 3072 3447 confidit,
3113 3368 3179 3429 et
3204 3370 3439 3449 spoliis
3468 3388 3725 3435 promus.

333 3498 464 3544 non
494 3477 783 3559 indiget,
819 3492 1226 3556 manumque
1264 3491 1457 3537 suam
1488 3471 1676 3534 misit
1702 3472 1785 3535 ad
1817 3470 2036 3549 fortia,
2073 3472 2139 3533 et
2165 3470 2421 3552 palmas
2456 3488 2614 3535 suas
2640 3472 2937 3534 extendit
2970 3474 3055 3536 ad
3090 3492 3434 3558 paupereS,

334 3602 752 3667 manumque
777 3584 963 3664 inopi
991 3582 1271 3664 aperuit.
1309 3580 1502 3653 Quod
1532 3582 1596 3643 et
1626 3580 1700 3642 tu
1738 3578 1833 3641 ita
1860 3594 2014 3640 cum
2050 3577 2261 3641 Tobia
2289 3578 2415 3642 hoc
2436 3580 2663 3642 nostro
2689 3580 3060 3660 praestitisti
3092 3582 3437 3663 hactenuS,

334 3697 410 3758 ut
443 3694 686 3759 nullus
719 3692 812 3755 sit
846 3691 964 3772 qui
999 3692 1183 3752 tuam
1225 3687 1691 3751 liberalitatem
1723 3702 1798 3748 ac
1830 3685 2148 3751 eximiam
2185 3685 2686 3750 beneficentiam
2713 3704 2846 3749 non
2877 3686 3077 3751 fuerit
3104 3693 3435 3770 expertus,

333 3802 552 3876 Quem
601 3800 784 3864 enim
821 3798 1050 3879 inopia
1093 3813 1396 3878 pressum
1445 3812 1580 3858 non
1619 3793 1901 3856 fovisti?
1944 3791 2154 3872 Cujus
2192 3793 2411 3856 viduae
2456 3810 2531 3857 ac
2570 3793 2806 3874 pupilli
2846 3796 3095 3857 sortem
3133 3796 3445 3862 miserata

335 3928 468 3973 non
510 3908 640 3973 es?
685 3906 897 3969 Paula
951 3903 1191 3968 mulier
1244 3903 1567 3978 Romana,
1611 3918 1645 3963 e
1684 3900 1892 3963 nobili
1940 3899 2332 3982 Scipionum
2382 3898 2661 3977 familia,
2706 3901 2959 3982 amplas
3005 3902 3078 3963 in
3124 3920 3445 3985 pauperes

336 4017 616 4080 divitias
643 4013 943 4094 erogavit
974 4032 988 4071 :
1034 4013 1108 4073 tu
1145 4026 1412 4091 quoque
1452 4025 1584 4070 non
1615 4006 1907 4069 minores
1943 4023 2076 4069 non
2109 4006 2329 4069 solum
2366 4007 2436 4070 in
2468 4006 2744 4087 inopum
2781 4006 3193 4085 alimoniam,
3226 4009 3345 4073 sed
3379 4012 3445 4074 et

333 4124 812 4205 religiosorum
844 4118 1148 4182 omnium
1191 4134 1355 4180 usus
1394 4114 1692 4195 elargiris
1743 4133 1756 4173 ε
1799 4113 2042 4194 partim
2072 4130 2246 4177 nova
2281 4112 2579 4177 coenobia
2616 4113 2866 4175 divinis
2894 4113 3163 4193 hymnis
3193 4114 3445 4197 jugiter

335 4229 794 4313 personantia,
839 4226 922 4290 ab
974 4227 1113 4288 imo
1161 4224 1300 4287 tuis
1347 4222 1670 4303 impensis
1719 4223 2085 4299 exstruenS,
2134 4221 2202 4285 et
2247 4221 2535 4302 copiosis
2592 4221 2916 4285 reditibus
2969 4222 3379 4304 locupletans
3424 4245 3437 4287 :

337 4340 586 4420 partim
619 4354 699 4401 ea
729 4352 879 4417 quae
913 4334 1244 4414 maj0rum
1284 4332 1528 4413 pietate
1561 4330 1788 4394 divino
1818 4330 2028 4392 cultui
2068 4329 2371 4392 dedicata
2398 4329 2578 4407 sunt,
2619 4329 2735 4392 sed
2757 4327 2901 4409 Jam
2932 4347 3201 4411 prorsus
3238 4334 3443 4396 colla-

339 4464 480 4528 psa,
520 4445 810 4525 erigens.
843 4442 1024 4506 Inter
1057 4458 1206 4522 quae
1247 4441 1311 4503 et
1349 4439 1517 4501 hanc
1555 4439 1849 4500 nostram
1880 4435 2338 4499 Cartusianam
2379 4437 2678 4514 domum,
2707 4436 2901 4518 cujus
2930 4437 3092 4500 dum
3121 4439 3236 4502 vix
3263 4438 3446 4520 jacta

343 4551 782 4616 fundamenta
815 4550 1059 4626 essent,
1093 4549 1183 4610 ita
1224 4545 1566 4628 splendide
1605 4544 1896 4621 erexisti,
1929 4544 1994 4605 et
2028 4542 2581 4605 luculentissimis
2628 4543 2967 4624 ampliasti
2999 4544 3333 4624 aedificiis,
3374 4547 3445 4611 in

341 4660 588 4739 quibus
624 4658 793 4721 adeo
833 4655 996 4718 aviti
1024 4653 1282 4735 generis
1313 4652 1412 4715 tui
1440 4651 1767 4733 imagines
1797 4666 1872 4713 ac
1909 4648 2203 4729 insignia
2230 4648 2506 4729 fulgent,
2546 4650 2624 4713 ut
2656 4650 2800 4712 haec
2835 4650 2977 4713 sola
3013 4656 3446 4717 monumenta

345 4782 487 4829 esse
530 4764 819 4848 possint,
856 4779 1006 4843 quae
1045 4762 1116 4825 in
1163 4778 1359 4823 omne
1407 4777 1628 4821 aevum
1678 4773 1920 4819 nomen
1965 4758 2159 4817 tuum
2207 4755 2339 4818 late
2389 4757 2841 4837 propagarent.
2888 4755 3192 4821 Ceterum
3232 4777 3441 4841 quum

345 4875 549 4937 tantis
575 4871 971 4947 honoribus,
1001 4869 1406 4951 pensatoque
1436 4883 1705 4948 prorsus
1734 4864 1958 4927 studio
1996 4865 2291 4927 nostram
2318 4863 2739 4944 prosequaris
2770 4863 3182 4945 religionem,
3212 4868 3445 4930 merito

347 4982 410 5043 te
440 4982 750 5057 matrem,
782 4978 888 5041 vel
920 4977 1274 5040 anchoram
1320 4975 1545 5056 potius
1595 4973 1802 5035 totius
1843 4970 2116 5033 familiae
2163 4972 2404 5033 nostrae
2445 4988 2580 5035 uno
2616 4988 2725 5033 ore
2762 4988 2993 5035 omnes
3022 4989 3255 5036 vocare
3286 4990 3444 5054 pos-

348 5106 610 5165 sumus,
625 5102 870 5167 nempe
897 5087 970 5148 in
997 5102 1130 5166 qua
1159 5082 1470 5147 universa
1496 5082 1721 5144 nostra
1756 5080 1996 5142 domus
2019 5078 2338 5141 inclinata
2367 5079 2729 5142 recumbat.
2762 5078 3204 5149 Quamobrem
3235 5098 3446 5162 quum

351 5196 680 5259 immensa
713 5194 878 5257 sunt
912 5208 1062 5273 quae
1099 5190 1221 5254 tibi
1263 5208 1302 5253 a
1338 5188 1530 5252 nobis
1573 5187 1914 5265 debentur,
1957 5203 2169 5266 neque
2206 5186 2388 5248 aliud
2419 5186 2595 5268 apud
2632 5186 2933 5249 animum
2971 5204 3196 5251 meum
3227 5190 3439 5270 magis

353 5304 549 5367 anxie
585 5301 988 5385 perpendere
1013 5299 1290 5372 soleam,
1322 5313 1526 5378 quam
1555 5295 1632 5358 ut
1656 5294 1979 5358 rationem
2017 5293 2255 5357 inirem
2292 5292 2610 5373 aliquam,
2653 5310 2785 5374 qua
2823 5293 2945 5357 tibi
2982 5311 3113 5373 me,
3145 5296 3273 5359 etsi
3308 5315 3445 5362 non
