4309 6259
867 506 986 569 550
1675 522 2023 570 manna-no
2067 522 2126 567 [Ν
2172 522 2305 567 cu.
2353 520 2505 567 xvin
2544 519 2670 567 son.
2715 539 2795 549 —
2836 520 2978 567 An‘r.
3025 520 3149 567 xm

872 712 1062 775 quam
1108 694 1426 775 sapientes
1471 703 1534 755 ct
1571 694 1750 774 justi,
1785 692 2096 773 quidquid
2143 697 2361 753 contra
2390 689 2440 750 A
2470 688 2643 750 enim
2689 687 2904 749 lumen
2945 687 3208 750 rationis
3247 705 3359 768 per
3400 694 3729 768 peecatum
3764 701 3973 747 excae-

872 810 979 854 eos
1029 790 1371 873 profertur,
1425 792 1636 869 inane,
1691 799 2047 867 ventosum,
2101 790 2363 871 jactato-
2470 794 2669 861 catur,
2695 786 2988 868 quamvis
3020 804 3148 849 non
3180 803 3438 867 prorsus
3470 784 3748 847 tollatur.
3773 784 3971 845 Teste

873 890 1040 951 rium
1080 910 1152 951 ac
1189 888 1490 953 frivolum
1537 890 1913 971 opinantur3
1955 889 2363 969 eloquentem
2470 885 2787 966 siquidem
2832 885 3199 947 beatissimo
3248 904 3321 947 ac
3367 885 3585 947 divino
3635 882 3963 964 Dionysim

872 1005 1150 1069 quoque,
1201 987 1666 1051 inconsiderate
1711 996 1773 1049 et
1817 987 2058 1049 ruditer
2103 986 2365 1066 loquen-
2472 992 2803 1066 peccatum
2834 983 3146 1045 naturalia
3174 1002 3301 1046 non
3321 982 3556 1059 aufert,
3580 982 3691 1044 sed
3720 979 3962 1043 inficit.

875 1094 1001 1148 tem
1044 1086 1396 1163 affirmant,
1435 1087 1611 1167 juxta
1659 1087 1829 1167 quod
1881 1085 2176 1147 subditur
2211 1101 2224 1145 :
2261 1086 2365 1144 In·
2470 1082 2803 1146 Potissime
2832 1091 3048 1144 autem
3082 1082 3148 1144 in
3170 1080 3425 1145 inferno
3458 1082 3567 1144 lux
3598 1080 3719 1143 ista
3748 1078 3969 1143 obrui·
4293 1154 4294 1163 ἵ

876 1188 1087 1261 tellv’ye
1106 1187 1300 1262 prius
1330 1184 1523 1248 verba
1543 1204 1683 1247 mea
1713 1194 1776 1247 et
1806 1203 1962 1247 mcae
1991 1183 2364 1264 dignitatem
2474 1189 2597 1257 tur,
2638 1199 2835 1261 quum
2883 1179 3295 1243 Ecclesiastes
3342 1180 3515 1243 dicat
3550 1197 3563 1240 :
3596 1178 3719 1241 Nec
3766 1177 3959 1253 ratio,
4026 1203 4174 1245 secte.
4196 1216 4244 1245 ιι.
4293 1234 4294 1269 ᾗ

874 1300 1184 1365 personae‚
1227 1295 1286 1344 et
1330 1285 1423 1343 sic
1469 1288 1835 1363 loquamur.
1880 1283 2115 1364 Nempe
2164 1298 2363 1361 quum
2474 1300 2591 1343 nec
2650 1280 2990 1362 sapientia,
3046 1299 3163 1341 nec
3224 1278 3489 1341 scientia
3546 1286 3733 1341 erunt
3788 1278 3963 1359 apud
4000 1270 4067 1312 ¹⁰·
4292 1290 4294 1349 l

875 1400 989 1444 suo
1023 1382 1282 1460 ingenio
1323 1381 1517 1443 nimis
1553 1379 1908 1457 confidant,
1952 1378 2366 1443 contradicto-
2475 1378 2887 1458 inferOS,quo
2922 1386 2988 1439 tu
3021 1396 3344 1460 properas,
3367 1377 3667 1458 Denique,
3692 1376 3827 1437 Lux
3848 1376 3965 1437 im·
4292 1350 4294 1423 Ι

876 1499 978 1543 res
1019 1497 1166 1542 suos
1212 1498 1432 1543 eorum
1472 1499 1614 1561 quae
1660 1480 1962 1542 dicuntur
2003 1476 2366 1557 intelligen-
2473 1476 2565 1558 pii
2606 1476 3061 1556 exstinguetur,
3100 1477 3161 1539 id
3207 1485 3324 1552 est,
3360 1475 3570 1539 omnis
3608 1475 3831 1551 honor,
3870 1474 3963 1537 fa·

875 1580 1031 1640 ⁴tiam
1073 1597 1200 1641 non
1241 1580 1475 1641 habere
1516 1588 1849 1641 testantur.
1884 1577 2189 1639 Praeterea
2225 1575 2366 1657 qui·
2474 1595 2599 1651 ma,
2634 1575 3044 1656 prosperitas,
3074 1574 3277 1654 gloria
3321 1575 3460 1655 ejus
3504 1574 3760 1655 peribit,
3796 1574 3961 1637 sicut

877 1679 1023 1740 dam
1083 1685 1231 1739 sunt
1287 1678 1554 1757 garruli,
1613 1678 1726 1759 qui
1787 1678 1926 1759 ipsa
1984 1676 2365 1757 loquacitate
2474 1674 2538 1735 in
2586 1673 2831 1736 Psalmo
2880 1674 2957 1736 dc
3009 1673 3225 1755 impiis
3266 1673 3576 1754 scriptum
3624 1681 3719 1735 est
3754 1690 3769 1734 :
3802 1673 3965 1734 Tan·
4022 1696 4245 1740 ptum.

881 1784 1266 1858 pascuntur3
1303 1786 1365 1839 et
1394 1775 1798 1840 conferentes
1831 1796 1943 1838 seu
1967 1775 2365 1857 disputantes
2474 1791 2665 1853 quam
2708 1771 2953 1834 foenum
2997 1771 3299 1834 velociter
3344 1780 3672 1846 arescent3
3712 1779 3780 1833 et
3828 1780 3965 1833 tan·
3998 1761 4040 1800 ²·

877 1894 1022 1937 cum
1055 1874 1292 1956 aliquo,
1329 1875 1418 1937 ita
1447 1876 1579 1937 suis
1613 1875 1841 1937 intenti
1879 1882 2027 1935 sunt
2057 1872 2271 1936 verbis
2301 1880 2363 1934 et
2402 1874 2447 1934 B
2475 1890 2665 1952 quam
2710 1871 2883 1933 olera
2922 1870 3263 1933 herbarum
3308 1870 3435 1933 cito
3479 1870 3966 1933 decident..Nec

879 1974 1253 2055 phantasiis,
1291 1976 1459 2055 quod
1504 1973 1928 2055 colloquentis
1975 1990 2101 2035 non
2145 1973 2365 2035 adver-
2472 1971 2814 2047 splendebit
2828 1972 3098 2045 flamma
3120 1969 3289 2045 ‘tynis
3308 1967 3776 2045 ejus?Flamma
3800 1966 3965 2047 ignis

878 2080 1021 2134 tunt
1051 2072 1547 2155 intelliguntque
1579 2090 1925 2149 sermoneS,
1963 2072 2071 2134 sed
2113 2088 2365 2150 semper
2475 2067 2683 2148 impii,
2720 2067 2785 2129 id
2822 2074 2919 2130 est
2950 2064 3163 2129 fervor
3194 2065 3293 2127 sui
3330 2066 3605 2128 carnalis
3642 2086 3715 2129 ac
3748 2065 3963 2131 vitiosi

878 2170 956 2232 ad
986 2170 1182 2232 verba
1219 2171 1476 2252 propria
1519 2169 1958 2233 reflectuntur.
1995 2168 2233 2243 Quibus
2272 2167 2366 2229 di—
2476 2166 2732 2241 amoriS‚
2768 2184 2980 2229 coram
3012 2166 3137 2228 Deo
3175 2183 3303 2228 non
3342 2165 3549 2227 solum
3590 2184 3716 2228 non
3758 2166 3965 2247 splen-

877 2269 1149 2331 cendum
1179 2276 1314 2330 est:
1345 2268 1684 2348 iutelligite
1717 2268 1914 2350 priuS,
1935 2276 1998 2330 et
2029 2268 2121 2330 sic
2153 2267 2366 2347 loqua-
2474 2266 2601 2341 det,
2627 2266 2739 2327 sed
2772 2273 2931 2327 tetra
2958 2283 3031 2326 ac
3062 2263 3285 2327 foetida
3315 2272 3411 2327 est
3440 2273 3633 2345 atque
3662 2265 3967 2326 damnan-

877 2385 1042 2428 mur.
1079 2366 1208 2429 Nisi
1239 2368 1412 2429 enim
1441 2367 1874 2448 colloquentes
1919 2385 1985 2428 se
2014 2374 2237 2428 mutuo
2271 2364 2365 2426 in-
2474 2364 2573 2425 da.
2611 2364 2869 2444 Propter
2914 2363 3086 2443 quod
3126 2362 3205 2424 ad
3237 2362 3639 2425 Timotheum
3683 2363 3773 2425 ait
3799 2364 3963 2445 Apo-

877 2464 1187 2544 telligant‚
1224 2465 1538 2527 inutiliter
1569 2464 2082 2528 confabulantur.
2116 2464 2277 2525 Hinc
2298 2463 2363 2523 in
2474 2462 2707 2524 stolus:
2729 2462 2794 2524 In
2819 2462 3185 2525 novissimis
3206 2461 3601 2543 temporibus
3632 2462 3961 2524 instabunt
4020 2482 4056 2525 11
4080 2484 4233 2525 ream:

635 2568 785 2613 Εοοῑῑ-
877 2563 1320 2627 Ecclesiastico
1366 2564 1636 2627 habetur
1671 2581 1684 2624 :
1719 2562 1839 2625 Ubi
1884 2581 2008 2625 non
2051 2571 2147 2625 est
2189 2562 2364 2624 audi·
2476 2570 2759 2642 tempora
2791 2560 3187 2642 periculosa;
3234 2569 3297 2623 et
3335 2568 3525 2623 erunt
3560 2561 3854 2623 homines
3893 2549 4013 2623 se¹
4024 2548 4093 2599 ’²‘
4112 2548 4151 2589 ⁴

585 2634 838 2683 ¹¹¹¹¹’⁶'⁹'
877 2670 997 2739 tus,
1035 2681 1160 2725 non
1191 2662 1491 2725 effundas
1513 2662 1992 2725 sermonem.Et
2022 2660 2174 2724 item
2203 2679 2216 2721 :
2242 2662 2365 2722 Au-
2474 2660 2647 2740 ipsos
2696 2667 3003 2735 amanteS,
3058 2658 3297 2739 cupidi,
3346 2659 3517 2736 elati,
3562 2658 3957 2741 voluptatum

877 2761 942 2822 di
994 2770 1229 2838 tacenS,
1273 2769 1338 2823 et
1379 2779 1492 2841 pro
1542 2760 1895 2823 reverentia
1940 2760 2195 2823 accedet
2245 2758 2360 2820 tibi
2472 2765 2784 2820 amatores
2814 2757 3015 2836 magis
3046 2776 3237 2837 quam
3268 2758 3397 2820 Dei.
3424 2757 3595 2821 Hanc
3626 2758 3822 2839 igitur
3848 2778 3960 2840 per

871 2859 1077 2939 gratia
1105 2860 1292 2921 bona.
2472 2875 2699 2936 aquam
2750 2855 3079 2937 sapientiae
3116 2855 3411 2917 salutaris
3445 2856 3701 2937 penitus
3732 2856 3960 2919 exstin-
3990 2880 4243 2925 Scottus.
4293 2904 4294 2929 2

954 2958 1218 3038 Insuper
1259 2956 1438 3033 taleS,
1474 2956 1777 3036 quoniam
1818 2958 1984 3038 apud
2033 2976 2100 3019 se
2143 2956 2359 3038 magni
2470 2953 2987 3035 guamuszquod,
3012 2962 3237 3034 agente
3267 2954 3504 3035 Spiritu
3536 2954 3962 3031 Sanct0‚com·
4293 2932 4294 3005 Ῐ

873 3064 1044 3133 sunt,
1078 3054 1160 3117 ab
1203 3055 1347 3117 aliis
1388 3073 1645 3136 quoque
1687 3056 2005 3136 sapientes
2043 3066 2107 3117 et
2147 3056 2359 3136 magni
2396 3065 2440 3128 C
2472 3053 2703 3134 pletur,
2734 3053 2914 3134 juxta
2941 3052 3113 3133 quod
3143 3051 3332 3113 lsaias
3361 3052 3630 3130 inducit,
3653 3052 3959 3116 Protectio
4028 3067 4209 3118 ιωῃι.

874 3152 1141 3234 cupiunt
1176 3153 1477 3233 reputari.
1511 3152 1683 3226 Quod
1717 3153 1771 3214 si
1810 3152 1956 3235 quis
1986 3153 2363 3215 humiliave-
2471 3152 2589 3214 erit
2641 3151 2706 3212 in
2757 3150 3201 3213 umbraculum
3252 3150 3379 3213 diei
3428 3150 3508 3213 ab
3554 3160 3733 3227 aestu,
3786 3159 3851 3213 et
3894 3152 3957 3213 in

875 3250 958 3312 rit
988 3269 1119 3327 θοε,
1153 3260 1630 3331 conqueruntur
1675 3270 1742 3314 se
1779 3252 2044 3332 despici,
2078 3251 2361 3315 dicentes
2472 3249 2955 3312 absconsionem
2989 3269 3026 3311 a
3064 3249 3319 3313 turbine
3362 3258 3425 3312 et
3467 3269 3503 3311 a
3534 3249 3775 3331 pluvia.
3811 3254 3961 3311 Lux

875 3349 1043 3430 quod
1085 3348 1373 3430 sequitur
1406 3366 1420 3410 ε
1457 3353 1668 3418 Quare
1699 3352 1989 3427 reputati
2027 3372 2251 3411 sumus
2290 3361 2361 3411 ut
2470 3352 2924 3409 obtenebrescet
2972 3351 3043 3407 in.
3094 3352 3502 3410 tabernac-ulo
3544 3351 3731 3409 illius
3759 3370 3783 3409 .·
3812 3350 3961 3431 quia

859 3449 1194 3525 jumenta,
1236 3457 1296 3508 et
1337 3450 1708 3509 sordui-mus
1754 3469 1970 3509 coram
2017 3451 2123 3509 te?
2170 3449 2361 3511 Porro
2470 3456 2711 3527 quanto
2754 3447 2900 3528 plus
2940 3455 3180 3528 peccat,
3218 3455 3392 3510 tanto
3426 3446 3535 3509 lux
3564 3448 3795 3513 animae
3824 3449 3961 3530 ejus

876 3545 988 3627 qui
1037 3565 1182 3608 vere
1219 3554 1316 3608 est
1356 3545 1640 3622 humilis,
1675 3546 1785 3626 qui
1837 3546 1902 3609 in
1953 3566 2067 3609 suo
2115 3547 2361 3609 laetatur
2472 3546 2537 3607 in
2568 3564 2683 3607 suo
2712 3564 2976 3626 corpore
3008 3543 3332 3607 infelicius
3362 3542 3742 3607 offuscatur.

875 3643 1200 3725 despectu,
1229 3642 1699 3723 quantumlibet
1727 3644 2138 3725 deprimatur,
2170 3645 2363 3726 majo-
2550 3646 3259 3719 Arctabunturyressus
3280 3644 3547 3704 virtutis
3565 3642 3961 3721 ey‘uS.Quam-

876 3741 931 3802 ri
971 3741 1414 3804 humiliatione
1445 3741 1710 3822 dignum
1742 3761 1809 3804 se
1847 3742 2213 3819 arbitratur,
2249 3762 2360 3805 seu
2473 3742 2569 3804 vis
2600 3740 2703 3803 via
2742 3740 2967 3803 salutis
3006 3740 3091 3802 sit
3126 3748 3320 3817 arcta,
3354 3741 3417 3802 id
3458 3749 3552 3803 est
3592 3743 3789 3804 ardua
3828 3742 3961 3805 sive
4004 3766 4240 3810 naemu..

873 3848 1134 3921 propter
1164 3838 1338 3901 illata
1369 3840 1634 3901 adversa
1653 3857 1780 3901 non
1815 3839 2190 3921 indignatur.
2213 3841 2364 3903 Prae-
2472 3839 2790 3916 difficilis,
2815 3839 3043 3902 caritas
3074 3848 3285 3901 tamen
3314 3839 3733 3921 spiritualiter
3760 3850 3959 3903 exstat
3990 3834 4055 3873 ¹⁴·

875 3946 1068 4015 terea,
1104 3937 1318 4017 magni
1369 3936 1437 3998 in
1479 3937 1738 4018 proprio
1779 3938 1990 4015 corde,
2024 3939 2176 4001 dum
2227 3958 2363 4002 cor·
2472 3939 2785 4001 latissima
2834 3956 2847 4000 :
2900 3938 3203 4019 quoniam
3253 3939 3331 4000 ad
3380 3958 3600 4002 omnes
3650 3947 3713 4001 et
3757 3958 3960 4021 usque

875 4036 1221 4118 ripiuntur,
1254 4036 1707 4117 corripientem
1756 4056 1830 4099 ex
1876 4038 2120 4118 impetu
2165 4038 2367 4120 impass
2475 4037 2767 4099 inimicos
2818 4036 3239 4118 protenditur,
3291 4055 3644 4117 omnesque
3692 4038 3963 4120 comple-

876 4135 1145 4211 tientiae,
1212 4154 1338 4197 non
1398 4153 1474 4195 cx
1531 4134 1814 4196 caritatis
1873 4134 2124 4199 fervore
2184 4137 2360 4218 loqui
2472 4136 2686 4199 ctitur.
2707 4135 2887 4211 Hinc,
2914 4144 3152 4215 quanto
3182 4136 3325 4217 quis
3359 4136 3425 4198 in
3446 4136 3708 4199 caritate
3738 4145 3802 4199 et
3828 4156 3965 4217 gra-

877 4233 1262 4309 existimant,
1297 4232 1581 4296 dicentes
1613 4233 1953 4314 subjuncta
1989 4253 2002 4296 :
2043 4238 2366 4314 Quidper-
2393 4240 2444 4301 D
2475 4235 2562 4297 tia
2592 4234 2868 4315 amplius
2898 4233 3147 4311 crescit,
3180 4252 3255 4297 co
3281 4251 3535 4314 gressus
3564 4234 3795 4298 animae
3822 4235 3961 4317 ejus

874 4335 980 4394 dis
1016 4336 1310 4393 animam
1353 4342 1532 4393 tuam
1569 4335 1642 4393 in
1681 4334 1907 4408 furore
1948 4338 2106 4395 tuo?
2149 4335 2364 4417 ltaque
2474 4334 2619 4417 plns
2658 4332 3105 4395 extenduntur.
3141 4332 3398 4414 Propter
3438 4333 3607 4414 quod
3652 4334 3959 4415 scriptum

880 4428 1058 4491 furor
1114 4428 1392 4491 hominis
1453 4428 1728 4510 perditio
1784 4438 1882 4492 est
1941 4430 2165 4511 ipsiuS.
2221 4432 2364 4495 Ideo
2473 4442 2617 4495 est:
2651 4430 3119 4494 Ambulabam
3105 4450 3170 4492 in
3208 4431 3566 4508 latitudine,
3602 4432 3758 4513 quia
3786 4452 3963 4495 man·
4010 4452 4087 4494 Ρ..
4110 4466 4235 4498 mm.

879 4534 1208 4589 mansuete
1247 4546 1531 4608 agamuS,
1563 4528 1741 4608 juxta
1779 4528 1940 4590 illud
1970 4528 2367 4593 Ecclesiasti-
2473 4532 2618 4592 data
2666 4538 2773 4591 tua
2818 4528 3156 4609 exquisivi.
3192 4529 3521 4609 itemque:
3556 4530 3842 4592 Statuisti
3893 4522 4007 4592 in⁴
4000 4534 4073 4623 P·
4092 4594 4169 4622 m
4196 4582 4231 4618 ‚-

586 4640 848 4691 mannam
878 4626 935 4688 ci
975 4644 988 4687 :
1025 4624 1164 4702 Fili,
1198 4625 1264 4687 in
1295 4625 1786 4689 mansuetudine
1815 4644 2007 4709 opera
2041 4637 2146 4690 tua
2176 4628 2367 4711 perfi-
2474 4628 2613 4691 loco
2642 4627 2922 4709 spatioso
2946 4626 3137 4707 pedes
3168 4646 3363 4689 meos,
3398 4628 3515 4688 Et:
3540 4627 3763 4689 Latum
3794 4648 3961 4691 man-
4008 4654 4131 4696 1²2.
4176 4613 4185 4621 ’

879 4744 972 4801 ce,
1007 4733 1070 4787 et
1113 4744 1304 4807 super
1354 4724 1685 4787 hominum
1732 4726 2001 4804 gloriam
2050 4727 2359 4807 diligeris.
2472 4728 2689 4789 datum
2723 4735 2897 4788 tuum
2932 4725 3145 4787 nimis,
3181 4725 3418 4807 lmpius
3448 4744 3620 4805 ergo,
3654 4720 4031 4807 quoniam⁹⁶

877 4824 1074 4885 Furor
1112 4841 1369 4905 quoque
1403 4823 1612 4887 reddit
1654 4823 1981 4885 hominem
2021 4825 2164 4888 aliis
2203 4827 2367 4890 into·
2474 4844 2697 4908 expers
2728 4832 2823 4887 est
2852 4823 3132 4886 caritatis
3161 4823 3405 4900 infusae,
3426 4842 3540 4886 nec
3569 4824 3957 4906 quaeritquae
3998 4851 4227 4904 Ριιειῑρμιι.
4293 4890 4294 4893 ,

877 4922 1208 4986 lerabilem
1239 4930 1303 4985 et
1331 4923 1802 4999 inclementem,
1825 4924 2171 4987 secundum
2193 4928 2363 5007 quod
2470 4922 2705 4985 Christi
2754 4931 2923 5000 sunt,
2958 4923 3064 4986 sed
3114 4941 3181 4985 se
3230 4921 3463 5003 ipsum,
3507 4922 3659 4985 hinc
3700 4940 3956 5003 gressus
3982 4917 4045 4956 ²¹·
4293 4908 4294 4939 l

586 5021 942 5087 Prov.xxv11‚·in
974 5019 1328 5083 Proverbiis
1362 5020 1710 5083 ferturzlra
1742 5040 1868 5083 non
1900 5020 2090 5083 hebet
2122 5023 2367 5086 miseri-
2473 5024 2613 5103 ejus
2654 5030 2998 5097 arctantur,
3034 5022 3183 5083 dum
3228 5020 3307 5082 ad
3353 5020 3563 5102 ipsum
3598 5020 3837 5102 Jugiter
3865 5040 3957 5083 re-

581 5103 622 5143 ⁴·
874 5118 1176 5195 cordiam,
1201 5138 1314 5181 nec
1338 5138 1678 5201 crumpens
1712 5118 1924 5195 furor3
1961 5129 2023 5183 et
2055 5121 2361 5203 impetum
2475 5122 2845 5183 flectuntur.
2872 5119 3213 5195 Postremo,
3238 5119 3302 5180 in
3326 5118 3579 5181 inferno
3610 5119 3951 5193 claudetur,

874 5218 1174 5282 concitati
1205 5218 1470 5300 spiritus
1503 5218 1668 5281 ferre
1699 5218 1841 5298 quis
1885 5220 2163 5300 poterit?
2472 5228 2536 5283 et
2574 5236 2828 5297 gressus
2868 5218 3004 5299 ejus
3043 5217 3480 5298 poenalissime
3516 5217 3948 5293 arctabuntur,

955 5320 1184 5377 Nonne
1206 5322 1324 5377 lua:
1345 5320 1539 5393 impii
1557 5320 2004 5395 eaestz'nyuecur
2018 5320 2048 5377 ἒ
2066 5318 2363 5383 Naturale
2473 5320 2559 5381 ita
2584 5325 2653 5381 ut
2674 5335 2999 5398 nunquam
3022 5315 3233 5398 egredi
3256 5318 3765 5399 queatJmmisic
3782 5320 3951 5377 enim
