4309 6259
1186 492 1531 538 mannum
1573 494 1635 538 ΙΝ
1678 494 1813 540 CAP.
1862 495 2051 542 XXXVI
2090 496 2216 541 Jon.
2272 517 2342 526 —
2384 499 2525 544 ΛΒΤ.
2577 500 2712 544 Lxlv

3369 483 3488 545 679

396 658 799 740 voluptatum
855 679 1113 722 suarum
1162 661 1479 724 desideria
1526 663 1729 726 inulta
1769 663 1890 725 ini—
1919 664 1964 725 A
1996 666 2864 748 garrquS,quemadmodum
2901 669 2964 730 in
2996 670 3374 732 Ecclesiaste
3408 671 3486 732 lc-

394 759 643 837 quitate
674 769 1153 832 consumment3
1188 769 1381 840 atque
1410 780 1486 823 eo
1516 763 1890 844 temporalia

398 854 661 935 flagella
710 875 838 919 non
888 857 1190 935 sentiant,
1241 878 1370 940 quo
1420 860 1737 941 supplicia
1782 880 1888 922 eos

393 961 636 1016 aeterna
665 964 1057 1037 exspectant.

474 1052 566 1113 Ex
598 1053 1011 1134 praeinductis
1038 1054 1363 1116 concludit
1389 1073 1402 1116 ε
1429 1059 1601 1132 Eryo
1619 1060 1735 1117 [οὐ
1753 1060 1893 1134 fru-

391 1161 531 1212 stra
560 1155 771 1228 aperit
808 1173 874 1212 os
910 1173 1130 1222 suum,
1160 1153 1311 1233 quia
1352 1155 1519 1234 quod
1572 1154 1890 1235 loquendo

394 1249 675 1310 intendit
722 1250 1081 1326 ostendere,
1118 1269 1243 1313 non
1289 1259 1495 1331 potest
1542 1250 1749 1313 firmis
1802 1272 1892 1312 ra-

394 1347 681 1410 tionibus
724 1349 1161 1430 comprobare.
1196 1349 1313 1412 Sed
1356 1351 1720 1431 oppositum
1760 1352 1889 1431 jam

394 1445 687 1527 probavi.
728 1451 809 1509 E'c
851 1450 1085 1526 absque
1125 1450 1397 1508 scientia
1444 1452 1629 1510 verba
1676 1453 1891 1510 malti—

384 1545 623 1620 plicat,
654 1543 719 1606 id
764 1553 882 1620 est,
920 1545 1262 1608 indiscrete
1292 1552 1355 1608 et
1385 1546 1764 1628 insipienter
1796 1556 1891 1610 est

1998 764 2170 844 gitur
2215 783 2229 826 :
2279 765 2520 827 Stultus
2571 767 2762 829 verba
2814 769 3216 848 multiplicat.
3271 770 3482 844 Porro,

1999 864 2350 924 secundum
2389 864 2780 944 Gregorium,
2820 867 3145 948 proprium
3188 885 3486 946 arrogan-

1998 961 2157 1022 tium
2192 981 2330 1025 csse
2361 964 2544 1040 solet,
2565 973 2632 1025 ut
2661 983 2861 1045 pauca
2889 964 3169 1040 credant,
3189 983 3332 1044 quae
3362 965 3484 1046 ipsi

1999 1059 2198 1120 multa
2228 1060 2526 1137 dixerint,
2564 1072 2622 1124 et
2663 1062 2863 1124 multa
2905 1063 3184 1137 credant,
3219 1081 3362 1143 quae
3393 1064 3487 1143 ip-

2000 1157 2085 1218 sis
2118 1177 2318 1238 pauca
2350 1160 2674 1222 dicuntur.
2700 1160 2856 1234 Quia
2885 1161 3056 1223 enim
3090 1181 3204 1222 sua
3235 1179 3487 1242 semper

1999 1255 2210 1317 dicere
2242 1257 2481 1333 volunt,
2519 1258 2727 1319 aliena
2758 1258 2981 1320 audire
3013 1277 3140 1320 non
3175 1267 3481 1339 possunt.;

2001 1353 2129 1414 vim
2189 1373 2256 1416 se
2305 1355 2432 1435 pati
2494 1356 2882 1433 existimant,
2936 1356 2989 1416 si
3039 1375 3112 1418 ea
3166 1375 3307 1435 quae
3362 1356 3484 1416 im-

2001 1452 2322 1514 moderate
2367 1454 2674 1530 sentiunt,
2709 1454 3188 1517 immoderatius
3229 1471 3355 1516 non
3395 1453 3490 1515 es-

2005 1547 2297 1610 fundanh

1436 2028 2085 2113 ARTICULUS
2167 2030 2434 2114 LXIV

922 2326 1273 2372 Et..uctnA'1·10
1318 2326 1594 2371 CAPl'l'ULI
1635 2327 1937 2372 Tulcsssnu
1982 2327 2155 2372 SEXTt
2200 2329 2212 2373 :
2262 2331 2500 2375 Anni-:Ns
2543 2332 2777 2386 QUOQUE
2819 2335 2974 2380 matu.

536 2647 839 2706 DDENS
878 2667 1127 2726 quoque
1169 2646 1356 2714 Elia,
1387 2647 1519 2705 hoee
1565 2643 1754 2706 etiam
1808 2647 1887 2704 lo-
1927 2641 1971 2701 B
2000 2643 2632 2707 statum.Perfectum
2662 2647 2903 2728 quippe
2933 2649 3226 2729 pluribus
3255 2649 3488 2712 dicitur

552 2753 739 2802 cutus
766 2755 876 2804 esc.
911 2745 1184 2806 Tacente
1218 2744 1402 2806 beato
1432 2744 1567 2818 lob,
1606 2742 1747 2803 Eliu
1780 2761 1887 2823 po-

398 2841 697 2904 sitionem
760 2861 937 2903 suam
1002 2841 1445 2923 multipliciter
1502 2842 1887 2904 confirmare

393 2940 663 3015 curavit,
696 2948 760 3001 et
794 2959 965 3002 nunc
1007 2940 1073 3002 in
1113 2940 1235 3002 isto
1276 2940 1556 3022 capitulo
1602 2941 1747 3002 aliis
1791 2959 1887 3018 ra-

394 3037 678 3099 tionibus
716 3038 945 3118 probat
984 3036 1175 3113 idem,
1213 3039 1381 3117 quod
1424 3035 1717 3119 superius
1754 3039 1881 3117 jam

392 3135 711 3216 probavit.
765 3139 1030 3197 Sustine
1080 3157 1179 3194 me
1216 3141 1594 3212 paululum,
1650 3137 1711 3198 id
1763 3145 1879 3209 est,

391 3236 709 3315 patienter
740 3253 843 3296 me
872 3234 1020 3295 audi
1059 3235 1405 3317 paulisper,
1443 3236 1593 3315 quia
1638 3235 1885 3297 succin-

388 3344 493 3399 cte
543 3333 792 3415 loquar,
825 3343 884 3393 ec
929 3335 1231 3393 indicabo
1280 3335 1399 3394 cibi
1444 3335 1613 3413 quod
1662 3353 1881 3396 verum

389 3442 509 3508 est,
530 3439 594 3494 et
624 3432 797 3511 quod
829 3431 991 3492 scire
1024 3439 1083 3492 te
1114 3431 1433 3494 convenit.
1456 3434 1689 3492 Adhuc
1708 3434 1883 3491 enim

2001 2741 2234 2803 modis,

2076 2839 2552 2921 Consequenter
2589 2843 2818 2923 probat
2855 2844 3296 2908 rectitudinem
3326 2848 3488 2909 divi-

1998 2938 2061 2999 ni
2113 2938 2360 3019 judicii.
2408 2942 2579 3000 Deus
2621 2952 2905 3019 potentes
2950 2963 3076 3003 non
3127 2947 3378 3022 abjicit,
3421 2947 3482 3008 id

1996 3045 2112 3112 est,
2149 3055 2222 3099 ea
2255 3036 2498 3100 ratione
2529 3058 2656 3118 qua
2689 3048 2983 3121 potentes
3015 3049 3183 3118 sunt,
3218 3061 3324 3105 eos
3357 3063 3484 3106 non

1996 3135 2364 3211 detestatur,
2429 3154 2545 3197 nec
2603 3137 2760 3212 odit,
2825 3138 3080 3219 repellit
3136 3148 3246 3201 aut
3306 3142 3482 3204 dam-

1996 3241 2123 3306 nat,
2159 3255 2358 3312 quum
2405 3245 2464 3294 ec
2515 3237 2647 3311 ipse
2692 3240 2778 3296 sit
2817 3247 3063 3312 potens,
3112 3239 3241 3301 imo
3288 3241 3486 3302 omni-

1996 3339 2243 3410 potenS.
2279 3331 2412 3392 Non
2460 3332 2630 3394 enim
2671 3333 2804 3394 odit
2842 3343 2952 3394 aut
2990 3335 3213 3414 abjicit
3252 3355 3359 3399 eos
3401 3338 3484 3400 ob

1995 3427 2081 3502 id,
2105 3428 2204 3490 vel
2239 3447 2350 3509 per
2383 3428 2469 3503 id,
2491 3429 2555 3490 in
2588 3448 2715 3510 quo
2744 3430 2802 3492 ei
2833 3430 3308 3494 assimilantur:
3334 3453 3486 3514 quo-

3559 777 3706 820 Eccle.
3736 791 3778 826 x,

3519 843 3582 882 ¹4.

390 3533 586 3592 habeo
627 3534 800 3609 quod
837 3549 958 3606 pro
1003 3533 1131 3591 Deo
1179 3535 1430 3608 loquar,
1466 3529 1529 3591 id
1574 3539 1690 3605 est,
1727 3529 1882 3590 alias

391 3629 647 3690 intueor
704 3626 983 3688 rationes
1036 3627 1115 3688 ad
1168 3625 1641 3690 defendendum
1698 3627 1885 3708 justi-

392 3727 547 3789 tiam
594 3726 725 3800 Dei,
770 3725 874 3787 cui
924 3734 989 3786 tu
1040 3726 1325 3804 derogaS‚
1360 3726 1509 3786 dum
1564 3734 1621 3785 te
1672 3726 1879 3806 ipsum

392 3832 900 3908 praesumptuose
947 3821 1287 3903 justificas.
1330 3827 1635 3899 Repetam
1683 3827 1885 3882 seien-
1919 3823 1961 3884 C

394 3928 560 3986 tiam
590 3945 799 3983 meam
830 3945 869 3983 a
892 3925 1246 4000 principio,
1282 3922 1343 3983 id
1384 3929 1501 3996 est,
1533 3941 1607 3983 ea
1635 3942 1776 4002 quae
1804 3922 1884 3983 ab

392 4021 655 4084 exordio
704 4022 897 4100 hujus
943 4019 1393 4102 disputationis
1436 4039 1593 4082 meae
1635 4020 1883 4082 locutus

1993 3528 2166 3589 niam
2212 3527 2564 3591 similitudo
2603 3548 2716 3611 per
2757 3549 2824 3592 se
2856 3539 2952 3592 est
2999 3550 3189 3594 causa
3236 3534 3484 3597 dilecti-

1992 3627 2158 3704 oniS‚
2195 3628 2542 3689 secundum
2597 3628 2754 3690 illud
2794 3629 3240 3706 Ecclesiastici,
3285 3631 3482 3695 Omne
3525 3657 3672 3701 1cceti.
3689 3669 3774 3704 xm.

1992 3725 2228 3786 animal
2271 3725 2481 3805 diligit
2518 3725 2726 3787 simile
2767 3727 2911 3788 sibi.
2948 3727 3149 3800 Quum
3191 3747 3340 3809 ergo
3372 3751 3482 3812 po·
3515 3723 3578 3761 ¹⁹·

1998 3832 2200 3885 tentes
2244 3843 2358 3904 per
2398 3824 2744 3904 potentiam
2786 3826 2909 3886 Deo
2953 3826 3408 3903 assimilentur,
3446 3849 3480 3890 a

1992 3941 2120 4002 quo
2171 3922 2345 3984 illam
2395 3922 2586 3984 etiam
2632 3922 3004 3998 sortiuntur,
3042 3933 3229 4004 prout
3257 3927 3336 3986 ad
3370 3927 3482 3987 Ro-

1996 4039 2216 4082 manos
2247 4021 2499 4100 legitur,
2521 4020 2653 4081 Non
2677 4029 2772 4082 est
2805 4029 3080 4101 potestas
3115 4022 3238 4083 uisi
3259 4043 3294 4084 a
3317 4024 3474 4096 De03
3511 4049 3772 4097 Romnum.

392 4140 533 4182 sum
571 4120 651 4182 de
681 4119 803 4181 ista
832 4119 1114 4193 materia,
1137 4137 1304 4179 nunc
1335 4119 1413 4180 de
1444 4136 1609 4180 novo
1632 4118 1883 4198 plenius

392 4236 766 4300 prosequar,
803 4218 1148 4296 eademque
1189 4235 1334 4277 cum
1374 4215 1626 4278 clariori
1659 4215 1886 4297 proba-

394 4318 565 4379 tione
586 4334 934 4387 resumam3
960 4323 1019 4374 ec
1037 4325 1448 4391 operatorem,
1471 4314 1532 4376 id
1564 4324 1657 4375 est
1688 4315 1881 4376 Deum

1994 4127 2240 4180 constat
2272 4120 2442 4200 quod
2475 4119 2719 4180 ratione
2750 4120 3047 4200 potentiae
3076 4139 3183 4181 eos
3216 4139 3342 4182 non
3373 4122 3482 4183 ab-

1993 4216 2154 4295 jicit,
2190 4218 2298 4278 sed
2332 4217 2480 4297 quia
2513 4217 2866 4278 abutuntur
2895 4217 3180 4298 potentia
3213 4236 3227 4280 ε
3260 4239 3386 4300 qua
3425 4220 3475 4280 si

1996 4314 2157 4375 bene
2190 4322 2470 4390 utantur,
2505 4334 2612 4377 eos
2643 4323 2947 4396 acceptat,
2983 4324 3048 4376 ut
3087 4315 3475 4394 Samsonem,

1996 4412 2212 4486 David,
2266 4413 2489 4475 Judam
2540 4412 2983 4475 Machabaenm.
3039 4413 3242 4476 Simili
3295 4417 3482 4478 modo

1996 4510 2224 4574 divites
2257 4529 2382 4572 non
2419 4511 2662 4592 abjicit,
2683 4530 2879 4591 quum
2915 4521 2976 4574 et
3009 4513 3144 4593 ipsc
3175 4514 3475 4576 sitdiveS.

1996 4610 2183 4671 Porro
2238 4609 2406 4690 quod
2462 4608 2727 4689 Sapiens
2773 4609 2983 4684 habet,
3041 4611 3329 4672 Potentes
3373 4631 3482 4693 po·
3538 4637 3772 4690 Sap.v1,7.

1995 4716 2200 4769 tenter
2241 4715 2552 4770 tormenta
2588 4707 2930 4787 patientur,
2967 4717 3049 4782 et,
3092 4708 3480 4772 Fortioribus
3551 4732 3734 4774 man.

387 4434 527 4478 crea
538 4423 739 4484 torem,
758 4433 967 4472 meum
986 4415 1252 4488 probabo
1258 4414 1529 4488 justum.
1542 4417 1691 4472 Vere
1709 4416 1883 4472 enim

391 4517 627 4592 absque
657 4513 989 4572 mendacio
1025 4531 1342 4570 sermone-s·
1384 4514 1529 4572 mei.
1564 4511 1885 4572 Verumta-

394 4631 544 4674 men
577 4610 720 4671 Eliu
762 4609 881 4670 iste
921 4627 1382 4689 nonnunquam
1430 4609 1587 4670 salse
1630 4609 1885 4671 conclu-

390 4708 497 4782 sit,
518 4717 677 4770 etex
710 4707 878 4769 veris
908 4706 1255 4788 praemissis
1285 4716 1505 4769 contra
1532 4707 1649 4769 Job
1668 4706 1883 4767 inania

395 4806 636 4867 intulit.
674 4809 759 4867 Ec
782 4809 1067 4885 perfecta
1094 4807 1365 4864 scientia
1391 4808 1775 4882 probabitur
1808 4807 1885 4866 ti·
1997 4805 2224 4867 fortior
2276 4805 2468 4866 instat
2517 4803 2858 4879 cruciatus,
2895 4806 2972 4867 ‹le
3008 4806 3372 4887 potentibus
3419 4816 3476 4868 et

392 4907 458 4962 bi
478 4926 500 4963 .·
526 4904 588 4964 id
619 4912 737 4977 est,
764 4902 1047 4984 probabo
1080 4903 1218 4977 tibi,
1244 4904 1414 4983 quod
1449 4903 1711 4965 scientia
1745 4921 1883 4964 mea
1998 4902 2270 4966 sortibus
2315 4922 2426 4964 sua
2468 4902 2750 4984 potentia
2789 4903 3199 4965 abutentibus
3239 4903 3477 4967 dictum

393 5020 586 5081 quam
616 5002 695 5062 de
728 5002 851 5062 Deo
890 5009 953 5062 et
992 5002 1129 5080 ejus
1171 5001 1591 5082 providentia,
1624 5002 1884 5081 aequita-
1918 5005 1965 5065 D
1994 5009 2087 5064 est
2118 5019 2130 5062 ε
2166 5000 2694 5082 quemadmodum
2718 5008 2780 5061 et
2812 5001 2977 5080 quod
3011 5000 3294 5080 loquitur
3314 5002 3483 5064 Chri-

396 5111 478 5175 te,
512 5099 751 5180 judicio
782 5099 985 5160 habeo
1016 5107 1078 5160 et
1108 5117 1416 5181 propono,
1454 5100 1537 5161 sit
1566 5100 1887 5178 integrali-
1994 5109 2149 5175 stuS,
2200 5099 2568 5161 possibilius
2607 5108 2700 5159 est
2740 5099 3051 5160 camelum
3095 5100 3327 5162 intrare
3367 5121 3481 5182 per
3530 5115 3776 5162 ‚natet-mx.

399 5207 493 5260 ter
526 5215 697 5274 vera,
734 5206 795 5258 et.
828 5196 892 5257 in
923 5214 1154 5276 genere
1184 5215 1299 5259 suo
1331 5196 1633 5279 perfecta,
1670 5197 1890 5259 videli-
2000 5198 2281 5259 toramen
2313 5214 2486 5270 acuS‚
2508 5214 2696 5276 quam
2726 5195 2991 5257 divitem
3024 5197 3258 5258 intrare
3293 5198 3354 5258 in
3391 5217 3483 5260 re-
3513 5181 3578 5222 ²⁴·

398 5304 499 5358 cet
520 5303 829 5376 quantum
854 5303 1096 5376 spectat
1115 5293 1193 5355 ad
1214 5295 1519 5358 viatorem
1548 5313 1889 5375 meumque
2000 5313 2194 5374 gnum
2222 5294 2550 5356 coelorum.
