4309 6259
840 499 1187 546 mannum
1232 501 1293 547 m
1338 503 1474 548 CAP.
1520 502 1581 548 IV
1624 500 1780 547 unm
1823 501 1993 546 plum
2034 499 2564 548 PARALIPOHENON.
2610 521 2690 532 -
2730 500 2873 546 Alt'r.
2921 501 2982 546 lv

3331 481 3446 546 123

358 677 614 747 nuatur,
668 673 839 753 quod
893 692 1040 735 cum
1090 673 1315 753 grandi
1355 680 1545 754 atque
1594 670 1853 733 insolito
1881 669 1933 732 A
1964 670 2083 733 iste
2129 670 2226 735 vir
2272 669 2397 732 fuit
2434 671 2665 753 justuS,
2701 678 2949 734 constat
2988 669 3158 753 quod
3203 666 3449 751 aliquid

92 786 325 896 333³*
356 768 579 832 dolore
630 771 879 853 peperit
925 791 1093 835 eum.
1130 771 1233 834 Sic
1276 781 1336 834 et
1382 769 1611 834 Rachel
1652 789 1851 851 quum

356 867 831 948 periclitaretur
880 871 948 931 in
995 879 1202 951 partu,
1242 870 1455 933 filium
1508 888 1695 931 suum
1745 886 1855 931 vo-

352 966 529 1028 cavit
570 967 831 1046 Benoni‚
866 969 988 1032 hoc
1037 977 1155 1046 est,
1197 969 1375 1031 filius
1412 968 1651 1032 doloris
1700 967 1849 1030 mei.

352 1067 783 1128 Invocaverat
829 1089 977 1146 erqo
1015 1071 1201 1130 Jabes
1241 1071 1450 1131 Deum
1491 1071 1721 1136 Israel,
1752 1067 1854 1126 di-

350 1184 523 1225 cens.
562 1164 774 1239 Qualis
822 1165 1017 1230 suerit
1060 1167 1381 1232 invocatio
1427 1167 1567 1243 ista,
1601 1165 1855 1228 elicitur

350 1281 429 1324 ex
484 1281 563 1325 eo
592 1265 763 1345 quod
796 1264 1093 1328 subditur
1127 1267 1249 1328 :Si
1279 1268 1649 1326 benedicens
1678 1267 1855 1324 bene-

346 1364 611 1422 dioeeris
642 1365 831 1425 mihi.
864 1363 953 1426 Ex
991 1383 1121 1446 quo
1171 1370 1439 1441 constat,
1492 1364 1662 1445 quod
1720 1370 1855 1425 erat

348 1460 681 1524 invocatio
708 1470 859 1525 voto
890 1463 1213 1544 adjuncta,
1248 1471 1462 1525 tamen
1492 1460 1612 1523 sub
1642 1461 1856 1525 condi-

350 1558 668 1637 tionibuS,
702 1579 848 1641 quae
883 1569 1261 1642 sequuntur,
1298 1560 1616 1637 videlicet,
1653 1559 1716 1623 Si
1747 1560 1856 1623 be-

350 1658 665 1721 nedicens
696 1658 1103 1722 benedixeris
1130 1659 1444 1723 mihi.Est
1474 1668 1685 1722 autem
1716 1677 1857 1722 con—

348 1758 629 1820 suetudo
678 1757 917 1838 linguae
965 1758 1263 1836 Hebraeae,
1318 1759 1495 1841 loqui
1544 1778 1691 1822 cum
1741 1757 1853 1821 tali

1962 768 2295 850 spirituale
2325 770 2451 833 Deo
2482 769 2796 850 promisit,
2831 777 2903 832 ut
2946 769 3216 831 aliorum
3250 766 3448 830 infor-

1963 866 2230 932 mationi
2263 868 2616 945 intendere,
2636 877 2699 931 et
2727 868 2972 931 actibus
2993 867 3140 932 vitae
3171 875 3446 930 contem-

1962 966 2238 1048 plativae,
2287 975 2441 1049 puta
2475 965 2769 1043 orationi,
2811 965 3254 1047 speculationi,
3287 963 3448 1027 Scri-

1966 1064 2171 1146 pturis
2222 1063 2518 1126 insistere
2554 1082 2568 1125 :
2611 1064 2690 1127 ad
2737 1082 2880 1145 quae
2921 1069 3344 1144 cooperantur
3383 1069 3450 1124 et

1964 1163 2304 1241 exiguntur
2342 1161 2684 1227 affluentia
2719 1161 2958 1242 gratim,
3003 1159 3447 1243 temporalium

1964 1262 2408 1344 competentia,
2443 1261 2817 1326 adsistentia
2847 1261 2979 1337 Dei,
3013 1259 3382 1323 immunitas
3412 1279 3451 1322 a

1964 1361 2262 1442 peccatis
2296 1361 2362 1422 ln
2403 1361 2608 1423 forma
2636 1361 2830 1441 hujus
2858 1358 3324 1442 promissioniS,
3357 1377 3450 1422 se-

1964 1468 2147 1522 cutus
2189 1469 2284 1522 est
2310 1459 2496 1522 Jabes
2524 1459 2716 1522 Jacob
2745 1458 3191 1541 patriarcham,
3213 1459 3294 1520 de
3319 1475 3450 1539 quo

1964 1557 2197 1638 legitur
2227 1559 2294 1620 in
2323 1557 2550 1621 Genesi
2586 1557 2812 1621 :Vovit
2848 1557 3040 1619 etiam
3079 1564 3321 1634 votum,
3355 1555 3450 1617 di·
3491 1577 3740 1628 emuna.

1964 1673 2165 1716 cens:
2214 1655 2276 1718 Si
2319 1654 2511 1719 fuerit
2557 1655 2862 1719 Dominus
2902 1673 3174 1730 mecum,
3227 1662 3292 1717 et
3337 1673 3448 1716 cu-
3477 1642 3544 1685 ²⁰·

1964 1753 2274 1830 stedierit,
2309 1763 2429 1817 etc.
2469 1755 2659 1818 Jacob
2703 1763 2916 1818 tamen
2959 1753 3447 1836 promissionem

348 1855 885 1935 ingeminatione.
919 1858 1156 1940 Itaque,
1204 1857 1265 1919 Si
1319 1857 1703 1922 benedicens
1753 1857 1857 1920 be·
1882 1853 1926 1914 B
1969 1871 2149 1914 suam
2183 1852 2522 1935 explicavit
2549 1853 2869 1917 distincte.

350 1955 677 2018 nedixeris
726 1956 915 2034 mihi,
971 1956 1035 2018 id
1088 1965 1205 2032 est,
1257 1957 1425 2020 dona
1462 1957 1681 2038 gratiae
1731 1965 1855 2018 tuae

348 2054 709 2118 contuleris
760 2053 946 2131 mihi,
994 2063 1057 2118 et
1099 2053 1631 2137 multiplicaveris
1668 2073 1743 2117 ea
1786 2055 1853 2116 in

348 2171 483 2228 me,
516 2163 577 2214 ei
618 2156 1009 2214 dilataveris
1041 2157 1345 2214 terminos
1384 2174 1571 2226 meo-5,
1606 2153 1725 2216 hoc
1759 2162 1855 2216 cst

348 2254 591 2310 terram
628 2248 1057 2329 possessionis
1102 2266 1281 2323 mete,
1318 2247 1527 2310 dando
1566 2248 1726 2310 mihi
1760 2247 1855 2311 vi-

347 2345 623 2408 ctoriam
658 2365 851 2428 super
882 2347 1095 2410 hostes
1126 2365 1301 2409 meos
1344 2346 1616 2425 gentiles
1645 2366 1717 2409 ac
1760 2346 1857 2408 in—

349 2443 611 2521 fideleS,
652 2464 928 2526 quorum
976 2453 1207 2506 terram
1250 2444 1434 2508 nobis
1476 2445 1849 2527 promisisti.

347 2543 597 2624 Itaque,
636 2561 767 2606 non
818 2562 895 2606 ex
937 2544 1287 2624 cupiditate
1328 2553 1439 2606 aut
1478 2543 1848 2620 ambitione,

348 2641 465 2703 sed
522 2641 659 2704 zelo
707 2640 974 2723 justitiae
1017 2639 1185 2704 istud
1227 2643 1489 2725 optavit.
1524 2645 1610 2704 Ec
1647 2643 1854 2719 fuerit

346 2761 593 2802 manus
632 2750 749 2801 lua
797 2761 1070 2812 meeum,
1115 2740 1179 2802 id
1228 2748 1346 2817 est,
1389 2741 1853 2822 omnipotentia

348 2847 462 2901 tua
492 2838 775 2918 gratiose
796 2829 1116 2920 adjuverit
1142 2848 1336 2921 atque
1366 2840 1710 2920 protexerit
1731 2859 1847 2916 me,

344 2949 407 2998 et
436 2939 674 3014 feceris
696 2959 795 2998 me
822 2959 865 2998 a
886 2941 1147 3000 malitia
1167 2959 1296 3000 non
1326 2940 1637 3016 opprimi,
1656 2938 1719 3000 id
1736 2947 1848 3015 est,

2048 1953 2232 2013 Caleb
2275 1962 2488 2012 autem
2520 1954 2732 2029 frater
2770 1956 2933 2014 Sua.
2971 1952 3172 2034 Supra
3209 1952 3446 2014 dictum

1963 2057 2091 2112 est:
2113 2048 2254 2111 Filii
2291 2050 2526 2113 Hesron
2559 2049 2819 2113 suerunt
2840 2051 3250 2124 Jerameel‚et
3271 2050 3444 2126 Ram,
3493 2073 3739 2123 war.=1.o.

1963 2155 2027 2210 et
2062 2147 2308 2224 Caluhi,
2343 2148 2453 2210 ubi
2498 2167 2611 2230 per
2649 2147 2867 2211 Calubi
2919 2148 3296 2229 intelligitur
3338 2148 3450 2210 Ca-

1964 2245 2089 2323 leb,
2143 2247 2328 2326 cujus
2380 2246 2576 2309 frater
2626 2266 2796 2310 nunc
2845 2247 3080 2309 dicitur
3127 2247 3302 2310 Sua:
3347 2247 3448 2311 vel

1964 2344 2159 2425 igitur
2187 2345 2341 2427 quia
2359 2345 2582 2408 habuit
2610 2345 2868 2408 fratrem
2903 2346 3095 2408 istum
3117 2345 3284 2408 ultra
3305 2345 3450 2408 illos

1962 2444 2163 2520 duos;
2198 2444 2322 2520 vel,
2360 2451 2428 2505 ut
2474 2443 2696 2506 dicunt
2745 2442 3010 2521 Hebraei,
3047 2443 3157 2505 ille
3199 2443 3310 2524 qui
3359 2442 3450 2507 ibi

1962 2550 2222 2604 vocatus
2267 2550 2363 2605 est
2403 2542 2577 2618 Ram,
2627 2561 2797 2604 nunc
2846 2541 2970 2606 Sua
3019 2550 3444 2622 nuncupatur.

1968 2643 2206 2701 Genuic
2239 2644 2498 2702 Illac-hir
2525 2643 2643 2721 qui
2670 2642 2808 2720 fuit
2828 2651 3019 2718 pater
3040 2643 3302 2702 Eschon.
3330 2640 3450 2704 Iste

1960 2739 2194 2802 Machir
2224 2739 2387 2801 alius
2436 2738 2556 2800 tuit
2603 2739 2682 2802 ab
2721 2758 2817 2816 eo,
2852 2757 3048 2820 quem
3081 2739 3303 2819 genuit
3330 2739 3453 2802 Ma-

1962 2856 2202 2913 nasseS,
2239 2844 2308 2900 ut
2337 2838 2572 2901 dicitur
2603 2836 2670 2900 in
2697 2837 2946 2901 Genesi.
2971 2842 3175 2901 Porro
3205 2839 3448 2900 Esthon
3500 2859 3739 2908 Gemma.

1954 2939 2185 3013 qenuit
2204 2939 2576 3016 Belkrapha
2604 2948 2664 2998 et
2685 2940 2914 3000 phesse
2939 2948 2998 3000 et
3029 2939 3316 2999 Tehinna
3338 2959 3448 3016 pa-

344 3037 611 3100 dederis
660 3035 823 3098 mihi
856 3036 1159 3100 virtutem
1199 3036 1533 3099 resistendi
1583 3057 1656 3100 ac
1695 3057 1854 3119 prae-
1887 3038 1930 3100 C
1965 3043 2123 3094 trem
2152 3036 2334 3094 urbis
2367 3038 2566 3097 Naas,
2602 3035 2716 3098 Per
2747 3037 2967 3099 urbem
3001 3035 3157 3098 Naas
3187 3035 3444 3120 quidam

346 3134 614 3198 valendi
647 3134 1110 3199 'tentationibus
1142 3153 1213 3198 ac
1252 3134 1551 3217 peccatiS,
1586 3154 1851 3216 praeser-
1962 3134 2332 3215 intelligunt
2362 3135 2746 3210 Bethlehem,
2769 3135 2834 3196 in
2861 3155 2990 3216 qua
3009 3136 3166 3200 Naas
3198 3155 3309 3199 seu
3331 3135 3445 3199 lsai
3478 3155 3743 3211 meanti.

348 3235 465 3296 tim
514 3253 665 3315 qua·-
722 3253 801 3296 ex
847 3234 1175 3316 proposito
1224 3253 1337 3297 seu
1392 3233 1853 3298 deliberatione
1964 3241 2142 3315 pater
2172 3233 2369 3296 David
2401 3240 2683 3296 moratus
2711 3242 2828 3296 est.
2853 3234 3004 3296 Nam
3036 3234 3153 3296 lsai
3186 3234 3312 3297 alio
3343 3254 3449 3298 no·

345 3333 759 3416 contingunt.
815 3332 1181 3414 Triplicitcr
1238 3333 1482 3415 quippe
1540 3333 1855 3414 contingit
1964 3331 2137 3393 mine
2167 3331 2372 3393 dictus
2414 3338 2506 3393 est
2536 3331 2716 3394 NaaS.
2750 3332 2927 3395 Unde
2971 3333 3201 3395 Amasa
3241 3334 3450 3416 appel·
3491 3354 3740 3404 wanno-st

346 3451 640 3514 peccare,
682 3439 904 3513 utpote
936 3451 1011 3494 ex
1044 3430 1425 3494 infirmitate
1466 3451 1579 3494 seu
1614 3433 1855 3513 passio—
1964 3429 2131 3492 latur
2163 3429 2338 3492 lilius
2367 3430 2578 3493 Jether
2609 3451 2684 3494 ex
2705 3429 2952 3512 Abigail
2984 3431 3125 3496 filia
3151 3433 3331 3496 NaaS.
3356 3435 3450 3495 Hi
3477 3415 3739 3522 {¹5f'09·¹''¹'·

1960 3539 2115 3590 sunt
2146 3531 2282 3588 viri
2309 3531 2551 3599 Recha,
2581 3530 2700 3593 hoc
2732 3539 2828 3593 est
2859 3531 3244 3595 habitatores
3275 3541 3336 3595 et
3364 3531 3452 3595 ci-

1963 3647 2074 3690 ves
2108 3627 2231 3691 loci
2263 3627 2356 3691 sic
2399 3628 2733 3705 nominati,
2769 3648 2808 3691 a
2848 3649 2978 3711 quo
3010 3649 3240 3695 nomen
3287 3649 3452 3693 sum-

348 3530 453 3592 nis
486 3530 921 3606 vehementia,
956 3549 1033 3592 ex
1073 3529 1453 3610 ignorantia,
1487 3538 1550 3593 et
1579 3550 1654 3594 ex
1684 3540 1855 3594 certa

344 3629 627 3692 scientia
656 3647 771 3690 seu
802 3629 1153 3710 proposito,
1190 3629 1358 3710 quod
1394 3629 1651 3711 proprie
1678 3649 1857 3694 voca-

346 3737 474 3804 tur,
494 3747 575 3790 ex
598 3726 847 3789 malitia
882 3727 1259 3808 transgredi.
1286 3727 1375 3789 Ex
1406 3727 1506 3789 his
1528 3729 1851 3804 doeemur,
1967 3734 2252 3807 pserunt,
2288 3733 2358 3787 ut
2387 3727 2646 3808 quidam
2689 3737 3037 3808 exponunt.
3070 3728 3194 3791 Alii
3231 3729 3454 3792 dicunt

344 3826 519 3907 quod
564 3845 605 3887 a
650 3823 895 3887 malitia
944 3843 1069 3888 non
1122 3825 1426 3907 opprimi,
1480 3827 1719 3888 donum
1768 3827 1850 3889 sit
1967 3843 2081 3905 per
2110 3824 2321 3887 Recha
2350 3824 2557 3906 ipsum
2592 3825 2788 3888 David
2819 3824 3113 3905 intelligi,
3146 3827 3450 3908 quoniam

350 3925 481 4000 Dei,
509 3924 603 3986 ita
634 3924 808 4004 quod
840 3923 1031 3987 homo
1063 3924 1203 3987 sine
1231 3923 1470 3988 auxilio
1498 3926 1717 4005 gratiae
1748 3945 1857 3989 ne-
1964 3922 2174 3985 Recha
2222 3922 2675 4004 interpretatur
2717 3931 2914 4000 tener,
2949 3931 3012 3986 ct
3051 3924 3244 3986 David
3295 3924 3451 3987 fatc-

347 4023 491 4105 quit
536 4021 719 4084 vitiis
765 4022 1108 4104 praevalere
1144 4041 1159 4085 :
1190 4041 1321 4106 quo
1363 4024 1623 4086 haeresis
1673 4025 1851 4108 impii
1967 4029 2069 4083 tur
2106 4038 2120 4082 ε
2155 4021 2286 4100 Ego
2317 4039 2456 4084 sum
2492 4030 2666 4083 tener
2697 4029 2759 4084 et
2790 4029 3018 4084 unctus
3051 4041 3180 4084 rex.

346 4122 821 4185 condemnatur
848 4120 1107 4202 Pelagii.
1140 4121 1299 4184 Hinc
1335 4121 1549 4185 Enoch
1596 4142 1853 4205 quoque
2042 4121 2212 4180 Filii
2256 4129 2471 4182 autem
2504 4121 2700 4180 Cenez
2743 4119 3016 4197 fuerunt,
3055 4123 3346 4182 othoniel
3390 4132 3451 4183 et
3479 4105 3586 4154 ³⁹³¹

102 4229 317 4284 Summo.
348 4229 571 4302 raptus
604 4228 671 4282 et
696 4219 1035 4282 translatus
1057 4228 1173 4294 est,
1197 4239 1275 4283 ne
1306 4220 1554 4283 malitia
1582 4229 1856 4284 mutaret
1886 4224 1935 4285 D
1962 4219 2229 4280 Samia.
2273 4217 2338 4280 ln
2379 4218 2568 4281 Josue
2606 4217 2770 4282 libro
2817 4218 3008 4282 Caleb
3049 4228 3307 4282 vocatus
3356 4229 3451 4283 est
3476 4235 3744 4283 Josuexmo.

348 4317 757 4380 intellectum
809 4318 969 4398 ejuS,
1005 4326 1075 4381 ut
1122 4319 1357 4382 dicitur
1397 4319 1463 4381 in
1514 4319 1853 4401 Sapientiae
1961 4317 2318 4379 Cenezaeu'S.
2352 4317 2418 4378 ln
2451 4318 2673 4381 eodem
2708 4335 2964 4399 quoque
3002 4317 3165 4382 libro
3195 4319 3360 4383 sicut
3391 4329 3454 4383 et

349 4415 541 4480 libro,
1961 4416 2089 4492 hic,
2105 4416 2396 4479 Othoniel
2421 4416 2654 4480 dicitur
2674 4437 2812 4480 esse
2833 4417 3010 4480 filius
3030 4419 3250 4483 Cenez.
3273 4419 3456 4484 Otho-
3481 4443 3745 4494 mann.

428 4517 517 4576 Ec
548 4516 863 4593 preastitit
908 4514 967 4578 ei
999 4517 1172 4576 Deus
1212 4537 1357 4596 quoe
1392 4527 1695 4594 precatus
1737 4529 1847 4579 est.
1962 4515 2091 4578 niel
2126 4534 2276 4578 vero
2309 4516 2372 4577 in
2392 4515 2580 4579 Josue
2616 4526 2878 4580 vocatur
2915 4516 3110 4580 frater
3137 4517 3327 4582 Caleb
3356 4520 3455 4602 ju—

350 4612 417 4674 ln
450 4612 665 4675 littera
696 4631 826 4674 non
865 4613 1266 4694 exprimitur,
1301 4615 1456 4696 quid
1498 4616 1705 4679 oravit
1746 4625 1854 4678 aut
1962 4615 2145 4678 nior:
2183 4615 2354 4696 quod
2393 4614 2594 4696 aliqui
2624 4615 2846 4678 dicunt
2891 4635 3109 4679 verum
3162 4637 3237 4680 ex
3277 4626 3454 4699 parte

350 4710 547 4774 vovit.
584 4711 821 4773 Votum
863 4719 1073 4774 autem
1121 4712 1379 4794 proprie
1421 4721 1517 4775 est
1561 4715 1641 4776 de
1684 4713 1854 4778 bono
1962 4713 2204 4776 matris.
2241 4713 2361 4776 Sed
2392 4714 2470 4778 de
2501 4714 2602 4777 his
2647 4734 2837 4797 super
2863 4715 3052 4780 Josue
3089 4715 3332 4779 dictum
3360 4725 3456 4780 est

352 4807 627 4885 meliori,
662 4817 728 4870 et
772 4809 851 4870 de
896 4808 1199 4890 operibus
1245 4812 1847 4892 supererogationis
1962 4814 2239 4896 plenius,
2273 4813 2814 4889 Quemadmodum
2846 4815 3036 4878 etiam
3069 4823 3304 4878 tactum
3333 4825 3449 4893 est,

352 4907 673 4970 Interdum
707 4905 901 4969 etiam
934 4926 1009 4970 ea
1038 4927 1183 4990 quae
1202 4917 1353 4970 sunt
1379 4910 1458 4971 de
1480 4911 1854 4974 necessitate
1961 4913 2223 4996 quidam
2256 4914 2478 4977 dicunt
2497 4913 2830 4996 praefatum
2849 4913 3034 4977 Jabes
3056 4913 3255 4977 fuisse
3275 4915 3458 4978 Otho-

356 5003 601 5081 salutis‚
641 5013 983 5081 voventur,
1018 5007 1369 5068 secundum
1402 5009 1571 5088 quod
1592 5008 1855 5089 quidam
1968 5011 2120 5074 niel.
2157 5015 2366 5074 Porro
2393 5015 2530 5090 filii
2560 5015 2880 5082 othoniel,
2897 5015 3187 5074 Hathath.
3225 5023 3285 5074 et
3314 5015 3459 5074 Ma-

355 5102 565 5166 devoti
597 5112 838 5168 vovent
866 5102 1209 5166 observare
1254 5113 1569 5186 praecepta
1608 5105 1849 5170 divina.
1965 5112 2214 5171 onachi.
2263 5111 2604 5172 Maonathi
2651 5113 2882 5188 genuit
2931 5113 3168 5187 ophra.
3215 5113 3460 5174 Βαναία

356 5197 475 5263 Sed
504 5200 813 5282 quoniam
846 5201 1209 5282 spiritualia
1237 5221 1365 5266 non
1396 5213 1547 5266 sunt
1586 5205 1665 5267 ad
1697 5213 1855 5268 tem·
1966 5217 2182 5268 autem
2227 5208 2460 5284 genuit
2510 5210 2668 5267 Joab
2699 5217 2959 5284 patrem
3007 5210 3202 5268 vallis
3228 5211 3463 5288 Artifi—

354 5299 595 5379 poralia
625 5299 982 5378 referenda,
1018 5301 1129 5364 sed
1168 5319 1537 5380 econverso,
1573 5311 1636 5366 et
1664 5303 1851 5369 Jabes
1967 5326 2115 5366 cum
2141 5326 2164 5364 .·
2196 5305 2288 5363 ibi
2317 5304 2556 5383 quippe
2589 5305 2870 5382 artifices
2897 5315 3104 5368 erant.
3125 5305 3293 5371 Istud
3323 5307 3461 5392 qui-

3513 4039 3548 4082 ll
3559 4039 3669 4094 neq.
3685 4051 3743 4089 ιιι,

3589 4115 3673 4151 xtu,
3689 4103 3730 4143 8.
