4309 6259
590 2361 854 2415 pauntiau.

878 484 998 557 420

1717 505 2064 553 ENARRATIO
2107 507 2169 552 IN
2212 505 2349 551 cAP.
2386 504 2491 551 vm
2531 504 2655 549 JOB.
2702 524 2782 533 —
2822 504 2965 550 ΛΒΤ.
3012 504 3119 550 xxl

874 681 1158 761 aperitur
1207 679 1522 761 impietas,
1558 681 1769 756 Super
1807 698 2110 739 acervum
2143 686 2365 755 petra·
2392 674 2442 736 A
2474 674 2538 736 in
2572 674 2813 756 teipso,
2838 674 2890 735 si
2922 674 3361 755 poenitentiam
3390 674 3616 754 egeris,
3641 674 3786 737 Ideo
3814 673 3957 735 sub—

873 799 1021 839 rum
1053 782 1302 838 radices
1344 780 1484 855 ejus
1522 779 1989 847 densabuntur,
2023 774 2085 835 id
2115 782 2233 849 cst,
2270 792 2366 835 ra-

875 877 1046 939 dices
1077 876 1430 958 scirporum
1464 874 1528 935 in
1570 873 1725 937 locis
1755 873 2026 955 petrosis
2057 892 2130 934 ac
2162 871 2367 935 humi-

873 976 972 1037 dis
1028 975 1660 1057 multiplicabuntur,
1723 972 1810 1033 ita
1865 972 2033 1053 quod
2101 970 2363 1051 plurimi

875 1074 1071 1156 scirpi
1100 1073 1190 1134 ibi
1224 1080 1654 1147 concrescent,
1674 1081 1732 1130 et
1754 1073 1924 1131 inter
1946 1072 2194 1147 lapides
2214 1089 2371 1127 com-

877 1174 1261 1243 morabitur,
1295 1171 1358 1233 id
1387 1178 1504 1249 est,
1539 1170 1786 1250 scirpus
1831 1167 2114 1230 manebit
2144 1166 2208 1228 in
2254 1166 2372 1228 hu-

873 1270 1153 1352 jusmodi
1185 1270 1340 1333 locis
1371 1267 1678 1350 lapidosis
1709 1267 1787 1328 ad
1819 1276 2092 1347 tempus.

958 1372 1038 1430 Si
1081 1370 1476 1429 absorbuerit
1504 1388 1649 1427 eum
1687 1370 1766 1426 de
1807 1370 1936 1426 loco
1967 1385 2106 1434 su0,
2137 1363 2201 1425 id
2247 1371 2364 1439 est,

879 1466 935 1527 si
981 1466 1126 1547 quis
1179 1464 1520 1528 extraxerit
1575 1464 1853 1545 scirpum
1907 1463 1984 1525 de
2045 1463 2184 1524 loco
2241 1480 2369 1542 quo

879 1571 1024 1641 stat,
1057 1572 1126 1625 ut
1155 1582 1301 1624 eum
1340 1562 1496 1624 alibi
1527 1562 1790 1643 plantet,
1827 1561 2082 1637 ree-(labit
2109 1580 2283 1627 eum,
2310 1569 2369 1619 et

875 1665 1089 1722 dicet:
1117 1664 1259 1724 Non
1293 1664 1449 1721 novi
1480 1671 1558 1732 te,
1594 1660 1658 1721 id
1687 1666 1804 1735 est,
1829 1659 2078 1739 scirpus
2111 1656 2371 1736 negabit

880 1759 1336 1834 extrahentem,
1375 1766 1440 1820 et
1477 1758 1647 1820 dicet
1689 1758 1772 1834 ei,
1805 1757 1940 1819 Non
1986 1756 2136 1818 novi
2188 1764 2270 1830 te,
2306 1755 2369 1816 id

2476 773 2590 849 dit,
2624 776 2821 833 donec
2860 775 3212 851 impleatur
3247 776 3387 833 risu
3425 794 3491 833 os
3524 783 3733 841 tuum,
3776 784 3835 833 et
3862 777 3955 831 la-

2475 872 2581 930 bia
2627 880 2740 931 tua
2762 873 3010 948 jubilo,
3041 871 3104 933 id
3146 878 3261 947 est,
3296 878 3533 933 tantam
3580 871 3959 953 prosperita—

2477 978 2603 1031 tem
2645 968 3023 1051 susceperiS‚
3057 970 3225 1050 quod
3266 977 3442 1031 tanta
3485 970 3605 1031 erit
3654 970 3773 1032 tibi
3816 970 3961 1033 inde

2476 1067 2839 1148 jucunditas
2870 1068 3102 1143 cordiS,
3126 1068 3299 1149 quod
3329 1068 3710 1130 redundabit
3747 1068 3817 1129 in
3838 1088 3967 1131 cor—

2478 1185 2619 1247 puS.
2657 1166 2885 1247 Sicque
2929 1166 3188 1241 ridebiS,
3223 1176 3287 1228 et
3328 1166 3647 1229 ineffabili
3689 1168 3963 1250 quodam

2478 1265 2709 1347 gaudio
2741 1264 3171 1347 perfunderiS,
3209 1264 3297 1327 ita
3334 1267 3503 1346 quod
3546 1266 3779 1327 mentis
3812 1266 3965 1327 13»ῑί-

2480 1364 2633 1425 tiam
2664 1363 3017 1445 exprimere
3048 1362 3235 1426 labiis
3266 1382 3393 1425 non
3421 1363 3687 1426 valebiS.
3719 1363 3968 1426 Jubilus

2480 1470 2689 1524 autem
2739 1460 3159 1523 essentialiter
3207 1460 3374 1524 inest
3422 1462 3641 1538 menti,
3696 1464 3805 1525 sed
3856 1482 3969 1544 per

2482 1559 2966 1623 redundantiam
3023 1560 3088 1620 in
3138 1578 3405 1641 corpore
3452 1561 3732 1641 ponitur.
3784 1562 3969 1623 Deni-

2479 1678 2627 1739 que,
2659 1658 2953 1740 quamvis
2984 1676 3132 1721 vera
3170 1658 3300 1719 sint
3337 1659 3531 1721 verba
3570 1660 3705 1722 haec
3746 1679 3971 1723 secun—

2482 1758 2633 1819 dum
2664 1776 2885 1818 sanum
2924 1756 3230 1837 piumque
3263 1776 3543 1833 sensum,
3580 1777 3705 1820 non
3754 1768 3965 1822 tamen

880 1866 999 1935 est,
1033 1857 1186 1919 alibi
1222 1876 1348 1919 non
1381 1875 1658 1920 crescam
1706 1856 1870 1917 sicut
1914 1854 2220 1930 intendiS,
2255 1872 2371 1915 nec
2408 1861 2453 1921 B
2482 1855 2829 1917 secundum
2881 1855 3201 1936 loquentis
3249 1855 3688 1918 intentionem.
3738 1858 3967 1921 Baldad

883 1955 1000 2017 tibi
1031 1955 1449 2018 consentiam.
1485 1954 1700 2035 ltaque
1733 1961 1919 2033 negat
1949 1961 2010 2014 et
2050 1952 2207 2014 dicit
2238 1952 2372 2012 haec

883 2072 1011 2116 non
1061 2053 1277 2130 verb0,
1311 2054 1421 2116 sed
1459 2052 1650 2129 facto,
1686 2070 1812 2113 non
1855 2050 2230 2126 formaliter,
2264 2049 2371 2111 sed

881 2152 1330 2214 materialiter:
1356 2151 1897 2233 quemadmodum
1922 2150 1985 2211 in
2009 2148 2369 2230 ScripturiS,

882 2250 1250 2312 inanimatis
1299 2258 1476 2313 actus
1525 2248 1976 2312 adscribuntur
2023 2247 2271 2323 vitaleS,
2307 2254 2377 2307 ut

885 2347 974 2410 ibi
1009 2366 1023 2409 ε
1056 2348 1266 2411 Valles
1298 2348 1714 2410 abundabunt
1747 2348 2096 2421 frumento;
2143 2345 2376 2408 clama-

882 2445 1060 2522 bunt,
1080 2447 1315 2509 etenim
1338 2447 1643 2527 hymnum
1665 2446 1913 2507 dicent:
1936 2444 2157 2524 sicque
2176 2444 2371 2506 Deum

884 2543 1142 2608 laudare
1184 2546 1505 2607 dicuntur.
1540 2544 1652 2607 Vel
1694 2544 1786 2605 sic
1831 2561 1844 2603 :
1889 2542 2151 2621 Negabit
2198 2562 2367 2619 eum,

883 2642 948 2705 id
986 2652 1102 2721 est,
1149 2642 1428 2725 scirpum
1475 2642 1731 2721 negabit
1773 2641 1949 2703 locus
1989 2641 2150 2721 cjuS,
2187 2648 2247 2702 et
2276 2641 2371 2701 di-

878 2750 998 2818 cet,
1033 2742 1168 2804 Non
1199 2741 1350 2803 novi
1383 2748 1463 2815 te,
1498 2740 1560 2801 id
1593 2748 1709 2815 est,
1746 2739 1902 2800 mihi
1933 2738 2209 2819 amplius
2240 2756 2366 2801 non

876 2838 1114 2920 poteris
1155 2837 1542 2919 implantari.
1575 2841 1731 2898 Hoec
1774 2846 1864 2896 est
1909 2839 2085 2897 enim
2132 2838 2365 2897 taetitia

2482 1954 2723 2035 quippe
2762 1953 3007 2015 inducit
3056 1953 3187 2015 haec
3234 1962 3453 2016 contra
3497 1954 3634 2029 Job,
3688 1956 3766 2017 ad
3817 1956 3972 2019 insi-

2486 2053 2809 2113 nuandum
2857 2052 3029 2132 quod
3080 2052 3239 2114 Deus
3286 2070 3414 2114 non
3458 2053 3694 2115 desinit
3732 2054 3973 2118 virtuo-

2484 2169 2623 2212 sum
2647 2149 3138 2212 adversitatibus
3171 2169 3481 2225 exercere,
3516 2152 3624 2213 sed
3666 2172 3705 2213 a
3734 2153 3971 2216 talibus

2484 2268 2630 2311 eum
2679 2255 2932 2326 tuetur3
2982 2256 3044 2311 et
3090 2249 3261 2330 quod
3309 2249 3527 2330 impiis
3574 2267 3702 2313 non
3750 2252 3857 2314 det
3904 2253 3969 2314 in

2484 2348 2615 2409 vita
2652 2348 2770 2410 hac
2808 2347 3292 2429 prosperitatem
3330 2348 3551 2411 saltem
3594 2350 3967 2427 notabilem,

2484 2465 2594 2508 seu
2624 2464 2917 2525 magnam
2956 2454 3019 2507 et
3051 2445 3301 2526 longam
3341 2464 3355 2507 :
3390 2448 3573 2528 cujus
3604 2448 3969 2529 oppositum

2481 2552 2729 2607 constat
2758 2544 2838 2606 ab
2864 2543 3050 2606 initio
3082 2544 3311 2625 saepius
3342 2545 3707 2624 contigisse.
3734 2547 3965 2609 Verum

2480 2651 2575 2705 est
2603 2651 2838 2719 tamen,
2872 2643 3039 2723 quod
3071 2642 3232 2704 Deus
3272 2661 3399 2705 non
3433 2643 3689 2725 projicit
3728 2644 3969 2727 simpli-

2476 2759 2639 2815 cem,
2674 2748 2979 2821 quantum
3012 2740 3091 2802 ad
3129 2739 3487 2821 spiritualia
3524 2742 3743 2822 gratia}
3772 2742 3960 2819 bona,

2478 2858 2596 2900 nec
2652 2847 2961 2918 quantum
3021 2839 3098 2899 ad
3156 2838 3329 2914 talia,
3376 2839 3644 2920 porrigit
3696 2860 3958 2904 manum

875 2940 998 2998 vioe
1025 2939 1187 3013 ejus,
1223 2936 1286 2997 id
1317 2944 1412 2998 est
1441 2935 1658 2997 laetitia
1691 2934 1996 2996 naturalis
2027 2952 2362 3016 processus
2476 2936 2775 3019 malignis
2807 2935 2873 2997 in
2904 2936 3147 2998 malitia
3178 2956 3291 2997 sua
3319 2938 3749 3017 manentibuS,
3782 2942 3961 3020 juxta

874 3056 985 3099 seu
1025 3036 1430 3118 proprietatis
1469 3036 1686 3116 scirpi,
1721 3046 1793 3096 ut
1831 3056 2096 3095 rursum
2126 3038 2205 3095 de
2244 3045 2362 3094 ter-
2397 3040 2440 3102 C
2478 3035 2632 3096 illud
2682 3034 3164 3097 Proverbiorum
3210 3051 3223 3095 :
3257 3034 3466 3115 Longe
3512 3045 3609 3098 est
3656 3038 3957 3101 Dominus
4021 3065 4241 3110 prosu.
4272 3040 4274 3096 3

874 3156 951 3195 ra
979 3136 1105 3195 alii
1127 3137 1602 3212 qermiuentur,
1636 3134 1698 3195 id
1729 3142 1845 3210 est,
1880 3142 1952 3194 ut
1981 3133 2120 3214 ipso
2160 3141 2362 3193 extra·
2469 3132 2550 3196 ab
2580 3133 2819 3213 impiis,
3984 3134 4053 3173 ³⁹-

873 3240 998 3309 cto,
1035 3249 1162 3294 non
1202 3230 1370 3293 idem
1412 3231 1548 3312 ipse
1595 3250 1847 3291 rursum
1898 3237 2215 3305 nascatur,
2250 3230 2357 3291 sed

873 3330 987 3392 alii
1027 3330 1268 3392 similes
1315 3330 1528 3411 specie
1569 3328 1692 3391 sibi
1735 3330 2095 3391 succedant.
2131 3328 2361 3409 Sicque

874 3427 1096 3491 laetitia
1125 3428 1557 3509 metaphorice
1589 3426 1973 3490 adscribitur
2001 3427 2235 3509 scirpo,
2268 3447 2363 3489 sc-

873 3527 1154 3589 cundum
1202 3526 1374 3609 quod
1419 3526 1766 3606 unicuique
1817 3525 1907 3587 rei
1956 3524 2361 3607 corruptibili

871 3624 1220 3707 appetibile
1259 3633 1355 3687 est
1391 3623 1754 3706 perpetuari
1794 3623 1861 3686 in
1891 3624 2087 3685 simili
2118 3624 2243 3685 sibi
2274 3643 2363 3687 se-

871 3725 1147 3786 cundum
1190 3723 1490 3805 speciem,
1524 3732 1596 3785 ut
1641 3723 1730 3784 ait
1771 3722 2214 3803 Philosophus
2249 3723 2363 3786 Per

873 3823 996 3885 ista
1053 3822 1348 3899 intendit,
1401 3822 1575 3903 quod
1634 3821 1867 3903 impius
1924 3840 2036 3902 per
2095 3830 2364 3884 mortem

873 3921 1186 3999 sublatuS,
1229 3939 1357 3983 non
1407 3929 1759 3984 revertetur
1805 3921 1883 3982 ad
1930 3920 2122 3982 vitam
2176 3920 2362 3997 hanc,

871 4021 983 4082 sed
1013 4020 1323 4084 oblivioni
1358 4021 1660 4095 tradetur,
1695 4026 1760 4081 et
1789 4018 1900 4079 alii
1945 4018 2010 4079 in
2057 4019 2196 4081 loco
2226 4019 2365 4099 ejus

873 4119 1216 4181 succedent
1241 4136 1254 4179 :
1279 4138 1354 4181 ex
1384 4118 1618 4199 quibus
1648 4117 2090 4199 principaliter
2120 4117 2365 4180 intenta

870 4216 1217 4279 concludit.

966 4318 1136 4374 Deus
1181 4335 1310 4374 non
1350 4315 1654 4392 projiciet
1698 4315 2078 4390 simplicem,
2132 4312 2195 4373 id
2244 4321 2359 4389 est,

872 4412 1183 4475 veraciter
1212 4412 1589 4489 virtuosum,
1625 4420 1688 4475 et
1717 4420 1930 4475 mente
1965 4412 2029 4473 in
2065 4412 2186 4473 Deo
2216 4412 2367 4473 sim-

875 4510 1258 4593 plificatum,
1311 4510 1422 4591 qui
1472 4509 1537 4571 in
1590 4510 1888 4573 omnibus
1941 4510 2361 4573 intentionem

873 4627 1053 4670 suam
1087 4606 1230 4689 figit
1269 4608 1334 4669 in
1365 4608 1510 4685 Dec,
1550 4609 1736 4671 talem
1777 4608 1996 4690 utique
2029 4609 2189 4671 Deus
2236 4626 2361 4670 non

873 4706 1119 4788 spernit
1149 4726 1264 4769 nec
1293 4707 1526 4769 deserit
1557 4731 1571 4781 ;
1607 4728 1723 4767 uec
1741 4710 2032 4785 porriqet
2065 4728 2361 4774 manum,

875 4805 938 4866 id
987 4814 1083 4867 est
1129 4805 1460 4881 auxilium,
1495 4808 1804 4883 malignis
1836 4827 1858 4865 .·
1888 4806 2056 4887 quod
2111 4805 2175 4867 in
2230 4814 2366 4867 tan-

875 4912 1008 4966 tum
1041 4923 1263 4966 verum
1295 4912 1411 4981 est,
1445 4922 1482 4966 o
1509 4903 1648 4981 Job,
1673 4904 1843 4983 quod
1869 4904 2215 4985 experieris
2245 4904 2366 4966 hoc

2553 3234 2680 3301 Qui
2725 3235 2997 3291 oderunt
3041 3241 3118 3302 te,
3152 3232 3515 3292 induentur
3558 3235 3955 3311 confusione,

2468 3340 2529 3389 et
2560 3332 3068 3399 tabernaculum,
3101 3328 3166 3390 id
3196 3337 3294 3391 est.
3322 3330 3649 3411 opulentia
3680 3350 3791 3394 seu
3825 3351 3959 3414 pro-

2472 3427 2761 3509 speritaS,
2795 3435 2856 3488 et
2886 3426 3198 3507 quidquid
3242 3428 3321 3489 ad
3359 3427 3531 3490 bona
3566 3428 3793 3491 domus
3824 3450 3961 3513 per-

2474 3526 2653 3603 tinet,
2707 3527 3055 3603 impiorum
3110 3546 3241 3586 non
3286 3528 3576 3588 subsistet
3623 3528 3959 3605 stabiliter,

2473 3624 2582 3687 sod
2613 3622 2938 3685 auferetur
2968 3622 3059 3685 eis
3100 3642 3173 3685 ac
3213 3624 3570 3705 disperibit,
3608 3627 3959 3690 secundum

2474 3721 2838 3804 opinionem
2884 3721 3232 3783 amicorum
3266 3722 3403 3798 soh,
3449 3742 3821 3806 quanquam
3870 3746 3963 3789 se-

2473 3821 2753 3883 cundum
2804 3820 3133 3883 veritatem
3188 3819 3557 3901 frequenter
3610 3822 3956 3904 contingat,

2477 3918 2709 4001 impios
2740 3937 2943 3999 usque
2972 3919 3052 3980 ad
3082 3928 3375 3995 mortem,
3414 3919 3481 3981 in
3506 3919 3685 3983 omni
3716 3930 3961 3985 terrena

2476 4018 2895 4100 prosperitate
2949 4016 3195 4093 florere,
3251 4016 3381 4080 imo
3436 4037 3638 4099 usquc
3690 4021 3768 4082 ad
3820 4021 3963 4093 ulti-

2476 4136 2643 4178 mam
2674 4122 3085 4178 senectutem.

2398 4218 2444 4279 D
2554 4214 2697 4277 ldeo
2741 4232 2999 4295 quoque
3026 4213 3257 4275 Baldad
3301 4215 3380 4276 de
3410 4214 3743 4297 hypocrita
3781 4237 3959 4280 men·

2479 4312 2712 4374 tionem
2756 4312 3027 4387 induxit,
3064 4312 3367 4393 quoniam
3408 4322 3668 4394 propter
3711 4316 3955 4397 plagam

2474 4430 2667 4491 quam
2708 4410 2869 4475 vidit
2906 4410 2971 4471 in
3008 4410 3145 4487 soh,
3180 4410 3425 4492 putavit
3476 4430 3621 4474 eum
3670 4432 3799 4476 non
3838 4414 3961 4475 vir-

2477 4519 2728 4572 tuosum
2759 4508 2958 4571 fuisse
2988 4528 3062 4570 ac
3091 4507 3472 4589 simplicem,
3500 4512 3611 4572 sed
3642 4511 3953 4594 duplicem

2472 4608 2688 4671 animo
2718 4616 2910 4688 atque
2942 4607 3338 4689 hypocritam
3362 4625 3376 4670 :
3396 4609 3568 4690 quod
3589 4618 3655 4671 et
3680 4610 3793 4672 alii
3813 4611 3953 4685 duo,

2475 4706 2603 4769 imo
2636 4716 2693 4768 et
2730 4706 2894 4783 Eliu,
2930 4713 3351 4787 putaverunt3
3388 4714 3595 4769 tamen
3626 4716 3775 4772 ante
3801 4709 3957 4770 hanc

2475 4804 2723 4886 plagam
2782 4810 3126 4866 tenuerunt
3174 4822 3319 4867 eum
3380 4822 3493 4886 pro
3540 4804 3679 4869 viro
3736 4806 3958 4869 eximie

2477 4903 2782 4967 virtuoso.
