4309 6259
1185 507 1472 553 ENARRAT
1475 505 1534 551 10
1577 507 1638 552 IN
1680 506 1816 551 cn.
1863 506 1928 551 lx
1969 506 2094 553 JOB.
2140 528 2221 539 -·-
2262 512 2405 558 ART.
2451 513 2605 559 xxm

3314 500 3427 563 431

333 675 547 753 lsrael,
581 684 654 738 ut
683 696 812 741 non
843 678 981 759 ipse
1018 677 1296 740 delerem
1339 674 1512 739 filios
1543 674 1731 737 lsrael
1767 675 1833 736 in
1864 676 1914 738 A
1943 677 2204 755 stinum,
2230 681 2418 744 tertio
2448 682 2527 745 de
2558 683 2897 759 Trinitate3
2939 705 3081 767 quae
3120 687 3433 768 sapientia

331 773 468 836 zelo
501 793 668 838 meo.
708 776 822 837 Cui
865 782 1175 837 consonat
1217 774 1378 836 illud
1425 774 1492 835 in
1533 773 1781 835 Psalmo
1817 790 1830 835 :

66 882 298 931 Pacu-⁹0⁰.
333 871 406 933 Et
443 874 624 935 stetit
661 873 951 950 PhineeS,
995 882 1058 937 et
1096 872 1416 954 placavit3
1461 880 1524 934 et
1563 870 1837 934 cessavit

330 970 682 1051 quassatio.
718 971 1038 1053 Multaque
1078 970 1232 1032 talia
1272 978 1532 1052 possent
1569 988 1837 1033 comme-

327 1085 594 1129 morari.

408 1165 485 1226 Et
518 1166 1062 1247 respondendum,
1095 1166 1264 1247 quod
1288 1166 1380 1227 ira
1404 1165 1511 1227 Dei
1545 1164 1835 1243 designat

327 1263 431 1325 vel
460 1262 703 1326 divinae
732 1263 1051 1344 aequitatis
1083 1263 1382 1345 rigorem,
1416 1263 1714 1325 videlicet
1744 1263 1834 1344 ip-

327 1381 468 1423 sam
499 1362 612 1425 Dei
645 1362 995 1441 rigorosam
1024 1362 1362 1442 justitiam,
1390 1381 1580 1442 quam
1602 1361 1830 1423 Paulus

43 1482 136 1523 Rom
161 1484 290 1528 2122.
323 1460 661 1541 apostolus
692 1460 1097 1524 severitatem
1129 1460 1371 1541 absque
1409 1460 1832 1543 trepidatione

323 1558 638 1640 appellat,
673 1558 776 1621 vel
809 1558 917 1621 Dei
963 1558 1333 1622 vindictam.
1367 1559 1459 1619 Ira
1500 1558 1693 1638 igitur
1721 1558 1831 1620 Dei

329 1658 544 1739 primo
575 1658 766 1720 modo
788 1667 1068 1738 accepta,
1088 1655 1468 1720 inflexibilis
1496 1665 1614 1733 est,
1633 1676 1829 1737 quum

326 1757 414 1817 sit
445 1756 722 1839 ipsemet
750 1757 963 1838 justus
995 1765 1056 1817 et
1099 1755 1498 1819 invariabilis
1530 1757 1720 1818 DeuS.
1747 1758 1832 1819 De

1941 775 2413 854 providentiali‚
2471 789 2534 843 et
2583 781 2819 844 virtute
2866 783 3187 861 deiformi,
3240 794 3434 868 atque

1937 873 2271 951 regiminis
2301 877 2399 937 sui
2429 897 2581 940 cura
2619 880 2839 942 orbem
2878 890 3154 962 portant,
3189 892 3434 945 suste-n·

1944 979 2099 1046 tant,
2133 980 2195 1034 et
2240 992 2355 1037 suo
2387 975 2453 1036 in
2482 996 2672 1039 cursu
2704 996 2814 1040 seu
2854 978 3145 1059 profectu
3180 998 3435 1043 conser-

1941 1076 2094 1129 vant
2122 1069 2293 1133 hunc
2322 1074 2630 1137 mundum
2661 1084 2724 1137 et
2753 1076 3067 1140 homineS.
3088 1078 3173 1141 De
3202 1078 3430 1142 horum

1941 1166 2281 1246 spirit-uum
2343 1170 2784 1236 incurvatione
2842 1175 3147 1256 scriptum
3208 1184 3304 1238 est
3363 1176 3427 1237 in

1940 1263 2317 1348 Apocalypsi
2356 1267 2629 1331 :Omnes
2670 1272 2879 1351 angeli
2919 1272 3169 1335 stabant
3212 1274 3277 1335 in
3308 1274 3429 1336 cir·
3486 1300 3715 1355 Apa-‚vm

1939 1362 2114 1423 cuitu
2166 1364 2231 1424 in
2279 1376 2623 1448 conspectu
2676 1368 2911 1445 throni,
2952 1378 3015 1432 et
3061 1371 3427 1435 ceciderunt
3459 1364 3522 1406 ¹¹·

1942 1458 2006 1520 in
2059 1460 2252 1524 facies
2303 1482 2469 1538 suaS‚
2521 1473 2584 1526 et
2620 1466 3049 1529 adoraverunt
3096 1468 3315 1532 Deum.
3358 1470 3425 1532 In

1938 1557 2183 1621 coelesti
2215 1561 2452 1622 etenim
2485 1562 2684 1639 curia,
2719 1563 3091 1645 plenissime
3122 1567 3427 1650 adimple-

1942 1663 2044 1716 tur
2072 1658 2245 1736 quod
2283 1658 2373 1719 ait
2413 1659 2737 1741 Scriptura
2774 1680 2787 1723 :
2821 1662 3061 1736 Quanto
3102 1665 3305 1746 maj0r
3332 1686 3423 1743 θε,
3492 1690 3640 1733 Ecca.
3659 1705 3715 1743 ιιι,

1939 1753 2211 1817 humilia
2232 1764 2291 1819 te
2313 1756 2379 1818 in
2408 1759 2731 1821 omnibus,
2767 1760 2899 1834 Quo
2922 1780 3197 1843 namque
3219 1784 3431 1846 super-
3456 1755 3523 1795 ²⁰·

77 1863 292 1919 wey-xv.
325 1874 458 1935 quo
505 1853 716 1936 primo
766 1855 1004 1936 Regum
1055 1854 1258 1917 fertur
1305 1873 1318 1916 :
1363 1854 1551 1917 Porro
1591 1853 1833 1916 Trium·
1863 1852 1908 1913 B
1942 1851 2006 1912 ni
2046 1852 2217 1916 cives
2260 1874 2333 1916 ac
2374 1855 2636 1936 spiritus
2675 1857 2919 1921 altioris
2959 1868 3109 1921 sunt
3156 1862 3422 1939 ordiniS,

43 1930 85 1958 aa)

325 1954 559 2035 phator
589 1954 656 2015 in
681 1954 870 2016 lsrael
908 1972 1036 2015 non
1071 1961 1309 2034 parcet,
1346 1961 1408 2015 et
1438 1952 1832 2035 poenitudine

53 2072 288 2123 samma,
325 2070 456 2115 non
481 2051 806 2115 flectetur.
827 2051 901 2113 Et
926 2052 991 2113 in
1014 2051 1432 2114 Numerorum
1463 2050 1629 2114 libro
1656 2070 1669 2112 :
1695 2052 1830 2113 Non

47 2138 102 2175 ¹⁵⁸·
321 2158 422 2211 est
461 2150 634 2212 Deus
673 2149 859 2231 quasi
902 2149 1118 2225 homo,
1167 2157 1234 2210 ut
1282 2149 1667 2224 mentiatur3
1715 2168 1830 2212 nec

319 2256 392 2309 ut
442 2247 630 2309 silius
679 2248 982 2323 hominis,
1028 2256 1099 2309 ut
1139 2255 1440 2309 mutetur.
1487 2247 1588 2309 Sic
1638 2248 1830 2327 igitur

321 2346 436 2409 irae
467 2346 578 2409 Dei
612 2346 678 2408 in
709 2365 778 2409 se
809 2346 948 2427 ipsa
983 2354 1048 2407 et
1091 2346 1442 2407 secundum
1487 2364 1576 2421 se,
1613 2346 1829 2407 nullus

317 2445 494 2507 valet
534 2444 852 2527 resistere,
887 2444 1046 2525 quin
1081 2444 1394 2525 quidquid
1437 2444 1721 2507 decrevit
1767 2451 1829 2506 et

321 2543 488 2619 vult,
525 2541 724 2605 faciat
748 2561 762 2604 ε
789 2550 884 2605 est
911 2542 1082 2604 enim
1113 2542 1541 2624 omnipotens.
1568 2543 1828 2624 Propter

45 2658 289 2712 anunm,
323 2642 499 2722 quod
529 2642 621 2704 ait
649 2641 984 2703 psalmista
1017 2658 1031 2702 :
1063 2640 1196 2714 Quo
1226 2641 1334 2704 ibo
1365 2661 1401 2703 a
1430 2641 1659 2723 spiritu
1693 2651 1821 2717 tuo,

45 2726 64 2761 ⁷
85 2733 120 2765 ‘¹
143 2739 230 2780 '“1‘
317 2743 496 2803 etc]
529 2740 646 2803 Vel
678 2749 850 2803 certe
882 2740 976 2801 ira
1006 2740 1116 2803 Dei
1147 2740 1439 2819 designat
1469 2740 1705 2803 divinae
1732 2740 1828 2821 ju-

316 2839 516 2901 stitiae
543 2838 900 2901 districtam
931 2838 1240 2901 ultionem
1263 2856 1277 2899 ε
1297 2840 1401 2900 cui
1424 2838 1616 2901 etiam
1637 2857 1825 2901 nemo

315 2938 492 3000 valet
543 2937 842 3001 resistere
893 2936 1152 3019 propria
1200 2944 1532 3018 potestate,
1586 2944 1649 2999 et
1697 2937 1822 3000 nisi

1936 1969 2010 2013 eo
2042 1953 2523 2015 reverentialius
2552 1964 3007 2039 parent,atque
3042 1958 3427 2039 profundius

1939 2068 2006 2111 se
2039 2051 2160 2113 Deo
2190 2050 2560 2132 subjiciunt,
2589 2063 3021 2134 prosternunt,
3046 2057 3421 2122 humiliant:

1939 2149 2289 2228 praesertim
2320 2150 2468 2230 quia
2499 2144 2626 2233 quo
2654 2153 2898 2215 altioris
2936 2163 3086 2216 sunt
3114 2156 3315 2233 chori,
3350 2177 3427 2222 eo

1937 2246 2171 2309 divinae
2192 2249 2543 2329 maJestatis
2577 2250 3311 2335 incircumscriptibilem
3333 2256 3429 2318 di-

1937 2347 2245 2428 gnitatem
2274 2367 2348 2410 ac
2379 2349 2586 2412 lucem
2612 2349 2847 2413 clarius
2878 2352 3227 2431 intuentur,
3252 2354 3429 2418 hinc-

1934 2464 2062 2525 que
2091 2443 2477 2527 profundius
2508 2466 2575 2509 se
2604 2447 2663 2510 ei
2694 2448 3027 2511 inclinant.

2019 2544 2323 2625 Denique,
2357 2545 2575 2607 orbem
2610 2555 2958 2627 portanteS,
2985 2548 3259 2631 intelligi
3293 2571 3429 2633 pos-

1935 2650 2086 2703 sunt
2125 2642 2451 2725 principes
2494 2653 2556 2706 et
2604 2645 2873 2725 praelati,
2906 2646 2973 2708 in
3022 2650 3255 2713 saeculo
3304 2650 3427 2715 isto

1933 2740 2074 2801 aliis
2106 2741 2541 2822 praesidenteS,
2580 2761 2853 2824 quorum
2894 2754 2990 2807 est
3028 2746 3188 2810 alios
3220 2758 3428 2829 pater-

1934 2837 2161 2901 naliter
2192 2837 2381 2916 ferre,
2410 2840 2885 2904 imbecillitates
2905 2862 3124 2907 eorum
3146 2855 3418 2926 portare,

1932 2944 1994 2998 et
2015 2936 2189 3018 ipsos
2210 2937 2277 2999 in
2299 2938 2597 3000 omnibus
2621 2940 3169 3021 providentialiter
3188 2952 3424 3007 susten-

314 3044 639 3117 quantum
673 3037 834 3099 Deus
877 3035 1154 3100 voluerit
1195 3045 1387 3116 atque
1430 3036 1815 3117 praestiterit.
1849 3037 1894 3100 C
1933 3041 2101 3097 tare:
2127 3043 2385 3117 propter
2416 3036 2589 3116 quod
2624 3038 2781 3099 tales
2810 3049 3119 3103 vocantur
3148 3041 3419 3105 aliorum

311 3136 576 3197 Auxilio
611 3143 824 3197 autem
854 3134 1074 3214 gratiae
1104 3134 1214 3196 Dei
1253 3152 1592 3215 possumus
1627 3134 1818 3197 Deum

310 3233 598 3314 placare,
631 3233 904 3313 ejusque
931 3232 1091 3294 iram
1113 3231 1535 3311 exstinguere,
1561 3241 1816 3313 peccata

307 3332 588 3407 diluere,
624 3340 688 3394 et
727 3349 983 3394 omnem
1026 3330 1263 3411 justam
1308 3330 1654 3393 vindictam
1703 3350 1817 3413 per

307 3432 454 3511 ejus
489 3429 906 3493 clementiam
946 3437 1010 3491 et
1048 3427 1494 3510 poenitentiam
1534 3438 1814 3495 nostram

306 3529 612 3591 evadere.
637 3527 728 3589 Ex
760 3546 890 3608 quo
922 3527 1265 3589 innotescit
1283 3527 1735 3589 concordantia
1753 3536 1816 3591 et

306 3626 750 3707 intelligentia
809 3626 1100 3689 omnium
1156 3608 1603 3688 auctoritatum
1661 3627 1811 3689 ista-

307 3746 479 3802 rum,
504 3735 570 3788 et
599 3725 783 3787 verbi
813 3724 985 3787 beati
1011 3724 1129 3787 Job
1157 3743 1330 3786 nunc
1360 3724 1728 3788 introducti.

389 3825 744 3901 Postremo,
779 3843 981 3905 quum
1008 3824 1188 3904 juxta
1221 3823 1524 3885 Senecam
1565 3824 1659 3885 ira
1689 3824 1810 3887 viri

303 3923 577 3987 moralis
619 3942 692 3985 ac
729 3922 916 4004 probi
957 3922 1042 3983 sit
1086 3922 1359 3984 maxime
1405 3922 1814 4002 ponderanda

304 4042 382 4085 ac
424 4021 796 4097 devitanda,
831 4040 976 4102 quae
1019 4029 1230 4083 tamen
1269 4019 1617 4101 aliquando
1658 4022 1813 4085 irra-

303 4119 646 4185 tionabilis
675 4139 816 4183 esse
838 4127 1046 4201 potest
1067 4128 1256 4200 atque
1284 4119 1524 4200 injusta
1546 4130 1814 4201 :quanto

303 4220 517 4299 magis
567 4218 666 4281 ira
715 4217 1364 4299 supervirtuosissimi
1413 4218 1812 4300 omnipoten-

305 4320 394 4381 tis
425 4318 562 4395 Dei,
595 4336 742 4399 quae
771 4336 890 4380 nec
920 4316 1157 4397 injusta
1194 4335 1312 4380 nec
1354 4316 1809 4380 irrationabilis

303 4438 452 4481 esse
481 4417 677 4492 valet,
713 4424 807 4478 est
848 4416 1210 4491 metuenda,
1248 4414 1525 4491 vitanda,
1561 4417 1810 4497 placan-

71 4534 272 4587 102.n‚2;
301 4518 429 4579 da?
471 4516 622 4578 Ideo
651 4522 790 4577 orat
823 4513 921 4576 vir
963 4522 1221 4577 sanctus
1256 4530 1270 4575 :
1307 4514 1590 4591 Domine,
1627 4535 1706 4578 ne
1741 4515 1808 4577 in

41 4604 226 4644 ¹¹¹‘¹'·²·
305 4614 530 4677 surore
563 4621 673 4675 tuo
694 4630 924 4692 arguas
956 4631 1080 4687 me,
1105 4630 1316 4693 neque
1339 4611 1403 4672 in
1427 4612 1520 4672 ira
1552 4620 1654 4675 tua
1678 4632 1810 4676 cor-

304 4712 510 4795 ripias
541 4729 668 4773 me.

387 4813 532 4873 Sub
569 4830 694 4889 quo
739 4818 1130 4878 curvantur,
1177 4808 1242 4870 id
1289 4816 1406 4883 est,
1459 4809 1578 4871 sub
1625 4811 1808 4891 cujus

301 4910 644 4990 majestate
703 4906 1156 4982 humiliantur,
1219 4908 1336 4984 qui
1385 4917 1655 4982 portant
1709 4928 1810 4967 or-

301 5010 462 5075 bem,
497 5005 562 5067 id
593 5013 690 5068 est
725 5004 1030 5084 angelica}
1065 5012 1408 5085 potestates
1443 5021 1456 5065 ε
1493 5023 1606 5085 per
1647 5024 1808 5086 quas

300 5101 743 5168 ecclesiastica
781 5102 1140 5165 hierarchia
1180 5120 1350 5165 nunc
1392 5101 1803 5182 gubernatur,

301 5204 662 5267 secundum
712 5200 1103 5282 Dionysium,
1157 5208 1413 5281 totaque
1460 5202 1808 5282 corporalis

301 5309 602 5365 creatura
649 5297 1157 5374 administratur,
1203 5298 1554 5361 secundum
1595 5299 1808 5379 Augu-

1928 3133 2262 3197 columnae.
2305 3132 2420 3206 Qui
2450 3143 2797 3198 curvantur
2834 3137 2953 3199 sub
2992 3139 3118 3202 Deo
3150 3156 3165 3201 t
3201 3159 3421 3222 quem-

1927 3232 2269 3295 admodum
2317 3233 2625 3313 scriptum
2676 3241 2793 3311 est,
2844 3235 3213 3300 Adorabunt
3270 3258 3417 3303 eum
3451 3262 3707 3316 Panum.

1926 3348 2146 3393 omnes
2181 3349 2379 3411 reges.
2404 3332 2562 3394 Hinc
2593 3332 2891 3415 princeps
2913 3333 3128 3399 Graeco
3158 3338 3419 3403 nomine

1926 3432 2189 3490 basileos
2216 3429 2597 3511 appellatur,
2621 3430 2685 3493 id
2716 3439 2811 3493 est
2839 3451 2876 3494 a
2904 3434 3096 3504 basis,
3117 3437 3289 3515 quod
3322 3446 3419 3500 est

1925 3526 2437 3603 fundamentum,
2458 3536 2520 3589 et
2552 3532 2704 3600 laoS,
2730 3531 2900 3609 quod
2932 3530 3413 3614 interpretatum

1923 3632 2020 3687 est
2041 3625 2339 3707 populus,
2373 3626 2560 3705 quasi
2590 3626 2762 3688 basis
2794 3629 3015 3709 populi
3046 3629 3167 3692 sibi
3201 3633 3417 3714 subje-

1923 3723 2029 3785 cti.
2063 3723 2271 3786 Potest
2296 3731 2359 3786 et
2389 3724 2478 3785 ita
2504 3726 2738 3806 exponi
2776 3744 2789 3786 :
2826 3726 2955 3788 Sub
2982 3747 3110 3809 quo
3144 3749 3413 3794 curvan-

1927 3830 2046 3899 tur,
2083 3821 2146 3884 id
2188 3831 2304 3899 est,
2339 3822 2571 3903 dejecti
2613 3831 2676 3885 et
2708 3843 2745 3885 a
2775 3825 3029 3906 propria
3073 3827 3410 3893 altitudine

1926 3919 2108 3982 fracti
2140 3920 2585 3998 humiliantur,
2628 3921 2742 4002 qui
2775 3932 3029 4003 portant
3066 3925 3308 4004 orbem,
3344 3927 3409 3989 id

1922 4027 2017 4081 est
2065 4019 2424 4101 superiores
2472 4019 2744 4101 superbe
2792 4039 2861 4082 se
2906 4021 3249 4101 erigenteS,
3294 4026 3407 4108 qui

1921 4117 2080 4179 alios
2111 4117 2177 4180 in
2208 4137 2323 4179 sua
2364 4117 2601 4180 habent
2631 4126 2938 4199 potestate
2976 4139 3050 4183 ac
3098 4140 3311 4200 manu,
3345 4134 3409 4187 et

1843 4221 1892 4282 D
1923 4214 2136 4278 ferunt
2179 4233 2286 4278 eos
2336 4234 2463 4296 quo
2509 4216 2733 4279 volunt
2784 4234 2797 4277 :
2841 4217 2952 4298 qui
2996 4220 3204 4300 primo
3250 4221 3409 4284 defi-

1918 4314 2108 4391 cient,
2131 4316 2310 4396 juxta
2342 4313 2405 4375 id
2436 4313 2774 4396 Sapientis,
2795 4315 3113 4379 Judicium
3144 4319 3409 4383 durissi-
3436 4346 3694 4403 sap.v1,⁶,7.

1918 4432 2092 4473 mum
2124 4413 2190 4473 in
2223 4412 2322 4473 his
2354 4412 2465 4494 qui
2498 4422 2778 4493 praesunt
2808 4412 2963 4490 fiet3
3001 4424 3085 4493 et,
3110 4416 3403 4482 Potentes

1917 4520 2209 4593 potenter
2253 4519 2567 4574 tormenta
2605 4513 2947 4593 patientur.
2981 4516 3045 4577 In
3097 4516 3407 4582 Ecclesia-

1917 4612 2074 4673 stico
2121 4627 2380 4691 quoque
2428 4610 2752 4691 Sapientia
2796 4612 2886 4673 ait
2920 4631 2934 4674 :
2971 4612 3402 4696 Superborum
3434 4642 3690 4701 Ecetram»,

1915 4718 1979 4772 et
2009 4707 2382 4771 sublimium
2412 4708 2576 4771 colla
2606 4709 2865 4791 propria
2884 4710 3118 4775 virtute
3136 4714 3398 4779 calcavi.
3436 4708 3499 4748 ¹¹·

1998 4812 2291 4877 Quantus
2334 4827 2479 4883 eryo
2520 4828 2665 4869 sum
2711 4828 2819 4886 eqo
2870 4820 2937 4871 ut
2987 4817 3402 4890 respondeam

1913 4909 1976 4967 ei
1996 4908 2026 4967 ἕ
2055 4906 2120 4967 id
2149 4914 2267 4982 est,
2298 4925 2498 4988 quum
2541 4906 2695 4968 tales
2733 4927 2806 4969 ac
2849 4908 3008 4969 tanti
3053 4928 3119 4973 se
3151 4911 3275 4974 Deo
3313 4912 3405 4975 sic

1917 5004 2213 5079 subdant,
2266 5012 2325 5065 et
2374 5003 2455 5066 ab
2504 5006 2645 5084 ejus
2694 5005 3069 5069 excellentia
3118 5016 3242 5069 tam
3291 5010 3409 5071 im-

1916 5121 2134 5165 mense
2166 5100 2496 5179 deficiant,
2530 5120 2645 5182 ego
2692 5121 3091 5185 nequaquam
3141 5106 3407 5170 sufficio

1916 5202 1974 5264 ei
2017 5202 2082 5262 in
2113 5200 2402 5262 districto
2434 5201 2723 5263 examine
2756 5204 3159 5283 respondere,
3181 5224 3297 5268 nec
3326 5205 3406 5267 ad

1917 5297 2135 5362 omnia
2169 5296 2479 5360 rationem
2518 5296 2805 5379 proferre
2844 5301 3195 5363 secundum
3234 5302 3406 5385 rigo-
