4309 6259
965 506 1317 553 RNARRATIO
1358 507 1420 552 IN
1463 506 1598 551 cAP.
1646 502 1708 551 vl
1750 505 1908 551 LIBRI
1949 506 2172 561 QUARTI
2214 509 2438 555 REGUM.
2482 530 2561 539 --·
2603 511 2745 556 ART.
2792 511 2857 557 IX

3376 493 3451 557 33

353 694 434 734 ne
465 684 762 735 transeas
797 679 870 737 in
903 682 1111 738 locum
1131 680 1350 749 illum,
1379 679 1538 758 quia
1569 679 1664 737 ibi
1691 678 1856 755 Syri
1881 673 1934 737 A
1963 685 2064 739 tus
2101 685 2197 740 est
2216 666 2246 740 ἐ
2275 678 2479 742 Nolite
2508 678 2763 757 timere3
2798 680 2998 743 multo
3019 680 3192 745 enim
3232 682 3449 765 plures
3530 698 3567 741 11
3600 699 3708 743 Par.

353 774 422 833 in
471 775 745 834 insidiis
786 786 963 839 sunt.
1007 780 1193 839 Misit
1231 778 1450 857 itaque
1496 798 1612 837 rece
1648 780 1856 838 Israel

353 872 426 931 in
460 875 676 933 locum
704 894 896 953 quem
923 877 1184 935 dixerat
1211 877 1274 935 ei
1303 878 1410 935 vir
1426 877 1571 947 Dei,
1604 884 1664 935 et
1682 895 1854 952 prae-

349 973 695 1048 occupavit
723 994 898 1044 eum,
932 973 997 1035 id
1025 981 1121 1036 θεῖ
1155 973 1293 1036 loca
1339 972 1712 1036 insidiarum
1747 971 1853 1055 Sy-

351 1086 594 1145 rorum,
640 1070 958 1151 capiendo
1005 1090 1111 1135 eos
1165 1072 1425 1150 ibidem,
1467 1072 1572 1136 vel
1617 1091 1852 1155 praeve-

352 1166 592 1230 niendo
621 1187 756 1245 θοε,
793 1169 883 1232 ita
920 1172 1089 1252 quod
1135 1190 1264 1235 non
1305 1180 1600 1253 poterant
1649 1191 1716 1234 se
1761 1170 1852 1233 ibi

350 1265 604 1342 locare;
638 1278 699 1329 et
729 1272 1088 1331 observavit
1120 1292 1184 1330 se
1229 1273 1338 1342 ibi,
1373 1290 1502 1331 non
1531 1275 1727 1331 semel
1755 1290 1854 1331 ne-

349 1385 474 1443 que
503 1368 602 1426 bis
635 1374 908 1445 tantum,
943 1370 1052 1432 sed
1085 1369 1341 1451 saepius.

433 1466 1033 1547 Conturbatumque
1055 1478 1146 1528 est
1165 1487 1273 1528 cor
1301 1470 1470 1545 reqis
1491 1469 1709 1545 Syria’
1727 1486 1853 1544 pro

349 1564 474 1622 Ῑιασ
501 1584 594 1624 re.
618 1567 705 1625 Ec
735 1568 1094 1627 convocatis
1123 1569 1326 1627 servis
1344 1570 1507 1637 sui-3,
1527 1569 1598 1627 ai
1602 1576 1624 1626 t
1644 1583 1667 1626 .·
1690 1569 1854 1634 Qua-

349 1682 422 1720 re
450 1682 582 1723 non
625 1664 970 1725 indicastis
999 1666 1170 1725 mihi
1211 1668 1356 1746 quis
1390 1667 1684 1742 proditor
1727 1665 1854 1725 mei

347 1761 436 1819 sic
455 1764 642 1837 apud
661 1782 874 1839 reyem
893 1765 1100 1824 Israel
1113 1766 1145 1824 ἒ
1166 1763 1507 1827 revelando
1528 1762 1588 1825 ei
1619 1770 1854 1825 secreta

1962 774 2297 838 nobiscum
2334 786 2503 853 sunt,
2537 797 2727 859 quam
2772 799 2915 841 cum
2958 779 3091 842 illo.
3135 781 3289 843 Cum
3337 780 3447 843 illo

1962 884 2058 937 cst
2096 875 2425 937 brachium
2463 896 2793 951 carneum3
2840 878 3169 941 nobiscum
3213 888 3309 942 est
3337 882 3451 943 Do-

1961 974 2175 1036 minus
2206 975 2371 1037 Deus
2405 984 2641 1052 noster,
2679 977 2791 1058 qui
2831 978 3166 1041 auxiliator
3204 987 3300 1042 est
3338 998 3449 1043 no-

1961 1081 2111 1135 ster.
2161 1076 2496 1152 Quumque
2544 1086 2781 1136 orasset
2824 1079 3077 1138 E'Ziseus
3114 1095 3229 1159 pro
3277 1077 3448 1141 bono

1960 1171 2286 1234 communi
2317 1180 2379 1233 et
2418 1172 2841 1236 subventione
2868 1174 3107 1252 divina,
3153 1178 3249 1237 ait
3280 1197 3303 1235 .·
3331 1180 3451 1237 Do·

1961 1272 2160 1341 mine,
2183 1272 2367 1346 aperi
2395 1275 2604 1331 oculos
2626 1274 2823 1349 pueri
2850 1274 3069 1350 hujus,
3108 1284 3177 1335 ut
3206 1275 3445 1347 videat,

1961 1366 2026 1428 id
2057 1374 2176 1444 θεῖ,
2201 1368 2281 1429 da
2310 1367 2369 1430 ei
2399 1368 2820 1431 exterioribus
2852 1370 3053 1433 oculis
3088 1371 3325 1434 intueri
3346 1392 3449 1435 au-

1962 1466 2116 1527 xilia
2153 1466 2338 1529 nobis
2376 1475 2614 1549 parata,
2657 1475 2727 1529 ut
2765 1476 2977 1531 mente
3018 1468 3335 1551 intelligat
3376 1490 3451 1533 ca

1960 1584 2102 1647 quae
2133 1564 2273 1627 sine
2297 1574 2404 1627 tua
2423 1566 2868 1647 cooperatione
2897 1576 2961 1629 et
2981 1567 3452 1632 illuminatione

1961 1662 2180 1726 videre
2202 1682 2327 1727 non
2361 1663 2551 1726 valet.
2576 1666 2662 1724 Et
2683 1668 2942 1743 aperuit
2960 1670 3281 1727 Dominus
3312 1688 3454 1727 oeu-

1962 1765 2052 1821 los
2083 1764 2337 1839 pueri:
2385 1781 2513 1824 non
2564 1762 2769 1825 solum
2820 1764 3008 1827 solito
3058 1766 3269 1841 mod0‚
3320 1784 3448 1847 quo

349 1876 494 1919 mea
529 1875 545 1919 z
579 1858 704 1921 hoc
735 1859 910 1923 enim
950 1861 1198 1944 putavit
1238 1881 1346 1924 rex
1377 1861 1592 1943 Syriae.
1628 1862 1848 1921 Dimic-
1888 1859 1935 1922 B
1964 1868 2026 1923 et
2070 1860 2287 1923 omnia
2334 1861 2651 1923 naturalia
2700 1862 3147 1944 principaliter
3192 1862 3368 1926 fiunt
3416 1885 3453 1928 a

350 1976 474 2035 que
503 1978 682 2018 unus
708 1980 1038 2021 servorum
1077 1962 1255 2038 ejus:
1273 1962 1724 2041 Nequaquam,
1753 1961 1856 2019 do-

352 2057 530 2115 mine
563 2058 659 2116 mi
684 2078 830 2129 rem,
861 2057 924 2119 id
957 2067 1074 2136 est,
1101 2077 1253 2136 non,
1281 2067 1350 2120 ut
1379 2066 1588 2141 putaS‚
1622 2056 1854 2139 aliquis

351 2162 650 2216 nostrum
680 2155 906 2237 pandit
937 2165 1044 2219 tua
1072 2166 1314 2221 secreta
1344 2158 1476 2238 regi
1508 2156 1720 2233 lsrael,
1746 2159 1855 2215 sed

351 2253 612 2314 E'liseus
632 2258 952 2333 propheta
981 2258 1099 2335 qui
1127 2266 1216 2317 est
1249 2258 1318 2317 in
1342 2260 1569 2327 Israel,
1597 2257 1848 2316 indicat

347 2353 491 2428 reyi
519 2350 712 2414 lsrael
743 2355 966 2414 omnia
995 2356 1207 2427 verba,
1241 2374 1655 2434 quaecumque
1687 2356 1850 2413 loeu-

352 2458 457 2509 tus
483 2450 701 2527 fueris
733 2453 806 2513 in
835 2456 1128 2515 conclavi
1160 2464 1292 2523 tuo,
1326 2454 1389 2515 id
1431 2461 1525 2515 est
1556 2452 1848 2534 quaedam

347 2547 432 2610 de
459 2550 786 2627 omnibu3‚
803 2560 1117 2632 quantum
1137 2552 1568 2616 necessarium
1601 2559 1696 2614 est
1722 2550 1855 2632 regi

351 2646 547 2709 lsrael
578 2667 656 2710 ea
687 2648 874 2712 scire.
905 2653 1221 2730 Dioeitque
1250 2654 1386 2711 eis:
1407 2654 1530 2722 Ite,
1559 2661 1618 2711 et
1651 2652 1856 2711 videte

349 2748 470 2806 ubi
497 2748 615 2817 sit,
648 2758 722 2808 ut
759 2750 1020 2810 mittam
1056 2759 1115 2810 et
1155 2750 1414 2827 capiam
1442 2769 1610 2809 eum.
1648 2746 1712 2809 Si
1746 2766 1856 2809 rcx

351 2841 556 2927 Syriae
583 2845 862 2908 credidit
891 2846 1174 2910 Eliseum
1217 2864 1599 2927 cognoscere
1641 2845 1856 2909 omnia

349 2942 552 3005 verba
580 2963 621 3006 a
653 2964 723 3008 se
753 2946 946 3008 etiam
986 2945 1054 3007 in
1089 2946 1378 3009 conclavi
1418 2945 1688 3027 prolata,
1725 2944 1856 3007 sru-

1963 1959 2108 2035 De0,
2163 1958 2466 2040 quoniam
2510 1959 2717 2041 prima
2766 1980 2958 2022 causa
3010 1961 3155 2043 plus
3200 1961 3446 2040 influit,

1962 2076 2154 2139 quam
2215 2076 2633 2139 quaecumque
2699 2078 2889 2121 causa
2957 2061 3281 2136 secunda3
3336 2062 3446 2124 sed

3477 775 3604 813 xxxii.
3626 766 3667 814 7,
3688 764 3729 805 8.

1964 2155 2541 2237 speciali'manerie,
2571 2157 2779 2219 dando
2811 2176 3008 2239 puero
3030 2158 3333 2221 virtutem
3367 2160 3455 2221 vi·
3500 2206 3503 2209 .

1962 2253 2153 2317 dendi
2196 2273 2338 2335 quae
2373 2253 2483 2316 alii
2516 2254 2708 2317 etiam
2752 2256 3075 2319 adstantes
3114 2275 3241 2320 non
3280 2258 3455 2321 vide-

1963 2351 2138 2414 bant.
2171 2355 2257 2413 Ει
2286 2356 2476 2414 vidit.
2516 2356 2595 2415 Εἰ
2628 2374 2763 2413 ecee
2797 2375 2975 2415 mons
3020 2355 3296 2418 civitatis
3338 2356 3456 2418 Do-

1961 2450 2163 2527 thain‚
2191 2450 2257 2512 in
2288 2470 2415 2533 qua
2442 2451 2691 2514 Eliseus
2721 2450 2747 2512 f
2752 2452 2865 2528 uit,
2882 2457 3117 2530 plenus
3138 2474 3449 2534 equorum

1962 2558 2022 2609 et
2059 2570 2373 2610 curruum
2408 2551 2745 2627 iqneorum
2776 2550 2849 2611 in
2880 2552 3165 2611 circuitu
3200 2554 3400 2613 Elisei
3430 2572 3452 2612 .·

1965 2665 2079 2728 per
2108 2666 2269 2728 quos
2307 2646 2593 2726 angelica
2629 2648 2885 2727 agmina
2923 2648 3449 2729 designabantur,

1963 2761 2239 2825 quorum
2277 2744 2644 2807 ministerio·
2664 2744 3121 2809 similitudines
3152 2745 3283 2810 illae
3318 2767 3454 2810 cur-

1965 2861 2152 2904 ruum
2194 2850 2257 2906 θῖ
2294 2861 2599 2924 equorum
2640 2842 2973 2922 igneorum
3014 2854 3448 2926 apparuerunt

1968 2960 2035 3003 m
2069 2960 2235 3005 aere.

350 3048 488 3102 stra
517 3040 702 3105 misit
731 3044 810 3105 ad
843 3043 1298 3125 inquirendum
1319 3043 1429 3105 ubi
1451 3052 1639 3119 esset,
1659 3062 1859 3125 quum
1894 3042 1938 3105 C
2049 3043 2271 3101 Hostes
2316 3060 2483 3110 vero,
2520 3040 2765 3103 scilicet
2794 3039 2954 3122 Syri,
2988 3044 3449 3103 descenderunt

349 3138 610 3202 Eliseus
661 3140 944 3219 interim,
995 3142 1050 3203 si
1089 3141 1302 3218 vellet,
1343 3140 1563 3223 fugere
1602 3148 1854 3224 posset3

351 3238 470 3300 sed
503 3246 686 3301 tanta
703 3248 800 3303 est
829 3240 1164 3303 excaecatio
1185 3239 1553 3322 impiorum,
1571 3248 1640 3301 ut
1661 3258 1858 3321 quum

351 3356 566 3399 unum
594 3339 860 3401 credant
889 3346 1082 3420 atque
1110 3339 1536 3415 considerent,
1561 3357 1689 3401 non
1721 3356 1864 3400 con-

353 3436 652 3500 siderent
680 3436 856 3499 aliud
877 3438 1052 3520 quod
1072 3458 1149 3502 ex
1171 3437 1282 3501 illo
1313 3446 1409 3500 est
1428 3454 1858 3520 consequens:

111 3551 324 3601 nattam.
355 3534 530 3598 sicut
550 3535 832 3600 Herodes
861 3536 1134 3600 credidit
1164 3556 1432 3620 puerum
1453 3536 1574 3599 sibi
1607 3556 1644 3599 a
1673 3536 1862 3616 Magis

82 3616 152 3665 a,
173 3617 234 3656 is.

353 3633 841 3710 denuntiatum,
859 3653 1000 3697 esse
1019 3634 1340 3697 Christum
1371 3634 1438 3695 in
1468 3634 1606 3713 lege
1637 3642 1700 3697 et
1725 3634 1864 3696 Pro-

353 3731 577 3813 phetis
619 3732 1050 3813 promissum3
1083 3740 1148 3795 et
1177 3741 1388 3796 tamen
1435 3733 1611 3795 misit
1651 3733 1727 3795 ad
1760 3750 1863 3795 oc-

352 3830 711 3893 cidendum
735 3832 1048 3907 eumdem,
1066 3840 1295 3913 putans
1317 3850 1385 3894 se
1407 3850 1594 3914 posse
1613 3850 1868 3895 cassare

351 3930 626 3995 oracula
652 3931 1112 4013 Prophetarum
1142 3932 1221 3993 de
1253 3930 1502 3995 Christo
1535 3931 1858 4013 praedicta.

347 4034 956 4093 Annuntiaverunt
987 4031 1050 4089 ei
1081 4031 1358 4091 dieentes
1389 4052 1412 4090 .·
1446 4034 1605 4092 Eece
1635 4033 1708 4091 in
1737 4033 1863 4093 Do—

351 4130 575 4192 thain.
613 4133 802 4193 Misit
830 4150 976 4207 erqo
1009 4133 1171 4190 illuc
1196 4150 1385 4207 equos
1426 4140 1486 4191 et
1513 4151 1766 4207 currus,
1801 4142 1861 4192 et

1969 3141 2056 3199 ad
2083 3160 2256 3210 eum,
2274 3146 2427 3220 puta
2451 3139 2528 3201 ad
2559 3138 2863 3215 Eliseum,
2882 3147 2951 3202 ut
2970 3148 3269 3221 caperent
3288 3159 3448 3205 eum.

1970 3240 2174 3299 Porro
2193 3240 2447 3298 Eliseus
2467 3240 2679 3299 oravit
2698 3241 2788 3298 ad
2803 3240 3183 3310 Dominum,
3202 3242 3421 3299 dicens
3434 3260 3457 3300 .·

1969 3340 2258 3408 Per-cute,
2312 3339 2582 3406 obseerO,
2622 3347 2876 3413 ,qen-cem
2932 3339 3099 3399 hane
3151 3340 3453 3401 caecitate.

1971 3438 2270 3499 Percussi
2274 3446 2419 3515 tque
2435 3456 2533 3495 eos
2554 3437 2871 3497 Dominus
2892 3456 2970 3497 ne
2991 3438 3461 3514 viderent,juoe-

1973 3545 2037 3596 ta
2068 3537 2329 3595 verbum
2352 3537 2580 3604 E'lisei,
2596 3553 2723 3597 non
2755 3534 3121 3597 omnimoda
3147 3535 3453 3615 caecitate‚

1969 3634 2078 3697 scd
2105 3653 2179 3696 ea
2210 3652 2354 3715 quae
2383 3632 2742 3714 appellatur
2771 3632 3019 3710 acrisia,
3051 3651 3179 3714 qua
3208 3634 3457 3716 aliquid

1967 3731 2221 3794 videtur
2248 3730 2514 3795 confuse
2542 3738 2605 3793 ct
2642 3729 3029 3807 indistincte,
3068 3748 3197 3794 non
3239 3740 3453 3795 autem

1971 3829 2270 3892 distincte
2295 3827 2718 3908 cognoscitur.
2746 3826 2849 3890 Sic
2880 3827 2986 3889 isti
3010 3827 3308 3891 viderunt
3330 3830 3457 3892 Eli-

1969 3948 2148 3991 seum
2185 3937 2248 3990 et
2280 3926 2543 3990 Dothain
2584 3925 2906 3989 civitatem
2942 3940 2956 3986 ε
3000 3927 3171 4006 quod
3210 3926 3457 3991 scilicet

1967 4027 2215 4091 Eliseus
2248 4034 2414 4090 esset
2442 4026 2634 4088 homo
2670 4024 2952 4106 quidam,
2988 4032 3051 4087 et
3088 4027 3271 4106 quod·
3300 4026 3454 4089 urbs

1969 4126 2079 4188 illa
2102 4126 2408 4208 oppidum
2424 4124 2741 4205 quoddam
2761 4123 3121 4201 exsisteret3
3146 4126 3256 4187 sed
3278 4125 3456 4206 quod

343 4232 554 4289 robur
595 4231 918 4290 emere-icus
947 4250 968 4287 .·
997 4230 1116 4308 qui
1152 4248 1357 4309 quum
1393 4230 1713 4290 venissent
1757 4250 1863 4291 no·
1892 4224 1941 4285 D
1971 4225 2159 4288 homo
2191 4224 2301 4286 ille
2328 4232 2493 4287 esset
2516 4223 2783 4301 ΕΙίεθιιε,
2809 4222 3170 4287 discernere
3202 4242 3458 4287 nonva·

341 4338 472 4399 cte,
502 4331 1076 4389 circumdederunt
1105 4329 1456 4390 civitatem.

425 4429 830 4505 fflnsuryens
850 4436 1068 4488 autem
1085 4428 1378 4487 diluculo
1403 4428 1704 4487 minister
1725 4430 1861 4489 viri

347 4528 506 4596 Dei,
549 4546 838 4604 eyressus
874 4535 984 4586 est.
1038 4526 1338 4605 Viditque
1379 4527 1736 4587 exercitum
1785 4528 1858 4587 in

348 4628 649 4689 circuitu
677 4626 990 4697 civitatis,
1009 4634 1069 4685 et
1087 4644 1278 4703 equos
1303 4634 1364 4684 et
1393 4644 1646 4687 currus.
1675 4628 1862 4688 Nun-

351 4728 684 4805 tiavitque
723 4726 812 4794 ei,
849 4726 1070 4784 dicens
1101 4744 1124 4783 .·
1159 4725 1334 4793 Heu,
1372 4723 1522 4794 heu,
1560 4726 1706 4796 heu,
1751 4728 1861 4785 do—

351 4826 536 4886 mine
567 4826 686 4885 mi.
725 4824 900 4893 Quid
940 4823 1255 4900 faciemus
1275 4824 1307 4882 ἒ
1337 4820 1402 4884 id
1431 4830 1549 4899 est,
1582 4822 1860 4904 qualiter

345 4923 764 4989 obsidionem
814 4922 979 4984 hanc
1028 4921 1370 4986 evademus
1409 4922 1433 4980 ἰ
1473 4923 1562 4983 At
1605 4922 1718 4981 ille
1765 4943 1860 4982 re-

342 5023 618 5101 spondit
649 5039 674 5082 :
707 5021 866 5085 Noli
895 5020 1122 5080 timere
1151 5022 1412 5097 :plures
1449 5020 1628 5081 enim
1647 5022 1861 5081 nobis-

343 5141 504 5182 eum
539 5128 724 5189 sunt,
753 5116 1001 5181 scilicet
1029 5115 1239 5196 angeli
1285 5116 1488 5179 sancti
1527 5116 1608 5178 ad
1639 5125 1858 5179 nostra

345 5217 652 5283 subsidia
696 5214 1060 5298 praeparati,
1103 5235 1312 5311 ‘qaam
1359 5235 1506 5276 cum
1553 5216 1712 5277 illis.
1757 5214 1858 5279 Sic

345 5327 414 5381 et
462 5314 774 5381 Ezechias
812 5314 1092 5378 secundo
1120 5312 1648 5395 Paralipomenon
1691 5312 1858 5377 locu-

612 5449 683 5502 ⁹1¹.
717 5448 768 5499 4.

1969 4323 2205 4386 lebant.
2237 4324 2431 4386 Dioeit
2461 4332 2677 4385 autem
2706 4326 2794 4383 ad
2836 4343 2935 4383 eos
2967 4325 3220 4385 Eliseus
3251 4344 3274 4383 .·
3306 4325 3455 4385 Non

1965 4433 2054 4484 esc
2097 4424 2232 4483 hoec
2266 4423 2377 4481 via
2410 4439 2523 4502 per
2570 4440 2761 4502 quam
2811 4421 2939 4483 itur
2978 4422 3055 4484 ad
3105 4420 3350 4499 urbem,
3388 4421 3455 4483 in

1966 4540 2094 4603 qua
2121 4520 2404 4583 Eliseum
2444 4518 2805 4597 invenietiS,
2840 4540 3045 4599 neque
3074 4522 3201 4581 ista
3240 4530 3329 4581 est
3367 4523 3457 4581 ci-

1969 4621 2135 4679 vitas
2192 4617 2259 4680 in
2307 4635 2435 4699 qua
2481 4624 2927 4680 commoratur.
2972 4617 3107 4680 Non
3157 4618 3329 4681 enim
3387 4618 3454 4679 in

1968 4716 2260 4794 Dothain‚
2309 4717 2420 4779 sed
2463 4715 2531 4778 in
2575 4715 2831 4779 civitate
2874 4716 3134 4780 nomine
3175 4715 3458 4779 Samaria

1967 4815 2282 4879 habitavit
2311 4815 2755 4891 communiter,
2789 4823 2859 4876 ut
2899 4814 3068 4877 infra
3098 4814 3165 4877 in
3198 4816 3321 4879 isto
3358 4815 3457 4877 in·

1968 4915 2260 4978 sinuatur
2288 4914 2589 4997 capitulo.
2631 4914 2807 4977 Unde
2844 4922 2907 4977 et
2943 4914 3327 4996 praecedenti
3357 4933 3455 4977 ca·

1968 5012 2174 5097 pitulo
2203 5013 2293 5077 ait
2322 5013 2537 5096 puella
2568 5030 2582 5075 :
2616 5012 2868 5075 Utinam
2902 5012 3130 5076 fuisset
3155 5011 3453 5076 dominus

1965 5132 2146 5175 meus
2187 5113 2268 5176 ad
2300 5112 2696 5194 Prophetam,
2740 5110 2851 5191 qui
2899 5118 2996 5174 est
3039 5110 3107 5173 in
3146 5110 3453 5173 Samaria.

1969 5213 2346 5291 Sequimini
2380 5232 2503 5280 me,
2538 5218 2599 5270 et
2632 5212 2963 5271 ostendam
3010 5212 3185 5271 vobis
3230 5212 3451 5271 virum

1967 5330 2157 5393 quem
2186 5310 2499 5390 quaeritis.

3182 5442 3211 5492 3

3494 4842 3608 4873 ναι-ο.
3624 4828 3692 4872 32.

3482 5027 3535 5072 lv
3548 5028 3653 5083 Ray.
3663 5026 3745 5079 νβ.
