4309 6259
882 486 1004 553 206

1271 505 1618 552 RNARRATIO
1661 506 1722 550 IN
1765 505 1901 551 cAP.
1952 505 2057 551 vul
2097 502 2257 549 unm
2299 501 2551 548 aliculam
2590 500 3121 547 PARALIPOUENON.
3166 520 3247 531 —-
3286 500 3429 546 Am.
3474 499 3581 545 vm

881 678 972 736 rit
997 678 1236 754 faciem
1265 697 1499 746 meam,
1531 686 1590 736 et
1619 677 1819 753 eyerit
1839 677 2124 753 poeniten
2137 677 2294 735 tiam
2328 694 2370 734 a
2400 669 2451 732 A
2482 674 2605 733 tias
2638 692 2807 733 meas
2822 673 3215 751 judiciaque
3241 672 3631 743 servaveris,·
3647 672 3961 731 suscitabo

880 776 1007 835 viis
1050 776 1186 835 suis
1219 776 1516 852 pessimis
1561 795 1583 833 .·
1627 784 1686 835 et
1731 794 1840 851 eyo
1891 774 2246 833 exaudiam
2291 775 2371 832 de

877 876 1053 943 coel0,
1085 884 1144 935 et
1184 875 1516 952 propitius
1559 892 1664 933 ero
1705 874 1984 949 peccatis
2023 892 2269 941 eorum,
2311 880 2371 930 et

877 974 1114 1033 sanabo
1161 981 1400 1033 terram
1443 992 1685 1031 eorum.
1725 973 1910 1032 Oculi
1956 990 2207 1051 quoque
2244 971 2373 1031 mei

877 1080 1070 1131 erunt
1097 1072 1331 1148 aperti,
1362 1079 1422 1130 et
1461 1090 1650 1130 aures
1680 1091 1833 1130 mese
1873 1079 2091 1130 erectoe
2120 1071 2209 1129 ad
2236 1088 2373 1128 ora-

881 1172 1116 1229 tionem
1143 1170 1310 1247 ejuS,
1341 1171 1458 1249 qui
1490 1171 1562 1229 in
1588 1172 1714 1228 loco
1746 1170 1866 1228 isto
1897 1169 2203 1229 oraverit.

961 1270 1148 1345 Eleyi
1177 1270 1350 1329 enim
1381 1278 1441 1328 et
1469 1270 1878 1345 sanctificavi
1909 1270 2117 1327 locum
2146 1267 2371 1333 istum,

2482 772 2785 830 thronum
2830 771 3018 846 requi
3062 771 3187 838 tui,
3228 770 3394 829 sicut
3434 770 3769 845 pollicitus
3816 788 3961 827 sum

2477 870 2698 928 David
2738 869 2921 945 patri
2965 876 3099 936 tuo,
3132 869 3351 927 dicens
3380 887 3403 926 .·
3437 869 3583 927 Non
3626 869 3965 946 auferetur

2478 968 2557 1024 de
2584 967 2784 1042 stirpe
2818 975 2930 1025 tua
2963 966 3087 1035 vir,
3110 966 3227 1044 qui
3256 984 3387 1025 non
3414 966 3535 1025 sit*
3556 967 3861 1043 princeps
3892 965 3963 1025 in

2480 1067 2708 1125 Israel.

2560 1164 2640 1223 Si
2668 1173 2885 1224 autem
2914 1164 3128 1225 aversi
3144 1163 3437 1240 fueritis,
3462 1172 3523 1223 et
3552 1164 3965 1243 dereliqueri-

2482 1263 2563 1321 tis
2594 1262 2900 1339 justitias
2948 1282 3143 1332 meas,
3172 1272 3231 1321 et
3269 1272 3589 1340 proecepta
3638 1282 3777 1323 mea
3826 1282 3965 1341 quoe

881 1376 954 1426 ut
980 1369 1066 1427 sit
1103 1386 1334 1427 nomen
1382 1386 1591 1426 meum
1635 1368 1728 1425 ibi
1765 1366 1838 1425 in
1881 1366 2367 1443 sempiternum,
2472 1363 2785 1438 proposui
2816 1362 3013 1433 vobis,
3046 1370 3106 1421 et
3136 1363 3437 1421 abeuntes
3464 1363 3818 1422 servieritis
3836 1362 3965 1421 diis

879 1463 1001 1527 hoe
1029 1471 1147 1541 est,
1180 1464 1415 1546 jugiter·
1459 1482 1572 1545 per
1610 1481 1799 1526 omne
1845 1472 2092 1543 tempus
2138 1460 2371 1525 veteris
2480 1461 2741 1529 alienis,
2780 1470 2839 1521 et
2886 1461 3319 1521 adoraveritis
3366 1480 3466 1520 eos
3496 1482 3519 1519 .·
3546 1463 3817 1521 evellam
3864 1480 3967 1520 vos

883 1562 1268 1651 Testamenti
1299 1563 1604 1640 habitem,
1636 1562 1916 1638 invocer‚
1959 1570 2022 1624 et
2052 1560 2224 1623 colar
2251 1559 2373 1621 ibi·
2480 1561 2559 1618 de
2592 1568 2760 1619 terra
2793 1578 2959 1629 mea,
2982 1580 3173 1639 quam
3192 1561 3347 1619 dedi
3375 1560 3547 1619 vobis
3565 1581 3594 1630 ,⁰
3618 1568 3677 1619 et
3704 1561 3965 1619 domu-m

882 1663 1062 1737 dem;
1093 1673 1151 1723 et
1175 1672 1602 1741 permaneant
1632 1663 1806 1721 oculi
1837 1662 1988 1729 mei,
2009 1660 2074 1723 id
2103 1668 2219 1735 est,
2245 1658 2373 1741 pie·
2483 1659 2652 1717 hanc
2679 1678 2876 1737 quam
2904 1659 3249 1734 oedificasti
3286 1659 3541 1739 nomini
3580 1678 3741 1726 me0,
3765 1656 3969 1735 proji-

885 1760 1030 1822 tatis
1059 1780 1216 1823 meae
1240 1768 1560 1842 respectus
1583 1768 1902 1841 operetur,
1924 1768 1984 1818 et
2003 1778 2109 1817 cor
2133 1778 2371 1827 meum,
2482 1758 2651 1816 ciam
2680 1778 2721 1817 a
2751 1759 2921 1836 facie
2949 1777 3117 1827 mea,
3134 1767 3195 1817 et
3227 1759 3479 1817 tradam
3512 1777 3652 1817 eam
3674 1760 3747 1816 in
3774 1776 3969 1835 para—

880 1859 1000 1922 hoc
1031 1868 1146 1935 est,
1181 1858 1542 1921 intellectus
1573 1878 1686 1921 seu
1721 1857 2035 1940 sapientia
2073 1875 2216 1919 mea
2246 1856 2371 1918 cle·
2408 1850 2455 1911 B
2483 1856 2713 1927 bolam,
2740 1865 2800 1915 et
2831 1858 2903 1915 in
2933 1859 3296 1933 exemplum
3317 1857 3563 1916 cunctis
3588 1858 3866 1933 populis.
3884 1858 3967 1917 Et

879 1966 1125 2019 menter
1182 1965 1326 2038 agat
1371 1965 1562 2038 atque
1609 1956 1927 2033 exaudiat,
1981 1958 2075 2017 ibi
2121 1957 2370 2017 cunct-is
2482 1955 2708 2013 domus
2748 1956 2872 2015 ista
2914 1955 3039 2014 erit
3086 1956 3159 2014 in
3188 1956 3603 2032 proverbium
3648 1950 3967 2014 universis

877 2058 1120 2127 diebuS,
1147 2055 1270 2117 nisi
1305 2074 1416 2137 per
1447 2063 1654 2119 vestra
1686 2063 1945 2137 peccata
1973 2063 2248 2136 ponatur
2269 2053 2373 2116 ob-

879 2154 1192 2217 staculum
1229 2172 1242 2215 :
1276 2154 1367 2217 sic
1398 2153 1569 2217 enim
1614 2154 1733 2216 sub
1772 2152 2138 2216 conditione
2183 2151 2371 2215 intel-

879 2252 1149 2333 ligendae
1169 2260 1348 2315 erant
1371 2252 1824 2335 promissiones
1847 2250 2238 2332 hujusmodi.
2261 2251 2371 2313 Illa

880 2370 1136 2434 quoque
1192 2352 1475 2415 conditio
1522 2350 1844 2415 interdum
1901 2349 2209 2432 implicite
2270 2349 2370 2409 in-

882 2449 1216 2526 nuebatur,
1263 2451 1648 2531 quandoque
1695 2447 1996 2530 explicite
2037 2446 2373 2530 promeba-

885 2555 1001 2624 tur,
1019 2548 1554 2629 quemadmodum
1589 2547 1654 2609 in
1688 2546 1900 2609 verbis
1926 2545 2366 2627 sequentibus.

890 2651 986 2708 Tu
1015 2666 1259 2726 quoque
1286 2647 1345 2705 si
1378 2646 1814 2706 ambulaveris
1853 2665 2068 2705 coram
2101 2664 2221 2715 me,
2252 2646 2373 2704 sic-

885 2755 958 2805 ut
993 2746 1354 2805 ambulavit
1383 2746 1603 2805 David
1627 2754 1822 2821 pater
1853 2753 2027 2812 tuus,
2056 2752 2115 2803 et
2144 2743 2371 2820 feceris

868 2844 1078 2920 juxta
1119 2844 1340 2902 omnia
1380 2862 1522 2921 quoe
1559 2842 1838 2918 praecepi
1889 2841 2032 2909 tibi,
2075 2850 2136 2901 et
2166 2841 2372 2916 justi-

2484 2055 2990 2123 transeuntibus,
3021 2062 3079 2113 et
3108 2055 3324 2113 dicent
3352 2062 3673 2132 stupentes
3704 2074 3728 2113 .·
3761 2056 3971 2122 Quare

2480 2151 2635 2227 fecit
2676 2153 2991 2212 Dominus
3038 2154 3131 2211 sic
3182 2161 3365 2213 terrce
3412 2154 3587 2223 huic,
3638 2161 3699 2212 et
3746 2156 3971 2212 domui

2482 2249 2635 2309 kuic
2654 2251 2684 2309 ?
2702 2252 3317 2329 Respondebuntque
3331 2271 3354 2309 .·
3375 2252 3541 2318 Quia
3562 2252 3969 2330 reliquerunt

2481 2349 2831 2407 Dominum
2860 2350 3064 2407 Deum
3077 2357 3349 2424 patrum
3372 2368 3667 2417 suorum,
3681 2349 3801 2426 qui
3819 2350 3971 2407 edu-

2479 2446 2557 2504 oei
2562 2455 2583 2506 t
2600 2466 2699 2505 eos
2714 2448 2795 2505 de
2816 2456 2989 2507 terra
3006 2448 3303 2523 AEyypti‚
3322 2456 3382 2507 et
3403 2448 3965 2523 apprehenderunt

2480 2548 2626 2604 deos
2656 2547 2922 2617 alienos,
2954 2554 3013 2604 et
3056 2547 3493 2605 adoraverunt
3518 2564 3641 2613 eos,
3670 2554 3731 2605 et
3772 2548 3972 2605 colue-

2482 2653 2641 2702 runt
2659 2666 2687 2714 ‚·
2714 2645 2955 2703 idcirco
2985 2653 3297 2703 venerunt
3316 2660 3507 2719 super
3532 2663 3632 2703 eos
3664 2646 3969 2704 universa

4024 975 4278 1027 ‘quitis

2482 2744 2616 2802 hoec
2646 2745 2842 2803 mala.
2876 2741 3069 2803 Totus
3100 2740 3205 2803 hic
3244 2759 3469 2823 passus
3514 2741 3701 2804 tertio
3730 2742 3969 2821 Regum
4018 2742 4278 2812 111a09.n,'

2484 2839 2649 2903 libro
2678 2839 3001 2922 expositus
3033 2848 3151 2902 est.

1969 3271 2620 3358 ARTICULUS
2700 3272 2911 3356 VIII

1383 3548 1736 3595 ELUCIDATIO
1779 3548 2054 3594 CAPITULI
2097 3547 2317 3593 ocTAv1
2362 3549 2376 3593 :
2426 3546 2714 3593 ssxPLETls
2757 3548 2961 3593 AUTEU
2988 3510 3230 3593 'vlolN'rl
3273 3547 3477 3592 ANNIS.

1017 3812 1526 3893 ROSPERH'AS
1559 3826 1912 3891 Salomonis
1952 3826 2018 3888 in
2059 3824 2378 3901 aedifieiis‚
2416 3823 2459 3886 C
2490 3824 2627 3887 sive
2657 3825 2967 3904 augendo,
2994 3824 3057 3886 in
3080 3823 3317 3905 quibus
3337 3823 3647 3886 Israelitas
3680 3821 3834 3886 fecit
3850 3839 3981 3883 mo-

1035 3929 1301 4005 divitiis,
1319 3927 1627 4002 victoriiS‚
1649 3926 1935 4003 familiiS,
1962 3925 2215 3989 devotio
2236 3943 2385 4006 quo-

890 4048 1016 4111 que
1057 4028 1194 4109 ejus
1242 4028 1308 4089 in
1355 4026 1613 4102 divinis,
1649 4033 1712 4089 et
1749 4024 2091 4107 prudentia
2131 4024 2273 4104 ejus
2318 4024 2383 4084 in

892 4127 1204 4208 utrisque,
1240 4126 1538 4190 videlicet
1570 4124 1636 4186 in
1665 4124 1961 4185 humanis
1994 4131 2187 4204 atque
2228 4122 2387 4185 divi-

893 4226 1016 4302 niS,
1045 4226 1149 4288 hie
1179 4223 1520 4298 recitatum
1552 4231 1616 4285 et
1647 4222 1854 4303 prima
1884 4240 2029 4303 pars
2061 4220 2255 4301 hujus
2286 4240 2387 4282 ca-

621 4346 794 4401 1111209.
807 4360 863 4396 u.
894 4323 1084 4406 pituli
1116 4322 1302 4385 tertio
1335 4322 1499 4385 libro
1519 4321 1758 4401 Regum
1781 4319 2066 4401 exposita
2095 4326 2212 4395 est,
2234 4337 2387 4400 pau-

604 4412 654 4452 ¹0
669 4414 819 4463 etseq.

629 4929 749 4973 Ibid.
774 4931 837 4971 11.

895 4421 987 4485 cis
1016 4418 1313 4501 demptis,
1353 4420 1646 4497 Expletis
1674 4428 1891 4478 autem
1923 4418 2163 4493 viyinti
2193 4419 2388 4477 annis

887 4520 1230 4599 postquam
1259 4518 1610 4595 aedificavit
1631 4519 1938 4577 Salomon
1967 4518 2234 4576 domum
2264 4518 2388 4574 Do-

899 4620 1069 4680 mini
1095 4626 1154 4677 et
1172 4619 1437 4677 domum
1463 4635 1675 4685 suam,
1701 4615 1990 4675 civitates
2024 4633 2185 4693 quas
2213 4615 2391 4673 dede-

894 4726 1000 4779 rat
1024 4717 1261 4777 Hiram
1285 4714 1646 4785 Salomoni,
1667 4713 2123 4790 aeclificavit,et
2142 4712 2389 4771 liabita-

897 4836 966 4876 re
983 4816 1140 4893 fecit
1161 4813 1254 4871 ibi
1279 4812 1450 4888 filios
1471 4812 1698 4871 Israel.
1726 4810 1939 4872 Tertio
1963 4808 2126 4871 libro
2147 4808 2387 4886 Regum

877 4913 1188 4986 habetur,
1220 4908 1391 4991 quod
1424 4908 1561 4990 ipse
1593 4907 1888 4970 Salomon
1921 4907 2095 4969 dedit
2127 4906 2259 4985 regi
2290 4904 2390 4967 Hi-

2492 3924 2639 4000 rari,
2668 3932 2737 3985 ut
2768 3922 2859 3986 sie
2880 3922 3089 3985 cultus
3118 3922 3254 3986 veri
3276 3922 3385 3985 Dei
3415 3922 3805 3985 dilataretur.
3824 3916 3976 3982 Nam

2490 4030 2554 4085 et
2574 4022 2640 4083 in
2663 4021 2916 4104 oppidis
2936 4040 3080 4103 quae
3101 4020 3372 4084 contulit
3391 4020 3541 4101 Regi
3562 4020 3788 4093 Hiram,
3809 4038 3983 4081 man-

2492 4128 2710 4182 serunt
2754 4117 2880 4180 filii
2929 4119 3117 4182 lsrael
3166 4127 3651 4195 commoranteS,
3686 4118 3980 4199 quamvis

2492 4218 2728 4299 oppida
2759 4216 2870 4278 illa
2899 4224 3113 4280 essent
3156 4217 3275 4279 sub
3318 4216 3561 4279 ditione
3598 4216 3768 4296 regis
3804 4214 3983 4278 illius

2490 4315 2771 4395 gentiliS,
2814 4315 2925 4395 qui
2975 4322 3185 4377 tamen
3237 4314 3437 4378 coluit
3484 4315 3681 4377 Deum
3730 4332 3979 4378 verum.

2492 4416 2800 4494 Abiitque
2830 4416 2899 4475 in
2934 4416 3174 4475 Ematlz
3194 4416 3389 4484 Soba,
3416 4424 3477 4475 et
3506 4415 3785 4475 obtinuit
3812 4434 3978 4476 eam.

2496 4515 2579 4574 E't
2634 4513 2988 4590 (edificavit
3037 4514 3429 4589 Palmyram
3482 4514 3553 4573 in
3608 4516 3877 4581 deserto,
3923 4523 3987 4572 et

2493 4613 2663 4670 alias
2689 4612 2982 4670 civitates
3012 4611 3486 4670 munitissimas
3528 4611 3880 4687 (edificavit
3910 4611 3981 4670 in

2497 4709 2757 4770 Emath.
2808 4710 3288 4788 Eaestruoeitque
3334 4710 3653 4769 Bethoron
3701 4712 3985 4785 superio-

2494 4827 2630 4867 rem
2656 4816 2715 4867 et
2734 4807 3057 4867 Bethoron
3087 4807 3495 4883 inferiorem,
3525 4807 3815 4867 civitates
3844 4826 3983 4866 mu-

2494 4914 2696 4975 rata-³,
2719 4906 3013 4965 habentes
3035 4914 3258 4981 portas
3276 4914 3337 4965 et
3360 4914 3555 4965 vectes
3582 4914 3641 4965 et
3666 4924 3841 4964 seras
3860 4923 3883 4964 .·
3902 4904 3981 4965 de

898 5030 1034 5074 ram
1063 5007 1292 5089 viginti
1332 5006 1568 5089 oppida
1612 5007 1676 5067 in
1729 5015 1894 5068 terra
1923 5004 2196 5066 Galilaeae
2230 5027 2245 5077 3
2281 5003 2385 5066 hic
2414 5005 2463 5066 D
2494 5001 2730 5083 quibus
2761 5002 2827 5063 in
2861 5002 3025 5065 libro
3053 5001 3242 5066 Josue
3281 5002 3532 5082 legitur.
3565 5002 3756 5064 Porro
3795 5001 3980 5065 tertio

898 5128 1046 5174 vero
1080 5106 1462 5179 insinuatur,
1496 5105 1667 5186 quod
1701 5112 1764 5166 et
1796 5103 1932 5184 ipse
1963 5102 2176 5164 Hiram
2206 5101 2389 5164 dede-

899 5208 980 5270 rit
1011 5203 1332 5270 Salomoni
1370 5203 1618 5285 aliquas
1652 5200 1865 5277 urbeS,
1899 5220 2057 5282 quas
2091 5199 2387 5263 Salomon

897 5303 1267 5379 aedifioavit,
1321 5320 1427 5365 eas
1476 5299 1828 5382 reparando
1877 5308 1940 5361 et
1993 5298 2387 5361 meliorando

2497 5100 2661 5163 libro
2692 5100 2929 5179 Regum
2978 5120 3109 5163 non
3156 5099 3235 5162 fit
3264 5101 3503 5163 mentio
3534 5099 3659 5161 nisi
3698 5101 3777 5163 de
3806 5099 3983 5162 Beth-

2497 5216 2652 5262 oron
2702 5197 3004 5262 inl'eriore
3058 5217 3073 5261 ε

2496 5296 2641 5373 alia,
2668 5296 2768 5360 vel
2790 5296 2938 5373 situ,
2962 5296 3065 5359 vel
3088 5296 3443 5359 dominatu.
3462 5298 3747 5359 Balaath
3764 5298 3981 5366 etiam,

3126 5207 3189 5261 et
3236 5198 3472 5261 dieitur
3516 5217 3643 5260 una
3692 5198 3985 5281 superior
4014 5234 4077 5273 η,

4002 2823 4099 2871 be,

4034 4918 4171 4961 Josue
4198 4933 4279 4973 m

4010 4984 4051 5027 3.
4083 4984 4131 5028 ὅς
4162 4994 4279 5031 xum

4013 5047 4079 5093 13,
4104 5045 4165 5087 u:
4194 5058 4279 5099 xxi,

4010 5108 4079 5147 32.

4036 5168 4208 5224 maeq.
4226 5184 4279 5223 ιι,
