4309 6259
98 2359 139 2400 Π
164 2361 261 2413 Heo-
316 2347 583 2410 fuerunt
614 2355 677 2410 et
708 2346 877 2428 capti
898 2354 1068 2420 sunt,
1094 2354 1164 2408 ut
1194 2345 1487 2427 sequenti
1520 2351 1811 2406 narratur
1919 2345 2087 2425 quod
2130 2344 2398 2427 implere
2447 2348 2654 2428 exegit
2698 2349 2966 2430 justitia.
3021 2353 3404 2415 Vicesimum

62 2435 137 2473 m,
156 2424 213 2464 ss’
309 2447 597 2528 capitulo
624 2471 641 2522 3
674 2446 787 2507 sed
818 2444 1305 2524 intelligendum
1333 2443 1604 2518 videtur,
1640 2442 1810 2523 quod
1919 2453 1977 2504 el
1998 2447 2297 2520 primum
2316 2466 2568 2506 annum
2589 2450 2799 2508 oelalis
2818 2452 3086 2511 habebat
3109 2453 3405 2514 Sedeeias

310 2545 413 2607 isti
444 2545 562 2627 qui
594 2551 1061 2620 remanserunt,
1085 2542 1268 2624 quasi
1292 2560 1601 2624 pauperes
1633 2549 1815 2603 erant
1918 2563 2121 2621 quum
2148 2563 2418 2620 reynare
2447 2547 2747 2622 eoepissec,
2780 2557 2839 2608 ec
2883 2551 3185 2610 undecim
3210 2552 3406 2611 annis

302 2643 787 2727 comparatione
817 2643 1355 2724 praedecessorum
1387 2658 1669 2702 suorum.
1918 2645 2217 2718 regnavit
2248 2645 2318 2702 in
2336 2646 2714 2706 Jerusalem.
2741 2647 2988 2707 Nomen
3010 2649 3240 2708 matris
3259 2650 3402 2726 ejus

386 2742 761 2804 Transtulit
798 2761 1048 2821 quoque
1093 2741 1367 2800 Joachin
1416 2740 1489 2799 iu
1540 2739 1811 2813 Babylo-
1916 2750 2055 2801 erat
2088 2743 2365 2813 Amilal,
2396 2745 2544 2819 filia
2579 2746 2894 2816 Jeremioe,
2927 2749 3008 2806 de
3044 2749 3285 2808 Lobna.
3323 2751 3406 2810 Ec

300 2861 467 2912 nem,
500 2850 564 2900 et
606 2850 883 2901 matrem
921 2841 1117 2916 reyis,
1145 2848 1206 2898 el
1240 2848 1484 2918 juoeores
1526 2837 1717 2913 reyis,
1750 2845 1809 2896 el
1915 2839 2069 2915 fecit
2101 2844 2350 2902 malum
2379 2861 2596 2903 coram
2628 2845 2922 2916 Domum,
2939 2846 3146 2921 juoeca
3185 2850 3406 2908 omnia

296 2941 629 3002 eunuchos
656 2941 829 3016 reyis
848 2962 875 3010 ;
903 2947 961 2998 el
978 2938 1241 3014 judices
1289 2947 1473 2998 lerroe
1500 2936 1698 2996 duxit
1728 2937 1801 2995 iu
1917 2959 2059 3018 quae
2087 2942 2328 3019 fecerat
2355 2944 2648 3002 Joachin.
2669 2945 3074 3004 Irascebatur
3092 2947 3266 3006 enim
3288 2949 3410 3006 Do-

298 3039 753 3116 eaptivitatem
776 3039 857 3097 de
885 3039 1245 3096 Jerusalem
1276 3037 1349 3096 in.
1372 3037 1765 3112 Babylonem
1783 3057 1812 3105 ,·
1845 3037 1888 3100 C
1918 3039 2137 3098 miuus
2167 3047 2391 3099 contra
2417 3041 2774 3102 Jerusalem
2803 3051 2862 3102 et
2891 3053 3114 3103 contra
3135 3047 3400 3117 Iudam,

300 3146 359 3196 el
392 3156 619 3197 omnes
660 3137 833 3196 viros
872 3136 1155 3195 robustos
1196 3143 1431 3211 septem
1476 3134 1720 3201 millia,
1751 3141 1811 3192 ec
1920 3143 2180 3216 propter
2212 3135 2494 3217 ipsorum
2525 3146 2785 3219 peccata
2821 3158 2835 3202 ε
2877 3139 3020 3203 ideo
3041 3142 3214 3222 justo
3241 3142 3406 3222 judi-

302 3237 619 3312 artifi'ceS,
648 3243 708 3294 et
754 3235 1107 3294 inclusores
1151 3235 1353 3302 mille,
1379 3252 1593 3292 omnes
1640 3233 1811 3291 viros
1920 3233 2020 3296 cio
2066 3234 2376 3296 subtraxit
2423 3236 2680 3315 regibus
2721 3237 2878 3300 Juda
2922 3239 3054 3319 jam
3101 3239 3302 3302 dictis·
3335 3261 3410 3304 ac

306 3337 503 3412 fortes
532 3343 595 3394 et
637 3335 968 3392 bellatores
986 3355 1015 3402 ,·
1044 3332 1363 3411 duxitque
1390 3350 1490 3390 eos
1538 3350 1653 3390 rem
1683 3333 1811 3391 Βα-
1922 3332 2095 3414 plebi
2144 3351 2364 3396 eorum
2422 3336 2590 3398 dona
2643 3336 2863 3416 gratiae
2911 3357 3080 3413 suae3
3138 3358 3268 3420 qua
3315 3340 3408 3404 eis

310 3434 566 3510 bylom‘s
617 3431 906 3507 captivos
954 3431 1023 3490 in
1066 3432 1485 3506 Babylonem.
1534 3428 1814 3502 Qualiter
1922 3429 2285 3508 deficiente,
2311 3442 2734 3513 peccaverunt
2764 3434 3177 3513 gravissime;
3209 3440 3410 3498 donec

310 3549 535 3593 verum
586 3537 687 3592 est
736 3528 929 3606 istud,
980 3547 1183 3610 quum
1230 3527 1362 3608 jam
1412 3528 1654 3591 dictum
1704 3527 1807 3603 sit,
1913 3531 2258 3606 projiceret
2287 3549 2386 3591 eos
2415 3552 2456 3591 a
2485 3533 2656 3609 facie
2683 3553 2826 3606 sua,
2860 3533 2928 3594 id
2958 3542 3076 3611 est,
3111 3533 3181 3596 in
3213 3535 3407 3618 capti-

306 3630 479 3709 quod
510 3635 700 3692 erant
729 3628 949 3690 decem
990 3626 1233 3688 millia?
1264 3626 1357 3688 Ad
1389 3626 1560 3706 quod
1596 3625 1813 3688 dicen·
1920 3627 2183 3690 vitatem
2226 3635 2290 3691 et
2343 3638 2611 3692 mortem
2662 3649 2734 3694 ac
2784 3632 3402 3712 transmigrationem

306 3727 481 3805 dum,
537 3727 719 3808 quod
766 3726 933 3787 sicut
981 3725 1048 3786 in
1098 3723 1493 3788 Scholastica
1541 3723 1809 3786 historia
1918 3726 2252 3806 redigeret.
2286 3731 2683 3808 Recessilque
2712 3731 3008 3791 Sedecias
3038 3753 3077 3791 a
3108 3753 3250 3810 reye
3280 3738 3404 3795 Ba-

306 3824 673 3901 innotescit,
721 3823 789 3885 in
840 3831 971 3886 toto
1025 3822 1282 3885 fuerunt
1319 3823 1537 3886 decem
1577 3821 1803 3897 millia,
1917 3826 2192 3902 bylom's,
2240 3845 2352 3908 per
2411 3826 2826 3889 rebellionem
2885 3837 2946 3890 et
2999 3830 3399 3908 negationem

305 3923 429 3986 imo
456 3931 527 3986 et
554 3920 912 4002 octingenti
946 3919 1207 4002 triginta
1232 3921 1381 3997 du0‚
1406 3929 1477 3982 ut
1494 3921 1806 4002 Josephus
1920 3923 2162 3997 tributi,
2222 3924 2760 4005 violationemque
2805 3925 3173 4005 juramenti.
3223 3928 3401 3993 Unde

302 4021 499 4084 addit.
536 4021 737 4084 Erant
764 4019 939 4082 enim
970 4038 1116 4082 cum
1140 4037 1288 4100 rege
1318 4026 1381 4082 et
1409 4038 1555 4082 eum
1586 4018 1807 4099 regina
1914 4021 2202 4084 Ezechiel
2231 4023 2310 4084 de
2353 4021 2493 4103 ipso
2537 4021 2837 4084 disseruit
2872 4040 2886 4084 t
2919 4023 3238 4106 Numquid
3281 4027 3396 4108 qui
3427 4033 3692 4106 Εεεσιιζινιι,

304 4120 557 4184 circiter
598 4119 731 4182 duo
768 4116 997 4194 millia,
1041 4125 1104 4180 et
1153 4117 1231 4179 de
1283 4117 1681 4199 principibus
1732 4136 1805 4180 ac
1914 4119 2208 4182 dissolvit
2241 4128 2516 4201 pactum,
2553 4117 2870 4200 effugiet?
3427 4115 3494 4156 ¹⁵·

304 4218 455 4280 viris
496 4215 925 4281 bellatoribus
967 4235 1041 4278 ac
1086 4215 1364 4278 robustis
1408 4215 1661 4279 circiter
1711 4235 1808 4279 se-
1834 4221 1885 4282 D
1994 4213 2151 4276 Ecce
2181 4232 2259 4276 ex
2289 4213 2410 4276 isto
2439 4221 2740 4295 pensatur
2780 4214 3084 4296 capitulo,
3116 4217 3397 4299 qualiter

306 4325 475 4398 ptem
506 4315 743 4392 millia,
772 4315 953 4377 mille
995 4333 1251 4396 quoque
1290 4313 1575 4377 artifices
1620 4323 1682 4378 et
1712 4315 1808 4376 in·
1915 4315 2076 4376 Deus
2096 4332 2211 4395 per
2229 4331 2428 4376 unum
2450 4313 2807 4395 principem
2826 4314 2996 4394 juste
3016 4316 3241 4397 puniat
3261 4337 3402 4400 pec·

308 4415 612 4491 clusoreS,
648 4433 723 4476 ac
754 4412 865 4476 alii
884 4412 1149 4494 quidam
1178 4413 1527 4476 secundum
1547 4413 1804 4496 Josephi
1911 4421 2051 4477 cata
2088 4411 2371 4475 alterius.
2416 4410 2618 4485 Quum
2668 4413 2841 4475 enim
2893 4431 3070 4496 reges
3112 4415 3400 4499 Assyrio-

308 4512 685 4576 relationem
711 4536 727 4586 3
780 4519 845 4574 et
884 4511 1052 4574 inter
1103 4511 1237 4574 haec
1288 4511 1491 4572 millia
1543 4510 1805 4574 luerunt
1913 4531 2053 4575 rum
2070 4511 2180 4573 diu
2206 4510 2612 4574 tribulassent
2633 4518 2696 4574 et
2716 4512 3184 4594 oppressissent
3205 4533 3399 4596 regna

308 4612 593 4676 Ezechiel
626 4611 837 4674 adhuc
867 4610 1123 4692 juvenis
1154 4619 1218 4672 et
1248 4610 1697 4674 MardochaeuS.
1730 4611 1807 4672 Et
1915 4619 2248 4686 terrarum,
2273 4617 2658 4690 coeperunta
2679 4627 2825 4690 rege
2845 4611 3094 4693 AEgypti
3121 4613 3402 4693 graviter

310 4711 617 4792 quoniam
640 4709 749 4772 isti
774 4709 1247 4791 quodammodo
1277 4717 1504 4790 sponte
1526 4726 1592 4770 se
1621 4707 1809 4770 tradi·
1914 4707 2300 4789 impugnari.
2349 4706 2680 4789 Quumque
2729 4728 2836 4771 rex
2865 4709 3115 4792 AE'gypti
3156 4711 3400 4794 Syriam

314 4810 541 4872 derunt
558 4807 885 4881 ChaldaeiS,
902 4807 1161 4889 proprie
1182 4807 1592 4870 nominantur
1614 4815 1809 4869 trans·
1916 4813 1979 4869 et
2008 4823 2274 4886 regnum
2298 4805 2456 4868 Juda
2485 4815 2813 4884 vastasset,
2836 4827 2873 4870 a
2897 4827 3042 4890 rege
3060 4809 3400 4892 Babylonis

316 4907 611 4987 migratio
640 4905 841 4980 Juda;
886 4905 1001 4986 qui
1031 4913 1243 4968 autem
1290 4913 1509 4986 postea
1552 4905 1670 4968 sub
1703 4905 1811 4968 Se-
1916 4905 2202 4968 devictus
2246 4911 2342 4966 est
2385 4920 2398 4965 :
2441 4923 2478 4966 a
2525 4922 2655 4985 quo
2699 4905 2891 4968 etiam
2936 4923 3084 4986 rege
3131 4927 3400 4989 regnum

320 5005 497 5068 decia
547 5004 845 5067 translati
892 5011 1065 5080 sunt,
1102 5005 1358 5085 proprie
1408 5004 1812 5085 appellantur
1914 5004 2073 5066 Juda
2102 5011 2200 5066 est
2228 5002 2629 5084 dissipatum.
2663 5003 2867 5077 Quum
2901 5023 3052 5068 vero
3081 5006 3401 5088 completa

322 5104 660 5186 captivitas
677 5101 1163 5183 Juda.Denique
1185 5103 1586 5183 septuaginta
1614 5121 1813 5166 annos
1922 5102 2147 5164 fuisset
2175 5099 2609 5162 Chaldaeorum
2651 5100 2916 5178 malitia,
2953 5104 3272 5166 destructa
3308 5113 3406 5167 est

91 5214 199 5314 Hier.
216 5230 299 5268 m,
323 5201 715 5285 captivitatis
741 5201 923 5277 luda,
958 5201 1036 5264 de
1065 5201 1301 5281 quibus
1328 5201 1629 5263 Jeremias
1659 5220 1815 5283 prae-
1922 5221 1959 5263 a
1989 5199 2194 5263 Persis
2213 5217 2286 5260 ac
2307 5196 2498 5259 Medis
2518 5216 2738 5260 eorum
2761 5200 3148 5262 monarchia.
3174 5201 3408 5264 Monar-

130 5285 299 5327 ἶῑῐὶζίϋ.

830 499 1180 546 ENARRATIO
1222 498 1285 544 IN
1327 497 1464 543 cat).
1509 493 1657 541 XXIV
1701 492 1859 540 unm
1900 493 2123 548 Quam'l
2166 495 2389 542 REGUM.
2435 514 2515 524 -
2555 497 2696 542 Amr.
2743 497 2892 543 xxvl

3319 483 3400 548 95

308 682 429 732 tus.
474 672 613 736 lstae
660 671 1147 736 distributiones
1187 669 1610 734 accommodae
1656 672 1806 728 sunt
1833 662 1881 724 A
1914 683 2067 747 pore
2100 666 2671 748 transmigrationis
2701 670 2909 747 istiuS,
2943 679 3099 753 puta
3121 671 3201 734 ab
3231 689 3400 735 anno

306 779 369 832 et
408 771 845 851 intelligendae
877 772 956 834 de
994 769 1337 848 generibus
1381 766 1800 847 singulorum,

306 887 437 930 non
472 869 553 932 de
598 870 871 951 singulis
900 887 1229 950 generum,
1264 867 1417 949 quia
1454 883 1583 928 non
1630 863 1807 945 peni-

308 976 409 1030 tus
440 987 665 1032 omnes
708 968 1097 1031 habitatores
1126 966 1498 1041 Jerusalem,
1532 972 1594 1026 et
1633 963 1808 1044 prin-

304 1066 484 1148 cipes
534 1087 609 1130 ac
658 1066 977 1144 robustOS‚
1030 1067 1141 1130 sed
1190 1065 1499 1147 quosdam
1551 1064 1626 1126 de
1676 1061 1807 1125 illis

306 1165 613 1227 omnibus
642 1166 969 1229 transtulit
994 1166 1110 1229 :ad
1139 1165 1311 1246 quod
1351 1162 1805 1226 insinuandum

306 1264 749 1346 subjungitur,
766 1268 978 1326 decem
998 1267 1214 1325 millia
1238 1266 1307 1322 in
1340 1263 1806 1339 captivitatem,

304 1374 365 1424 et
402 1384 662 1424 omnem
702 1365 1023 1441 artificem
1064 1373 1125 1423 et
1165 1365 1571 1434 inclusorem,
1606 1358 1809 1422 scien-

311 1470 437 1523 tem
466 1479 757 1541 gemmas
779 1460 1107 1524 includere
1126 1479 1281 1523 auro
1301 1468 1493 1541 atque
1514 1465 1804 1537 argentm

309 1563 613 1640 nihilque
642 1563 941 1620 relictum
971 1569 1087 1629 est,
1109 1561 1387 1638 exceptis
1408 1557 1809 1636 pauperibus

297 1661 540 1736 populi
589 1668 789 1720 terroe.
829 1658 963 1720 Non
1012 1665 1109 1721 est
1153 1657 1275 1720 hoc
1319 1653 1807 1734 intelligendum

305 1764 375 1818 ut
416 1765 629 1834 sonat,
652 1757 838 1838 quasi
869 1756 1030 1819 nulli
1064 1763 1377 1838 potenteS,
1412 1753 1665 1826 diviteS,
1702 1769 1809 1812 no-

1913 773 2135 828 octavo
2167 767 2344 846 regni
2375 767 2991 845 Nabuchodonosor3
3023 771 3133 832 alii
3165 789 3338 847 vero,
3364 790 3401 832 a

1914 871 2200 945 tempore
2228 865 2612 946 captivitatis
2647 866 2828 930 factae
2857 868 2976 931 sub
3008 869 3286 932 Sedecia.

1993 965 2079 1024 Ec
2109 965 2443 1026 constituit
2473 967 2888 1027 Machaniam
2911 978 3228 1044 patruum
3259 969 3400 1046 ejus

1918 1079 2127 1141 regem
2149 1083 2274 1140 pro
2305 1084 2398 1132 eo,
2431 1062 2495 1125 id
2524 1073 2620 1126 est
2651 1084 2765 1147 pro
2793 1067 3053 1128 Joachin
3089 1085 3104 1130 ε
3137 1067 3250 1149 qui
3285 1067 3403 1130 Ma-

1916 1159 2166 1223 thanias
2200 1160 2322 1223 fuit
2349 1161 2564 1241 junior
2597 1163 2758 1226 inter
2792 1164 2965 1228 filios
2997 1166 3162 1246 regis
3179 1166 3398 1239 Josiae3

1916 1267 2051 1321 erat
2077 1279 2332 1342 quoque
2377 1270 2519 1325 octo
2559 1281 2871 1327 annorum
2917 1266 3172 1346 quando
3201 1265 3401 1328 Josias

1917 1355 2260 1421 defunctus
2291 1367 2424 1434 est3
2473 1363 2902 1442 imposuitque
2929 1366 2991 1422 ei
3030 1384 3260 1424 nomen
3292 1367 3403 1426 Se-

1916 1459 2166 1518 deciam
2184 1480 2206 1518 .·
2223 1459 2450 1540 prime,
2471 1468 2542 1522 ut
2569 1479 2646 1523 ex
2666 1461 2946 1524 nominis
2968 1462 3406 1526 immutatione

1918 1557 2357 1619 recordaretur
2379 1577 2446 1620 se
2478 1577 2514 1619 a
2539 1577 2685 1640 rege
2708 1559 3284 1624 Nabuchodonosor
3301 1581 3406 1624 ex-

1918 1653 2205 1731 altatum,
2246 1664 2308 1718 et
2339 1657 2430 1718 sic
2475 1657 2531 1720 ei
2575 1656 2772 1721 fidem
2813 1668 3135 1736 servaret;
3182 1679 3405 1724 secun-

1918 1752 2022 1828 do,
2054 1761 2126 1815 ut
2157 1773 2232 1816 ex
2273 1755 2552 1818 nominis
2594 1757 2692 1818 sui
2735 1756 3256 1841 interpretatione
3286 1760 3407 1823 hoc

307 1855 607 1937 bilesque
647 1855 1069 1918 remanserint
1107 1853 1175 1916 in
1210 1853 1558 1917 Jerusalem
1608 1858 1671 1913 et
1704 1849 1809 1911 Ju-
1846 1848 1891 1909 B
1920 1851 2129 1932 ipsum
2161 1863 2455 1934 pensaret
2485 1874 2556 1917 ac
2581 1865 2815 1935 ageret.
2844 1856 3133 1919 Sedecias
3164 1858 3406 1941 quippe

308 1957 443 2018 daea
473 1963 623 2037 post
652 1955 837 2016 istam
870 1954 1327 2036 captivitatem,
1361 1971 1560 2035 quum
1594 1948 1807 2012 statim

308 2052 648 2128 subdatur,
680 2052 851 2134 quod
897 2070 1005 2114 rex
1038 2050 1374 2132 Babylonis
1405 2067 1520 2131 pro
1546 2045 1809 2110 Joachin

309 2152 431 2214 isto
484 2169 701 2231 regem
742 2149 1077 2212 constituit
1116 2148 1464 2225 Sedeciam,
1497 2165 1641 2209 cum
1682 2163 1810 2225 quo

312 2258 538 2331 postea
566 2248 754 2311 multi
778 2247 1125 2330 principeS,
1146 2246 1394 2310 nobiles
1419 2264 1492 2308 ac
1517 2253 1809 2327 potentes

325 5301 503 5377 dixit,
536 5299 803 5382 quidam
838 5307 1207 5381 computare
1238 5299 1557 5381 incipiunt
1592 5319 1629 5361 a
1662 5307 1816 5362 tem-

1918 1949 2390 2032 interpretatur,
2423 1952 2673 2033 justitia
2702 1953 2832 2017 Dei.
2869 1955 3012 2018 Ideo
3057 1956 3149 2018 sic
3188 1957 3406 2039 appel-

1919 2048 2073 2110 lavit
2104 2068 2272 2126 eum,
2296 2051 2448 2132 quia
2469 2053 2714 2134 accepit
2733 2052 2813 2115 ab
2843 2073 2917 2116 eo
2935 2054 3402 2136 jusjurandum,

1918 2148 2088 2227 quod
2120 2148 2244 2210 sibi
2273 2149 2394 2212 sub
2435 2151 2672 2215 tributo
2711 2151 2991 2215 fideliter
3028 2155 3398 2232 deserviret,

1920 2255 2105 2327 prout
2135 2249 2414 2310 secundo
2435 2248 2955 2332 Paralipomenon
2987 2253 3398 2316 describitur:

1922 5298 2067 5362 chia
2093 5314 2351 5378 quoque
2380 5295 2706 5358 Persarum
2736 5316 2773 5359 a
2791 5297 3042 5374 GraeciS,
3063 5300 3184 5362 hoc
3213 5307 3308 5362 est
3325 5300 3408 5363 ab

3485 2077 3522 2122 ll
3544 2078 3658 2122 Par.

3430 2154 3571 2194 xxxvi,
3595 2145 3660 2184 13.
