4309 6259
81 1863 212 1905 loona
217 1876 326 1911 11111

83 1928 98 1949 2

1257 494 1605 541 manuario
1646 495 1708 540 IN
1751 495 1886 541 ω.
1933 494 2000 542 111
2038 494 2165 541 1013.
2210 514 2291 527 -
2329 496 2473 543 ΛΒΤ.
2518 497 2583 543 lx

3344 477 3464 541 345

372 669 495 723 test
523 661 842 726 molestia.
879 668 1027 727 Non
1055 666 1497 727 exaudierunt
1527 686 1738 727 vocem
1764 686 1865 726 εω-
1894 662 1945 727 Α
1974 663 2138 729 bene
2169 672 2287 741 est,
2319 673 2383 729 et
2411 665 2595 728 malis
2627 666 2813 729 male.
2836 664 3040 739 Quum
3070 664 3245 729 enim
3273 662 3461 727 bonis

367 762 630 832 actm-ia,
665 761 730 824 id
771 768 890 841 est,
931 764 1323 845 suggestioni
1367 782 1494 827 non
1537 782 1866 827 consense-

367 866 516 921 runt
553 859 866 923 daemonis
904 862 1253 941 tentatoriS,
1299 863 1408 944 qui
1445 863 1720 925 humano
1758 881 1864 943 ge-

365 957 504 1019 neri
553 958 622 1021 in
670 960 968 1042 paradiso
1007 962 1202 1025 semel
1244 962 1490 1026 scilicet
1529 981 1861 1025 nummum

362 1057 766 1139 deceptionis
819 1061 1114 1137 contulit,
1166 1070 1230 1124 et
1274 1061 1356 1124 ab
1405 1061 1525 1125 hoc
1575 1061 1862 1143 quotidie

362 1164 664 1238 expetere
693 1159 918 1222 mortis
948 1159 1236 1223 debitum
1269 1179 1398 1223 non
1428 1160 1698 1224 desistit.

443 1258 730 1333 Maynus
759 1267 820 1319 et
847 1278 1096 1336 parvus
1127 1261 1223 1319 ibi
1249 1269 1404 1320 sunt
1433 1280 1456 1319 .·
1486 1260 1641 1342 quia
1669 1258 1736 1321 in
1766 1278 1862 1321 re-

360 1354 516 1435 quie
553 1356 889 1419 Beatorum
928 1356 1200 1438 luceque
1227 1356 1461 1420 Christi
1501 1357 1860 1439 superiores

359 1460 424 1513 et
457 1452 826 1530 inferioreS,
860 1455 1276 1536 perfectiores
1315 1464 1380 1519 et
1408 1456 1623 1518 minus
1654 1455 1863 1537 perfe—

359 1550 448 1613 cti
482 1551 868 1629 consistunt,
903 1553 1017 1634 qui
1061 1553 1154 1616 ibi
1199 1554 1514 1617 differunt
1557 1554 1862 1635 gradibus

360 1649 800 1730 praemiorum,
853 1652 1018 1715 sicut
1065 1652 1171 1715 hic
1220 1652 1611 1716 differebant
1656 1653 1864 1732 gradi·

359 1747 484 1809 hus
514 1748 915 1813 meritorum.
940 1752 1203 1833 Propter
1220 1753 1392 1833 quod
1412 1753 1502 1814 ait
1533 1752 1817 1815 Salvator
1843 1770 1856 1813 ε

1975 762 2142 825 male
2188 771 2305 841 est,
2344 763 2466 826 hoc
2509 764 2821 845 contingit
2860 773 2927 826 ut
2962 763 3068 827 hic
3109 783 3146 826 a
3183 762 3459 845 peccatis

1973 861 2106 923 suis
2140 872 2515 943 purgentur,
2550 864 2650 927 vel
2691 862 2895 943 gratia
2933 861 3228 945 ampliori
3257 861 3462 924 diten-

1974 966 2114 1035 tur3
2150 968 2261 1023 aut
2306 960 2498 1025 simili
2540 961 2785 1024 ratione
2827 969 2890 1024 et
2920 962 3104 1024 malis
3145 960 3249 1023 hic
3295 959 3459 1022 bene

1973 1066 2089 1134 est,
2127 1066 2197 1120 ut
2230 1078 2345 1140 pro
2374 1058 2560 1121 bonis
2599 1078 2741 1141 quae
2772 1060 2936 1123 forte
2966 1068 3250 1141 egerunt,
3287 1077 3459 1121 nunc

1975 1166 2483 1221 remunerentur.
2537 1158 2615 1221 At
2660 1178 2860 1240 quum
2907 1158 3094 1221 bonis
3142 1157 3249 1221 hic
3296 1158 3459 1221 bene

1971 1263 2087 1333 est,
2140 1262 2205 1318 et
2262 1256 2446 1318 malis
2507 1256 2693 1333 male,
2748 1257 3059 1320 incertum
3109 1256 3294 1321 valde
3352 1255 3454 1333 fit,

1972 1362 2189 1415 utrum
2219 1354 2372 1417 boni
2404 1355 2641 1419 idcirco
2670 1356 2839 1419 bona
2858 1356 3195 1438 accipiant,
3220 1363 3291 1417 ut
3319 1374 3461 1437 pro-

1969 1451 2177 1515 vocati
2209 1454 2287 1515 ad
2316 1454 2562 1535 aliquid
2588 1454 2813 1518 melius
2845 1462 3151 1531 crescant,
3176 1473 3258 1517 an
3286 1453 3458 1535 justo

1971 1551 2326 1633 latentique
2354 1553 2597 1633 judicio
2628 1553 2733 1617 hic
2778 1571 3036 1616 suorum
3069 1572 3331 1635 operum
3364 1572 3459 1615 re-

1973 1650 2480 1714 munerationem
2530 1652 2868 1733 accipiant,
2922 1661 2992 1714 ut
3036 1671 3073 1715 a
3131 1651 3457 1733 sequentis

1973 1748 2118 1811 vitae
2149 1750 2428 1831 praemiis
2463 1750 2834 1813 inanescant
2860 1775 2874 1826 3
2904 1760 2967 1814 et
2996 1758 3208 1813 utrum
3255 1749 3457 1812 malos

359 1846 428 1907 ln
461 1847 658 1910 domo
678 1848 878 1911 Patris
901 1850 1026 1913 mei
1057 1851 1425 1914 mansiones
1447 1852 1664 1914 multae
1685 1859 1855 1913 sunt.
1897 1852 1944 1913 B
1973 1846 2211 1911 idcirco
2242 1850 2507 1913 adversa
2539 1848 2792 1927 feriant,
2819 1858 2888 1911 ut
2917 1849 2998 1911 ab
3028 1848 3279 1912 aetcrnis
3311 1868 3459 1930 sup-

361 1949 448 2007 Ec
475 1968 704 2007 servus
743 1950 904 2009 liber
933 1971 974 2009 a
1002 1953 1266 2011 domino
1297 1972 1412 2011 suo
1443 1972 1465 2011 .·
1495 1951 1558 2013 id
1597 1957 1714 2027 est,
1747 1951 1860 2031 qui

357 2043 426 2105 in
459 2045 582 2107 hac
613 2045 748 2109 vita
774 2050 1163 2129 quandoque
1193 2050 1458 2113 servivit
1486 2058 1765 2132 peccato,
1799 2058 1862 2111 θῖ

353 2143 664 2207 subditus
698 2144 826 2207 fuit
869 2145 1118 2227 iniquo,
1151 2166 1628 2229 conversusque
1660 2147 1862 2229 poeni-

355 2243 630 2305 tentiam
679 2244 808 2324 egit
857 2245 1263 2325 condignam,
1301 2246 1387 2308 ibi
1436 2245 1599 2309 liber
1638 2256 1734 2309 est
1778 2245 1860 2309 ab

223 2400 242 2423 ,
355 2342 486 2405 hoc
517 2341 769 2407 infelici
794 2345 1080 2407 dominio
1117 2362 1130 2406 :
1170 2345 1375 2408 nihilo
1401 2346 1616 2407 minus
1645 2355 1860 2409 manet

352 2440 422 2503 in
457 2460 538 2505 eo
569 2443 883 2506 memoria
909 2444 1116 2525 culpa)
1155 2444 1502 2526 aliquando
1535 2445 1765 2508 habitae
1795 2454 1858 2508 et

349 2540 744 2607 commissae.
773 2542 837 2605 Si
867 2542 1042 2605 enim
1075 2542 1252 2605 nulla
1272 2543 1362 2605 ibi
1393 2544 1582 2606 homo
1613 2545 1856 2626 peccati

348 2638 453 2701 sui
517 2640 831 2703 memoria
878 2640 1180 2721 tangitur,
1234 2642 1402 2705 unde
1451 2650 1740 2723 ereptum
1789 2662 1856 2706 se

349 2738 654 2801 laetaturi
685 2747 796 2801 aut
836 2740 1157 2821 quomodo
1195 2739 1431 2821 gratias
1461 2741 1591 2821 agit
1620 2742 1746 2804 Deo
1777 2742 1856 2805 de

347 2835 546 2898 venia
591 2836 718 2898 sibi
758 2839 1106 2900 concessa?
1153 2836 1272 2900 Sed
1315 2837 1669 2916 sciendum,
1704 2839 1856 2919 quia

345 2933 520 2996 sicut
565 2952 736 2996 nunc
785 2953 954 3017 saepe
997 2934 1278 2997 tristium
1329 2936 1455 2999 laeti
1504 2936 1855 3000 reminisci-

1973 1946 2186 2028 pliciis
2236 1948 2621 2027 corrigentia
2666 1966 2773 2010 eos
2823 1948 3189 2024 defendant,
3225 1967 3304 2010 an
3350 1947 3457 2010 hic

1969 2064 2189 2108 eorum
2222 2064 2410 2127 poena
2439 2046 2724 2129 incipiat,
2762 2055 2830 2109 ut
2868 2047 3253 2128 quandoque
3282 2066 3455 2110 com-

1970 2144 2225 2225 plenda,
2258 2162 2366 2206 eos
2408 2145 2485 2206 ad
2527 2144 2753 2206 ultima
2795 2144 3102 2225 gehennae
3139 2152 3457 2207 tormenta

1970 2243 2295 2323 perducat.
2328 2242 2485 2317 Quia
2527 2242 2721 2323 igitur
2763 2242 2931 2306 inter
2959 2242 3176 2306 divina
3213 2242 3455 2324 judicia

1967 2340 2141 2420 gravi
2192 2340 2662 2403 incertitudinis
2704 2361 2834 2405 suae
2872 2340 3146 2423 caligine
3176 2342 3453 2404 humana

1970 2458 2152 2502 mens
2185 2440 2515 2522 premitur,
2548 2440 2747 2501 sancti
2771 2438 2893 2504 viri
2924 2440 3275 2522 quum‘sibi
3308 2459 3454 2521 sup-

1967 2547 2184 2620 petere
2215 2557 2517 2620 prospera
2548 2538 2739 2619 hujus
2771 2539 2991 2600 mundi
3021 2538 3447 2620 conspiciunt,

1967 2636 2199 2718 pavida
2232 2635 2597 2718 suspicione
2630 2636 2989 2698 turbantur.

2049 2737 2177 2804 Qui
2203 2744 2568 2811 exspectant
2597 2744 2888 2804 mortem,
2922 2733 2986 2796 id
3020 2742 3135 2811 est,
3164 2734 3451 2815 quotidie

1963 2833 2114 2896 huic
2160 2833 2391 2895 saeculo
2421 2832 2693 2914 cupiunt
2722 2832 3013 2895 funditus
3045 2832 3445 2909 mortificari,

1963 2932 2267 3014 omnique
2296 2931 2631 3013 temporali
2660 2930 2877 3011 gloriae
2907 2932 3093 3007 mori,
3115 2942 3174 2993 et
3207 2953 3334 2993 non
3357 2954 3451 2993 ve-

345 3052 522 3111 mur,
576 3032 880 3097 videlicet
920 3033 1208 3115 pristinae
1252 3033 1652 3097 infirmitatis
1697 3044 1853 3099 tem·
1882 3033 1927 3096 C
1961 3036 2062 3093 nic
2101 3054 2123 3091 .·
2164 3032 2319 3113 quia
2376 3031 2697 3095 interdum
2754 3030 3004 3094 occulto
3052 3030 3159 3093 Dei
3206 3030 3451 3113 judicio

345 3150 510 3213 pore
541 3131 858 3208 sanitatis,
883 3132 971 3193 ita
1000 3139 1154 3195 tunc
1184 3140 1516 3196 transactae
1547 3135 1852 3215 nequitiae

343 3232 494 3293 sine
527 3230 790 3293 laesione
820 3229 1239 3293 beatitudinis
1267 3232 1764 3294 recordabimur.

427 3332 650 3399 Quare
695 3332 854 3391 data
907 3340 996 3391 est
1045 3332 1302 3400 misem,
1347 3329 1414 3392 id
1459 3338 1556 3393 est
1601 3330 1848 3393 homini

339 3428 461 3510 qui
494 3447 564 3491 se
597 3428 666 3490 in
689 3427 924 3491 saeculo
945 3427 1069 3490 isto
1099 3428 1403 3491 miserum
1437 3429 1848 3511 exsulemque

341 3526 713 3610 perpendit,
747 3535 813 3589 ct
843 3527 919 3588 ad
953 3526 1223 3609 patriam
1256 3526 1392 3588 sitit
1420 3546 1493 3590 ac
1525 3536 1842 3610 properat,

339 3631 484 3697 lux,
501 3625 568 3688 id
589 3634 688 3688 est
709 3624 1076 3707 temporalis
1099 3625 1486 3707 prosperitas
1506 3626 1846 3691 honorisve

339 3724 637 3798 claritas3
671 3734 732 3785 et
761 3726 924 3792 vica,
954 3723 1021 3785 id
1049 3732 1165 3801 θεῖ,
1201 3724 1434 3787 saeculo
1471 3733 1534 3787 et
1577 3725 1847 3788 homini-

336 3823 466 3886 bus
495 3822 740 3898 vivere,
758 3821 1097 3896 dominari,
1123 3840 1415 3903 praeesse,
1450 3822 1847 3905 gloriamque

337 3921 692 3983 humanam
725 3920 983 3997 habere,
1021 3924 1124 3982 lzz's
1151 3924 1269 4000 qui
1293 3923 1364 3982 in.
1397 3924 1844 3985 amaritudine

335 4024 590 4082 animae
613 4023 822 4081 sunt?
863 4020 926 4081 id
972 4028 1090 4095 est,
1124 4020 1236 4102 qui
1280 4020 1466 4083 bonis
1515 4021 1842 4085 doloribus

335 4138 406 4182 se
439 4118 620 4202 ipsos
657 4117 985 4195 afficiunt,
1023 4126 1280 4200 peccata
1321 4119 1617 4199 lugendo,
1655 4140 1838 4183 suum

1961 3150 2233 3213 praeesse
2290 3131 2390 3193 vel
2441 3131 2507 3193 in
2559 3130 2805 3193 cunctis
2849 3130 3145 3211 occupari
3194 3130 3453 3194 honori-

1960 3230 2078 3292 bus
2134 3229 2609 3311 compelluntur
2653 3245 2667 3290 :
2712 3229 2881 3310 quod
2940 3235 3149 3290 tamen
3204 3248 3280 3291 ex
3339 3229 3447 3291 Dei

1960 3328 2187 3390 timore
2236 3328 2510 3390 tolerant
2554 3336 2615 3389 et
2663 3326 2888 3401 inviti3
2922 3329 3112 3405 quasi
3148 3330 3449 3404 effodien-

1959 3438 2044 3487 tes
2075 3430 2485 3488 thesaurum:
2516 3426 2577 3487 id
2608 3434 2724 3501 est,
2756 3444 2897 3488 cum
2938 3442 3163 3505 magno
3199 3425 3447 3489 fervore

1955 3523 2517 3587 mortificationem
2581 3524 2743 3587 hanc
2799 3522 3088 3605 cupiunt,
3142 3531 3447 3606 tantoque

1959 3622 2209 3699 fortius,
2233 3630 2472 3704 quanto
2503 3622 2855 3685 videntsuo
2885 3640 2953 3684 se
2975 3621 3096 3684 fini
3132 3622 3272 3703 plus
3308 3641 3448 3703 pro-

1955 3721 2289 3803 pinquare,
2322 3720 2857 3803 quemadmodum
2892 3718 3276 3783 effodientes
3318 3721 3449 3784 the-

1956 3839 2236 3897 saurum,
2258 3838 2383 3901 quo
2415 3817 2793 3900 profundius
2825 3817 3126 3893 foderint,
3146 3836 3220 3881 eo
3251 3820 3330 3881 ad
3362 3819 3446 3881 la-

1953 3918 2173 3981 borem
2196 3917 2537 3980 instantius
2561 3916 2999 3978 exardescunt.
3025 3920 3446 3997 Gaudencque

1955 4019 2348 4076 vehementer
2367 4035 2569 4095 quum
2591 4016 2958 4074 invenerint
2975 4016 3361 4091 sepulc-rum,
3378 4011 3440 4074 id

1951 4122 2048 4177 θεῖ
2085 4111 2640 4194 contemplationis
2682 4111 3128 4175 absconditum
3168 4118 3231 4172 et
3269 4110 3443 4191 quie-

335 4216 642 4281 exsilium
701 4224 766 4279 et
823 4216 1044 4298 patriae
1102 4216 1446 4279 carentiam
1507 4218 1842 4298 deploran-
1870 4220 1919 4282 D
1952 4213 2031 4275 tis
2061 4220 2393 4287 secretum,
2418 4229 2546 4292 quo
2577 4210 2791 4272 anima
2819 4208 3228 4273 absconditur
3258 4227 3442 4270 mun-

333 4316 458 4380 do:
483 4315 722 4378 talibus
753 4316 925 4377 enim
955 4314 1476 4379 molestissimum
1507 4326 1602 4379 est
1627 4318 1840 4381 vivere

1949 4313 2052 4389 do,
2079 4312 2243 4375 sicut
2263 4330 2493 4393 corpus
2516 4311 2830 4392 sepulcro.
2857 4311 2942 4373 De
2964 4308 3193 4371 talibus
3216 4309 3438 4373 scribit

1947 4412 2288 4495 Apostolus
2315 4429 2328 4473 :
2354 4411 2575 4474 Mortui
2598 4411 2770 4475 enim
2800 4411 2977 4486 θεῖίε,
3001 4418 3063 4473 θῖ
3084 4410 3215 4473 vita
3228 4418 3439 4473 vestra
3486 4430 3727 4480 cauam,

1945 4510 2320 4575 abscondita
2350 4519 2447 4573 cst
2476 4530 2621 4573 cum
2643 4510 2893 4573 Christo
2916 4510 2980 4571 in
3002 4510 3149 4572 Deo.
3176 4510 3251 4571 Et
3270 4510 3437 4573 Psal-
3465 4494 3505 4535 ³·

1946 4610 2134 4673 mista
2161 4627 2175 4671 :
2200 4609 2566 4672 Abscondes
2594 4626 2702 4671 eos
2724 4609 2791 4670 in
2820 4608 3192 4671 abscondito
3220 4608 3435 4671 vultus
3466 4630 3723 4682 ramat.

335 4414 606 4490 mundo,
642 4432 916 4495 praeesse
953 4433 1025 4476 ac
1066 4414 1386 4491 honorari,
1423 4414 1489 4476 in
1527 4426 1838 4497 quantum

335 4532 456 4595 per
487 4513 610 4576 hoc
653 4532 692 4574 a
734 4513 1294 4595 contemplationis
1339 4512 1556 4596 quiete
1599 4535 1840 4599 praepe-

335 4612 628 4687 diuntur,
660 4631 732 4675 ac
765 4612 1192 4675 diversimode
1222 4612 1684 4676 distrahuntur.
1709 4615 1840 4677 Ele-

333 4712 460 4774 ctis
488 4729 753 4792 quoque
775 4711 972 4772 Deum
992 4719 1056 4773 et
1075 4729 1352 4791 superna
1373 4712 1686 4791 promissa
1705 4720 1836 4777 toto

333 4809 528 4873 corde
568 4808 1031 4891 quaerentibuS,
1067 4817 1363 4889 suspecta
1394 4816 1458 4871 et
1487 4810 1699 4889 gravis
1741 4820 1836 4873 est

335 4906 714 4989 temporalis
750 4906 1159 4987 prosperitaS,
1185 4906 1515 4987 magisque
1543 4916 1837 4972 metuunt

336 5022 646 5086 prospera
674 5022 868 5085 quam
901 5003 1190 5066 adversa.
1216 5002 1418 5076 Quum
1446 5004 1618 5066 enim
1654 5005 1834 5070 valde

335 5105 589 5167 occulta
629 5104 762 5165 sint
792 5102 901 5165 Dei
943 5102 1206 5184 judicia,
1243 5102 1394 5165 dum
1436 5103 1502 5164 in
1543 5103 1662 5167 hac
1704 5105 1835 5169 vita

336 5203 726 5284 quandoque
755 5201 942 5264 bonis
983 5201 1152 5264 male
1182 5209 1299 5277 est,
1333 5210 1396 5263 et
1427 5202 1613 5263 malis
1646 5203 1830 5280 bene,

339 5308 490 5365 tunc
519 5310 736 5364 tamen
766 5308 916 5363 sunt
938 5298 1306 5377 occultiora,
1326 5319 1527 5382 quum
1557 5309 1622 5365 et
1648 5301 1834 5366 bonis

1947 4710 2038 4772 tui
2069 4729 2107 4771 a
2134 4706 2624 4771 conturbatione
2657 4706 3013 4769 hominum.

2022 4809 2263 4888 ltaque,
2298 4826 2414 4869 cur
2442 4807 2589 4869 data
2614 4814 2711 4869 est
2754 4806 2989 4869 misero
3020 4805 3171 4867 lux?
3216 4813 3434 4887 utpote

1945 4909 2085 4966 υίνο
2123 4906 2314 4985 cujus
2358 4908 2731 4966 abscondita
2771 4915 2861 4965 est
2902 4906 3034 4974 via,
3068 4903 3129 4965 id
3171 4912 3287 4979 est,
3324 4904 3433 4985 qui

1945 5004 2148 5069 nescit
2190 5004 2469 5086 qualiter
2513 5002 2707 5066 vitam
2758 5022 2958 5078 suam,
2993 5021 3135 5084 quae
3184 5002 3290 5064 via
3337 5011 3435 5065 θεῖ

1943 5122 2070 5187 qua
2090 5104 2221 5166 itur
2240 5103 2319 5164 ad
2342 5102 2515 5164 aliud
2536 5100 2859 5177 saeculum,
2888 5099 3251 5162 terminabit
3277 5124 3292 5175 ς
3318 5100 3429 5181 qui

1943 5204 2134 5266 etiam
2187 5200 2390 5263 nescit
2438 5199 2646 5280 qualis
2694 5217 2833 5261 cras
2880 5198 3040 5273 erit3
3073 5198 3185 5279 qui
3236 5198 3426 5261 etiam

1945 5300 2148 5366 nescit
2191 5319 2271 5361 an
2321 5317 2465 5380 quae
2514 5306 2681 5360 recte
2728 5314 2913 5377 agere
2960 5296 3183 5373 credit,
3216 5315 3427 5361 coram
