4309 6259
902 485 1020 550 160

1322 505 1671 554 ENARRATIO
1715 506 1778 551 IN
1821 505 1957 551 GAP.
2004 505 2113 552 XIX
2155 506 2314 552 unm
2355 505 2524 552 Pnun
2566 505 3099 552 PARAUPOHENON.
3144 523 3225 534 —
3263 504 3410 552 ΛΒΤ.
3453 503 3562 550 xlx

898 673 1095 736 David
1115 693 1191 737 ex
1210 683 1388 757 parte
1408 676 1548 757 ejus
1572 675 1749 740 mille
1772 675 2192 759 septingentis
2215 675 2390 758 equi·
2417 676 2466 739 A
2497 675 2620 739 hoc
2658 684 2754 738 est
2793 675 2858 738 in
2897 669 3188 754 Idu'maea,
3216 676 3626 754 praesidium,
3658 681 3780 736 etc.
3814 671 3984 734 Istud

897 770 1089 848 tibus,
1126 780 1189 836 et
1232 773 1457 853 viginti
1504 773 1791 836 millibus
1829 773 2138 856 peditum.
2172 774 2388 855 Itaque

898 868 987 931 ibi
1018 889 1147 934 non
1179 869 1256 933 sit
1284 872 1526 935 mentio
1557 872 1635 935 de
1666 873 2017 954 quadrigiS,
2042 881 2106 936 et
2136 873 2389 955 paucio-

896 987 997 1030 res
1037 969 1287 1049 equites
1327 969 1771 1052 exprimuntur
1802 970 1891 1034 ibi
1940 990 2132 1052 quam
2164 971 2292 1046 hic,
2327 980 2390 1034 et

897 1063 926 1126 f
927 1073 1063 1129 orte
1083 1067 1469 1150 principales
1502 1068 1945 1150 exprimuntur
1965 1069 2222 1146 ibidem,
2242 1087 2390 1150 quo-

897 1183 1037 1226 rum
1070 1165 1374 1230 satellites
1404 1166 1509 1230 hic
1542 1165 1760 1230 forsan
1792 1166 2185 1248 adjiciuntur
2220 1185 2234 1230 :
2271 1186 2386 1230 nec

896 1270 992 1324 est
1023 1264 1441 1328 contradictio
1472 1263 1536 1326 in
1561 1264 1700 1326 istis
1729 1265 2049 1346 capituliS,
2082 1265 2387 1346 quoniam

896 1359 1103 1442 major
1133 1381 1437 1425 numerus
1469 1363 1742 1426 includit
1770 1363 2107 1440 minorem,
2129 1383 2248 1426 nec
2271 1364 2389 1426 mi·

898 1477 1015 1522 nor
1054 1478 1357 1523 numerus
1401 1460 1661 1542 ponitur
1689 1461 1778 1522 ibi
1822 1480 1968 1524 cum
2020 1461 2386 1525 exclusione

896 1558 1181 1639 majoriS.
1217 1561 1448 1622 Abisai
1496 1579 1641 1620 vero
1686 1563 2001 1637 percussit
2050 1560 2130 1622 de
2173 1563 2384 1621 Edom

894 1659 1107 1719 decem
1127 1668 1185 1719 et
1204 1669 1336 1720 octo
1368 1659 1461 1719 mi
1466 1659 1614 1730 clia,·
1630 1668 1690 1719 et
1710 1661 2041 1720 constituit
2062 1661 2134 1720 in
2154 1661 2384 1728 Edem,

2495 782 2697 837 totum
2723 775 2787 836 in
2809 783 3107 858 praetacto
3135 776 3373 856 Regum
3404 774 3571 836 libro
3601 771 3986 835 adscribitur

2497 872 2694 936 David
2726 873 2881 954 regi,
2906 875 3107 937 ethoc
3141 881 3440 955 tanquam
3464 870 3804 954 principali
3831 894 3846 945 3
3878 868 3984 930 hic

2495 979 2708 1034 autem
2739 971 2977 1048 Abisai,
3005 980 3306 1053 tanquam
3329 969 3706 1046 exsecutori,
3741 975 3849 1031 aut
3877 967 3987 1030 ad·

2494 1069 2714 1151 jutori,
2739 1089 2811 1132 ac
2844 1070 2990 1133 duci
3023 1069 3468 1152 pugnantium,
3487 1069 3667 1149 juxta
3695 1066 3860 1146 regis
3881 1067 3990 1128 de-

2497 1175 2762 1231 cretum.
2797 1172 3002 1230 Porro
3032 1171 3167 1247 filii
3195 1170 3415 1231 David
3437 1169 3650 1247 primi
3685 1173 3866 1229 erant
3895 1169 3988 1226 ad

2496 1287 2768 1327 manum
2789 1269 2982 1343 reyis,
3005 1266 3124 1330 hoc
3152 1275 3249 1329 est
3279 1264 3666 1348 principales
3697 1264 3862 1326 inter
3879 1264 3988 1325 ad-

2496 1372 2736 1427 stantes
2767 1364 2922 1445 regi,
2957 1373 3019 1426 et
3048 1363 3275 1428 ceteris
3321 1363 3601 1447 potiores
3639 1362 3878 1425 honore
3908 1381 3983 1424 ac

2497 1461 2802 1543 prioratu.
2856 1463 3035 1526 Unde
3083 1463 3362 1526 secundo
3408 1460 3575 1524 libro
3625 1461 3984 1524 sacerdotes

2495 1569 2824 1639 vocantur,
2858 1560 3038 1642 juxta
3082 1581 3268 1643 quem
3311 1560 3571 1624 modum
3615 1559 3850 1623 dicitur
3884 1559 3986 1621 Je-

2495 1658 2638 1722 thro
2670 1658 2870 1722 fuisse
2908 1662 3200 1725 sacerdos
3231 1659 3496 1723 Madian.

1978 2086 2620 2174 ARTICULUS
2696 2087 2902 2172 XIX

1267 2359 1579 2406 Exposrrlo
1622 2361 1895 2407 CAPITULI
1940 2361 2297 2406 NonEcfflt
2338 2362 2353 2407 ἶ
2401 2361 2640 2407 Ancmrr
2685 2361 2889 2408 AUTEM
2931 2362 3007 2407 UT
3049 2361 3414 2407 nonant-:Tun
3457 2362 3621 2408 NAAS

2067 2459 2192 2505 REX
2231 2459 2517 2505 Fluomffl
2559 2459 2798 2505 AMMON.

1018 2737 1141 2799 ΒΑΕ
1153 2736 1251 2799 SE
1264 2735 1360 2798 NS
1404 2736 1757 2819 capitulum
1809 2736 2053 2814 realtat,
2101 2737 2379 2818 qualiter
2417 2737 2463 2798 Β
2493 2741 2578 2798 E't
2599 2741 2906 2818 proecepit
2937 2749 3009 2800 ut
3029 2750 3366 2800 manerent
3395 2741 3468 2801 in
3486 2742 3760 2811 Jericlzo,
3784 2743 3990 2801 donec

1034 2835 1229 2899 David
1267 2837 1477 2919 primo
1525 2855 1639 2919 per
1686 2855 1835 2900 suos
1884 2837 2191 2900 satellites
2223 2837 2379 2900 vicit

889 2934 1283 2998 Ammonitas
1327 2943 1390 2998 et
1437 2935 1761 3016 adjutores
1806 2952 2047 3012 eorum,
2083 2954 2159 2998 eo
2206 2935 2378 3016 quod

889 3033 1267 3096 Ammonitae
1298 3033 1601 3115 injuriam
1630 3033 1999 3096 intulissent
2031 3032 2234 3098 servis
2265 3034 2382 3095 Da-

887 3130 1035 3208 vid;
1069 3131 1299 3196 deinde
1347 3131 1413 3194 in
1461 3131 1719 3214 propria
1758 3149 2032 3214 persona
2080 3151 2224 3194 cum
2277 3149 2381 3212 po-

888 3228 1043 3310 pulo
1071 3247 1187 3292 suo
1216 3237 1437 3293 contra
1465 3229 1605 3292 illos
1636 3228 1966 3311 processit,
2001 3237 2193 3310 atque
2219 3247 2381 3310 prae-

891 3327 1113 3389 valuit.

968 3427 1227 3486 Accidit
1272 3436 1489 3488 autem
1529 3435 1602 3487 ut
1645 3434 2000 3487 moreretur
2033 3428 2214 3488 Naas
2263 3445 2380 3484 reoe

886 3526 1181 3602 filiorum
1218 3528 1523 3594 Ammon,
1564 3535 1623 3585 et
1666 3534 1963 3602 regnaret
2004 3526 2194 3603 filius
2238 3525 2379 3601 ejus

881 3644 1003 3702 pro
1042 3643 1134 3684 eo,
1168 3625 1481 3704 Dixitque
1521 3626 1743 3684 David
1764 3641 1786 3684 .·
1818 3624 2085 3684 Faciam
2132 3625 2379 3683 miseri-

886 3723 1177 3782 cordiam
1204 3742 1353 3783 cum
1380 3725 1619 3783 Hanon
1649 3722 1791 3799 filio
1821 3722 2021 3782 Naas.
2056 3721 2377 3782 Praestitit

885 3823 1061 3882 enim
1104 3823 1272 3882 mih-i
1308 3831 1494 3898 pater
1540 3822 1682 3898 ejus
1719 3823 2033 3896 qratiam.
2070 3820 2378 3898 Misitque

2489 2847 2784 2896 cresceret
2813 2839 3008 2898 barba
3046 2858 3293 2908 eorum,
3316 2847 3376 2898 et
3409 2847 3561 2898 tunc
3598 2849 3990 2900 reverteren-

2492 2942 2612 2995 tur.
2657 2937 2948 2996 Videntes
2967 2945 3184 2996 autem
3203 2938 3338 3014 filii
3352 2941 3659 3006 Ammon,
3676 2941 3850 3016 quod
3882 2941 3989 2998 in-

2473 3033 2738 3109 juriam
2751 3035 3048 3110 fecissent
3066 3036 3312 3105 David,
3338 3044 3470 3095 tam
3493 3037 3758 3106 Hanon,
3781 3057 3982 3115 quam

2488 3133 2776 3210 reliquus
2805 3135 3109 3210 populus,
3145 3134 3464 3194 miserunt
3509 3134 3691 3194 mille
3737 3138 3985 3196 talenta

2487 3231 2767 3305 arqenti,
2797 3240 2870 3291 ut
2908 3234 3330 3292 conducerent
3365 3233 3493 3291 sibi
3519 3234 3600 3291 de
3629 3235 3987 3309 Mesopota·

2487 3329 2650 3397 mia,
2668 3337 2728 3388 et
2755 3331 2834 3388 de
2861 3331 3065 3406 Syria
3097 3331 3404 3399 Maaclia,
3426 3340 3486 3390 et
3514 3333 3594 3390 de
3621 3333 3814 3400 Soba,
3841 3349 3989 3392 cur-

2487 3446 2601 3486 rus
2644 3435 2703 3486 et
2751 3428 3012 3506 equites.
3063 3429 3654 3508 Condit-veruntque
3703 3430 3986 3505 triqinta

2484 3526 2614 3584 duo
2674 3525 2888 3585 millia
2937 3546 3277 3596 curruum,
3330 3535 3390 3586 et
3437 3545 3649 3602 reyem
3699 3529 3984 3588 Maacka

2484 3641 2631 3682 cum
2654 3626 2892 3699 populo
2919 3624 3082 3700 ejus.
3111 3625 3239 3692 Qui
3267 3644 3473 3703 quum
3505 3625 3851 3694 venissent,
3874 3645 3984 3686 ca-

2481 3723 2842 3780 strametati
2885 3731 3039 3781 sunt
3085 3742 3119 3780 e
3159 3724 3418 3798 reqione
3457 3723 3755 3784 Medaba.
3807 3725 3986 3783 Filii

2482 3838 2728 3898 quoque
2748 3821 3024 3880 Ammon
3058 3821 3430 3898 conyreyati
3459 3823 3537 3880 de
3565 3821 3860 3891 urbibus,
3881 3841 3985 3880 ve-

884 3921 1106 3982 David
1132 3922 1393 3980 nuntios
1422 3923 1511 3980 ad
1529 3921 1988 3980 consolandum
2008 3938 2155 3978 eum
2185 3937 2380 3995 super
2402 3919 2446 3983 C
2483 3926 2722 3977 nerunt
2753 3919 2840 3977 ad
2869 3919 3129 3978 bellum.

884 4029 1083 4079 morte
1109 4020 1327 4096 patris
1366 4021 1494 4080 sui.
1532 4020 1659 4086 Qui
1687 4038 1891 4098 quum
1933 4018 2376 4096 pervenissent

882 4118 957 4178 in
1008 4127 1247 4180 terram
1292 4119 1587 4195 fitiorum
1628 4120 1933 4185 Ammon,
1964 4126 2040 4176 ut
2092 4118 2376 4175 consola-

880 4225 1111 4276 rentur
1127 4219 1386 4283 Hanon,
1400 4216 1716 4275 dixerunt
1728 4215 2059 4290 principes
2077 4215 2374 4290 filiorum

883 4315 1165 4374 Ammon
1212 4317 1301 4374 ad
1342 4315 1582 4374 Hanon
1624 4329 1648 4371 .·
1694 4315 1789 4372 Tu
1827 4312 2107 4389 forsitan
2149 4321 2373 4388 putas,

883 4414 1055 4492 quod
1074 4413 1293 4472 David
1312 4412 1572 4473 lionoris
1590 4429 1785 4470 causa
1809 4412 1883 4470 in
1900 4418 2158 4487 patrem
2189 4418 2372 4470 tuum

886 4509 1135 4570 miserit
1162 4511 1281 4588 qui
1308 4512 1794 4570 consolarentur
1822 4519 1920 4581 te,·
1946 4529 2060 4569 nec
2079 4511 2376 4569 animad-

886 4609 1105 4679 vertis,
1138 4611 1308 4688 quod
1336 4617 1410 4670 ut
1437 4612 1773 4685 ecc-plorent
1801 4617 1861 4668 et
1900 4609 2285 4684 investigent
2313 4615 2375 4667 et

881 4715 1249 4768 scrutentur
1300 4716 1538 4768 terram
1585 4716 1794 4776 tuam,
1844 4707 2137 4768 venerint
2187 4707 2274 4766 ad
2319 4715 2375 4764 te

880 4806 1053 4868 servi
1079 4806 1243 4882 ejus.
1267 4806 1485 4882 Iyitur
1504 4807 1739 4866 Hanon
1765 4824 2001 4882 pueros
2030 4804 2253 4865 David
2272 4805 2376 4862 de-

880 4904 1191 4973 calvavit,
1219 4912 1279 4962 et
1323 4903 1509 4973 rasit,
1542 4913 1602 4963 et
1635 4903 1941 4978 praecidit
1983 4903 2238 4961 tunicas
2279 4917 2376 4958 eo-

880 5021 1054 5071 rum,
1088 5022 1129 5060 a
1157 5002 1417 5062 natibus
1448 5021 1645 5080 usque
1671 5002 1759 5060 ad
1780 5003 2001 5076 pedeS,
2028 5008 2089 5058 et
2117 4998 2375 5058 dimisit

2565 4018 2745 4084 Quod
2770 4035 2974 4094 quum
3012 4017 3298 4076 audisset
3330 4017 3578 4086 David,
3607 4017 3788 4077 misit
3814 4019 3982 4078 Joab

2481 4123 2540 4174 et
2586 4133 2832 4175 omnem
2893 4116 3250 4174 exercitum
3309 4117 3607 4175 virorum
3666 4115 3976 4191 fort-ium.

2483 4213 2862 4291 Eyressique
2880 4214 3015 4289 filii
3037 4216 3337 4283 Ammon,
3360 4215 3748 4274 diremerunt
3768 4215 3980 4274 aciem

2465 4309 2672 4385 juxta
2707 4319 2969 4386 portam
3011 4311 3320 4372 civitatis.
3353 4314 3556 4388 Reges
3595 4321 3813 4372 autem
3855 4313 3982 4391 qui

2480 4409 2568 4467 ad
2595 4408 2930 4468 auxilium
2958 4409 3097 4485 ejus
3139 4418 3478 4478 venerant,
3507 4411 3866 4486 separatim
3901 4411 3978 4469 in

2477 4524 2633 4582 ayro
2661 4514 2994 4568 steterunt.
3019 4507 3240 4584 Iyitur
3267 4508 3424 4568 Joab
3455 4508 3826 4583 intelliqens
3857 4509 3980 4566 bel-

2481 4605 2618 4662 lum
2645 4624 2726 4662 ex
2762 4606 3025 4665 adverso
3069 4614 3128 4664 et
3157 4614 3302 4681 post
3343 4615 3596 4682 teryum
3641 4614 3866 4666 contra
3909 4625 3979 4665 se

2477 4703 2649 4776 fieri,
2679 4703 2868 4779 eteyit
2911 4705 3082 4762 viros
3117 4703 3505 4779 fortissimos
3545 4707 3625 4764 de
3667 4704 3977 4764 universo

2479 4802 2708 4871 Israel,
2758 4809 2818 4860 et
2859 4803 3149 4877 perressit
3197 4811 3421 4862 contra
3465 4805 3740 4878 Syrum.
3793 4803 3979 4863 Reli-

2479 4918 2677 4976 quam
2705 4908 2922 4960 autem
2952 4909 3210 4976 partem
3232 4902 3468 4977 populi
3485 4902 3666 4960 dedit
3693 4902 3809 4960 sub
3839 4919 3982 4960 ma·-

2481 5017 2574 5056 nu
2594 4997 2822 5058 Abisai
2839 4997 3076 5073 fratris
3091 5000 3200 5057 sui
3217 5021 3245 5068 ,·
3285 5006 3346 5057 et
3367 5008 3804 5074 perrexerunt
3830 5017 3982 5058 con-

880 5119 1002 5160 eOS.
1043 5101 1171 5167 Qui
1213 5119 1417 5177 quum
1458 5100 1789 5168 abiissent,
1830 5106 1891 5157 et
1920 5100 2036 5158 lzoc
2074 5097 2376 5155 mandas-
2409 5093 2454 5154 D
2485 5104 2587 5155 tra
2613 5096 2784 5172 filios
2801 5097 3103 5156 Ammon.
3130 5097 3448 5175 Dixitque
3469 5115 3495 5158 .·
3515 5098 3595 5158 Si
3615 5098 3844 5158 vicerit
3879 5117 3982 5160 me

881 5207 1021 5258 sent
1068 5198 1311 5268 David,
1374 5198 1553 5258 misit
1612 5198 1687 5256 in
1734 5215 2067 5256 occursum
2125 5213 2370 5254 eorum.

886 5297 1213 5358 Grandem
1232 5295 1411 5354 enim
1428 5293 1885 5354 contumeliam
1904 5291 2372 5351 sustinuerunt.

2483 5195 2720 5269 Syrus,
2750 5195 3006 5253 auoeilio
3048 5195 3176 5254 eris
3217 5195 3406 5255 milei.
3431 5197 3513 5256 Si
3541 5205 3762 5257 autem
3797 5216 3984 5272 supe-

2483 5291 2778 5352 raverint
2807 5299 2864 5351 te
2891 5293 3026 5368 filii
3052 5294 3358 5361 Ammon,
3379 5313 3485 5354 ero
3523 5295 3644 5354 tibi
3664 5293 3788 5375 [in]
3812 5313 3984 5371 pror-

4037 885 4251 939 {meam

4019 951 4084 996 13,
4105 951 4168 990 u.

4041 1481 4159 1524 Ibid.
4181 1485 4238 1528 18.

4015 1669 4256 1717 Exodmar.
