4309 6259
575 1674 836 1779 14τροοαιιι,

597 2369 757 2415 locun.
773 2386 840 2425 xv,

866 482 988 547 538

1655 500 2002 547 manuario
2043 500 2104 545 IN
2147 499 2286 545 cAP.
2332 498 2459 545 xvu
2499 498 2625 545 1013.
2670 518 2751 529 —
2790 500 2932 547 ΛΒΤ.
2978 500 3171 547 xxxlx

869 670 1062 734 homo
1122 672 1319 734 simili
1378 672 1507 735 sibi
1563 672 1931 735 sociabitur.
1991 669 2354 733 Similitudo
2384 667 2435 733 A
2463 674 2795 750 dissipatoe
2820 682 2999 741 sunt,
3028 671 3093 733 id
3124 679 3221 733 est
3250 671 3330 733 ab
3362 670 3600 733 unione
3628 689 3841 733 earum
3876 670 3947 731 in

867 770 1108 852 quippe
1151 780 1368 833 causat
1404 790 1708 847 amorem,
1741 779 1806 833 et
1849 790 2026 834 amor
2074 789 2355 833 commu-

869 868 1126 931 nionem
1177 889 1249 932 ac
1298 870 1624 933 unionem.
1668 870 1878 945 Porro,
1916 871 1970 931 si
2018 870 2189 951 quod
2241 868 2350 945 ait,

867 968 1110 1030 Mundis
1141 969 1458 1045 manibu8‚
1485 970 1568 1030 sit
1597 969 1858 1033 ablativi
1891 989 2096 1045 casuS‚
2129 988 2353 1031 sensus

867 1076 984 1143 est,
1017 1068 1188 1148 quod
1233 1068 1441 1149 justus
1487 1069 1611 1131 sibi
1655 1069 1778 1150 ipsi
1819 1069 2006 1131 addet
2039 1066 2355 1129 fortitudi-

866 1186 1034 1241 nem,
1065 1166 1131 1227 in
1169 1166 1404 1230 virtute
1432 1167 1694 1247 justitiae
1729 1165 2150 1249 proficiendo,
2174 1184 2355 1227 mun-

867 1265 966 1327 dis
1026 1265 1344 1341 manibuS,
1398 1265 1461 1327 id
1519 1273 1615 1327 est
1665 1264 1964 1328 virtuosis
2025 1263 2349 1345 operibus,

866 1364 1147 1427 Virtutes
1200 1383 1473 1445 namque
1520 1383 1632 1445 per
1675 1363 2044 1425 exercitium
2096 1370 2353 1424 actuum

870 1482 1126 1525 suorum
1181 1472 1662 1539 conservantur,
1709 1462 2005 1526 foventur
2055 1470 2116 1523 et
2162 1459 2355 1541 perfi-

868 1563 1148 1637 ciuntur,
1165 1560 1328 1623 sicut
1349 1561 1772 1623 communiter
1793 1560 2046 1623 habitus
2077 1579 2191 1641 per
2212 1578 2356 1641 ope-

871 1682 959 1724 ra.
993 1662 1172 1723 Unde
1223 1661 1288 1723 in
1339 1660 1715 1742 Apocalypsi
1767 1660 2034 1723 habetur
2081 1678 2094 1721 z
2140 1661 2354 1721 Justus

867 1761 1261 1844 justificetur
1281 1761 1509 1836 adhue,
1536 1768 1594 1822 et
1630 1768 1884 1823 sanctus
1919 1758 2355 1822 sanctificetur

2464 772 2663 834 Deum
2712 769 2947 849 fractae,
2983 781 3048 833 et
3092 771 3156 833 in
3203 772 3453 834 diversa
3495 770 3759 851 partitae,
3792 769 3949 832 hinc

2468 870 2617 933 inde
2646 879 2971 951 vaganteS,
3004 891 3234 952 meque
3263 890 3300 933 a
3331 870 3544 933 stabili
3582 868 3947 932 divinorum

2464 969 3003 1050 contemplatione
3050 970 3491 1051 impedientes,
3524 988 3599 1031 ex
3643 967 3951 1031 sollieitu-

2464 1067 2749 1143 dinibuS,
2784 1069 3111 1131 doloribus
3150 1078 3339 1149 atque
3376 1066 3687 1149 angustiis
3716 1067 3951 1148 quibus

2466 1186 2739 1248 premor,
2759 1187 2899 1248 quae
2932 1168 3161 1231 mentis
3192 1168 3469 1249 quietem
3502 1176 3563 1229 et
3594 1167 3947 1229 libertatem

2466 1266 2531 1327 in
2564 1266 2691 1327 Deo
2724 1266 3099 1348 impediunt.
3135 1267 3285 1329 Nam
3320 1265 3611 1347 pluribus
3644 1265 3945 1335 intentuS,

2464 1365 2675 1427 minor
2706 1373 2803 1427 est
2832 1367 2911 1427 ad
2933 1367 3183 1446 singula
3203 1365 3659 1439 sensuS.Unde‚
3674 1383 3802 1446 quo
3822 1364 3950 1426 ani-

2464 1483 2569 1526 ma
2601 1464 2769 1527 eirca
2802 1465 2985 1547 plura
3022 1465 3418 1541 distrahitur,
3452 1482 3528 1527 eo
3560 1464 3637 1526 ad
3670 1472 3951 1527 contem-

2466 1563 2772 1645 plandum
2818 1564 3089 1627 debilior
3128 1565 3433 1627 redditur.
3473 1563 3731 1644 Propter
3773 1563 3945 1644 quod

2464 1663 2755 1727 Christus
2789 1663 3073 1743 loquitur
3102 1664 3355 1725 Marthae
3374 1680 3387 1723 ε
3408 1663 3663 1739 Martha,
3687 1661 3943 1735 Martha,
3976 1680 4088 1723 Lae.
4114 1694 4155 1727 ι.
4184 1683 4241 1720 ιι.

2467 1761 2740 1825 sollicita
2770 1780 2859 1837 eS‚
2896 1771 2956 1825 et
2992 1762 3265 1825 turbaris
3294 1780 3443 1842 erga
3472 1760 3769 1843 plurima.
3811 1764 3950 1821 Tor-

870 1862 1100 1925 adhuc.
1135 1861 1200 1922 ln
1235 1860 1355 1923 hoc
1396 1859 1610 1940 itaque
1649 1859 1940 1921 consistit
1972 1866 2186 1921 noster
2218 1877 2355 1940 pro·
2391 1854 2437 1915 B
2466 1871 2725 1941 quantes
2752 1880 2859 1921 cor
2880 1861 3313 1923 meum.Tales
3334 1860 3505 1921 enim
3535 1858 3949 1938 cogitationes

873 1960 1098 2035 fectus,
1135 1968 1208 2021 ut
1244 1978 1283 2021 a
1313 1956 1704 2039 quotidianis
1745 1956 2222 2039 impuritatibus
2254 1976 2357 2020 no-

867 2059 1016 2121 stris
1056 2057 1342 2139 quotidie
1381 2057 1820 2133 emundemur,
1845 2065 2035 2136 atque
2071 2055 2136 2116 in
2169 2055 2355 2117 bonis

870 2178 1010 2239 quae
1043 2158 1292 2239 agimus
1334 2155 1766 2238 perficiamur,
1803 2155 2022 2217 eadem
2069 2154 2355 2235 quotidie

871 2257 1222 2342 perfectius
1276 2255 1655 2331 exhibendO,
1709 2262 1772 2317 et
1818 2254 2005 2316 bonis
2053 2252 2354 2334 operibus

873 2357 1042 2419 bona
1073 2354 1384 2417 addendo,
1413 2353 1572 2415 Hinc
1602 2353 1691 2415 ait
1723 2352 2008 2415 Salvator
2041 2370 2055 2413 :
2090 2350 2351 2414 Omnem

867 2456 981 2539 qui
1029 2454 1154 2517 fert
1205 2452 1508 2528 fructum,
1543 2451 1842 2533 purgabit
1883 2470 2026 2513 eum
2061 2450 2262 2527 Pater,
2288 2461 2357 2514 ut

867 2554 1143 2617 fructum
1177 2552 1321 2635 plus
1360 2549 1614 2613 afferat.

945 2656 1184 2729 Iqitur,
1210 2670 1314 2709 vos
1340 2670 1550 2710 omnes
1574 2656 1698 2710 tres
1720 2647 1908 2711 amici
1939 2647 2217 2729 mei,qui
2247 2649 2353 2711 hic

865 2752 1040 2827 estiS,
1076 2759 1138 2813 et
1183 2754 1528 2830 praesentes
1558 2746 1669 2827 qui
1702 2745 1884 2809 vobis
1915 2747 2346 2824 consentiunt,

864 2848 1344 2917 com·erci2·n1‘m.‘,
1378 2866 1414 2907 a
1444 2844 1720 2907 falsitate
1761 2845 1837 2907 ad
1874 2845 2227 2921 veritatem,
2270 2845 2350 2907 ab

867 2946 1184 3029 injustitia
1223 2946 1300 3007 ad
1346 2944 1684 3017 virtutem3
1726 2954 1785 3003 et
1830 2946 2038 3003 venite
2087 2944 2348 3006 mentali

2466 1959 2840 2042 dispertitae,
2874 1959 3075 2021 anxiae
3106 1968 3295 2041 atque
3328 1959 3637 2033 sollicitae‚
3671 1966 3947 2021 mentem

2464 2058 2771 2139 affligunt
2806 2077 2961 2139 :per
3004 2077 3110 2121 eas
3156 2077 3427 2139 namque
3465 2057 3951 2139 apprehendun-

2464 2166 2567 2221 tur
2619 2157 2866 2233 nociva,
2908 2158 3194 2233 adversa,
3246 2176 3480 2233 amara,
3528 2174 3797 2237 quorum
3846 2175 3949 2237 ap—

2466 2256 2806 2338 prehensio
2845 2263 2942 2319 est
2990 2255 3285 2338 poenalis.
3331 2255 3507 2317 Unde
3556 2261 3618 2317 et
3662 2254 3947 2317 Christus

2465 2354 2721 2418 divitias
2754 2354 3043 2417 nominat
3072 2354 3313 2437 spinaS,
3347 2362 3605 2436 propter
3643 2352 3948 2416 sollieitu-
3974 2367 4229 2472 ἕῖιὲΐὲἰιζ

2463 2454 2645 2517 dines
2676 2454 2768 2515 eis
2796 2452 3149 2534 adjunctas.

2530 2556 2787 2615 Noctem
2812 2562 3141 2613 verterunt
3160 2554 3233 2613 in
3252 2554 3452 2622 diem,
3474 2551 3539 2614 id
3560 2559 3678 2629 est,
3696 2550 3945 2615 solitam

3976 2495 4039 2534 ss.

2463 2650 2669 2715 noctis
2697 2650 3001 2731 quietem,
3019 2649 3319 2713 videlieet
3348 2649 3821 2723 dormitionem,
3840 2649 3951 2711 mi-

2461 2750 2526 2813 hi
2577 2749 3001 2825 abstulerunt,
3034 2766 3303 2830 eamque
3348 2747 3507 2810 mihi
3553 2748 3620 2809 in
3670 2748 3947 2811 laborem

2461 2850 2589 2912 diei
2611 2856 2673 2912 et
2694 2846 3200 2931 inquietudinem
3224 2846 3585 2927 vigiliarum
3604 2855 3946 2911 verterunt.

2461 2950 2643 3012 Tales
2664 2948 2836 3011 enim
2858 2945 3273 3029 cogitationes
3296 2946 3583 3009 fecerunt
3602 2946 3815 3028 ipsum
3833 2946 3947 3009 Job

867 3066 1150 3121 accessu,
1205 3045 1267 3106 id
1319 3052 1436 3119 est,
1489 3040 1828 3123 diligenter
1885 3042 2211 3105 attendite.
2265 3044 2351 3107 De
2386 3047 2431 3111 C
2462 3049 2785 3111 insomnes
2807 3048 3037 3110 ducere
3060 3054 3293 3118 nocteS,
3314 3065 3453 3126 quae
3474 3046 3597 3108 sibi
3620 3046 3949 3109 laboriosae

755 3180 778 3207 x
869 3165 998 3228 quo
1047 3146 1321 3207 adventu
1368 3142 1456 3205 ait
1499 3140 1868 3203 psalmista:
1903 3140 2148 3217 Venite,
2200 3141 2347 3216 filii,

872 3245 1086 3307 audite
1127 3262 1250 3304 me.
1293 3246 1377 3303 Et
1413 3262 1540 3301 non
1585 3242 1918 3301 inveniam
1951 3242 2020 3299 ιή
2053 3241 2227 3299 vobis
2260 3246 2355 3301 ul-

873 3349 1010 3404 lum
1039 3344 1412 3419 sapientem.
1450 3339 1752 3421 Superius
1783 3338 2040 3421 Eliphaz
2078 3340 2239 3401 dixit
2278 3340 2353 3401 ad

872 3442 988 3506 Job
1041 3462 1054 3505 :
1106 3440 1263 3515 Quid
1313 3439 1477 3501 nosti
1531 3438 1700 3519 quod
1752 3438 2116 3518 ignoremus
2162 3442 2184 3499 2
2232 3440 2353 3502 Cu-

870 3544 976 3625 jus
1003 3539 1415 3623 praesumptio
1447 3537 1548 3598 his
1581 3536 1792 3600 verbis
1826 3537 2214 3619 reprimitur.
2237 3538 2355 3599 Sed

872 3659 1070 3722 quum
1133 3636 1444 3719 sapientia
1499 3635 1578 3696 sit
1629 3634 1990 3697 divinorum
2051 3636 2351 3715 cogniti0‚

873 3738 1194 3821 quomodo
1239 3734 1427 3797 amici
1470 3733 1585 3795 Job
1633 3732 1950 3814 sapientes
1993 3752 2119 3796 non
2150 3742 2353 3802 erant,

871 3838 982 3921 qui
1039 3838 1168 3919 jam
1229 3842 1318 3897 tot
1366 3852 1516 3895 vera
1565 3840 1627 3893 et
1683 3831 1811 3893 alta
1857 3832 1936 3894 de
1987 3832 2112 3894 Deo
2164 3831 2355 3894 locuti

870 3940 1064 3999 sunt?
1097 3936 1172 3996 Et
1203 3931 1739 4013 respondendum,
1775 3929 1944 4009 quod
1978 3929 2195 4010 aliquo
2228 3948 2359 3992 mo-

873 4038 954 4099 do
987 4034 1304 4116 sapientes
1339 4029 1616 4105 fuerunt,
1653 4028 1816 4090 sicut
1859 4036 1924 4091 et
1962 4028 2176 4107 magni
2221 4029 2360 4110 phi-

873 4132 1125 4214 losophi
1153 4150 1168 4207 3
1201 4130 1309 4191 sed
1331 4128 1484 4209 quia
1513 4145 1732 4190 eorum
1756 4126 2084 4209 sapientiae
2113 4128 2361 4209 pericu-

2462 3166 2573 3210 seu
2612 3146 2897 3209 molestae
2938 3144 3218 3207 fuerunt.
3254 3144 3411 3206 Hinc
3439 3144 3531 3207 ait
3560 3163 3751 3226 supra
3786 3162 3800 3205 :
3836 3145 3950 3207 No-
3974 3154 4239 3197 Job=11·³·⁸·

2460 3254 2593 3310 ctes
2623 3244 2971 3307 laboriosas
3002 3242 3368 3305 enumeravi
3400 3242 3581 3304 mihi.
3603 3242 3665 3305 Si
3688 3243 3955 3305 dormie-

2463 3364 2554 3420 ro,
2591 3343 2798 3405 dicam
2823 3341 3115 3416 :Quando
3145 3344 3566 3420 consurgam?
3596 3341 3671 3402 Et
3700 3360 3951 3403 rursum

2464 3442 2841 3523 exspectabo
2892 3459 3243 3522 vesperam.
3294 3439 3473 3501 Unde
3521 3439 3953 3521 subjungitur.

2462 3551 2521 3601 et
2568 3560 2831 3600 rursum
2873 3549 3010 3616 post
3055 3541 3339 3599 tenebras
3374 3558 3555 3615 spero
3596 3542 3802 3599 lucem
3834 3561 3856 3598 .·
3893 3539 3955 3601 id

2466 3647 2583 3714 est,
2637 3638 2943 3717 quoniam
2996 3645 3249 3718 tempus
3297 3636 3501 3698 noctis
3552 3636 3711 3699 mihi
3760 3637 3958 3701 mole-

2467 3746 2634 3799 stum
2668 3744 2764 3798 est
2796 3755 2923 3798 non
2953 3735 3193 3797 valenti
3226 3736 3527 3809 dormire,
3564 3756 3751 3818 spero
3780 3746 3841 3799 et
3860 3756 3961 3799 cu·

2466 3835 2575 3917 pio
2623 3834 2749 3897 cito
2795 3834 2939 3897 fieri
2985 3832 3178 3910 diem,
3213 3834 3278 3896 in
3322 3851 3447 3913 quo
3486 3852 3593 3897 cor
3646 3834 3961 3897 relevatur

2467 3954 2543 3997 ex
2575 3933 2739 3996 lucis
2770 3934 3095 4014 adspectu,
3122 3932 3407 4013 eorporis
3439 3940 3637 4008 motu,
3664 3941 3727 3995 et
3758 3933 3961 3996 homi-

2470 4052 2621 4094 num
2655 4031 2956 4093 societate
2988 4049 3062 4093 ac
3094 4030 3270 4093 varia
3298 4029 3739 4111 occupatione.

2550 4132 2628 4192 Si
2652 4131 3041 4199 sustinuero,
3076 4129 3138 4190 id
3181 4136 3297 4205 est,
3332 4128 3627 4209 quamvis
3660 4128 3795 4192 haec
3834 4148 3963 4191 om-

875 4233 991 4295 losi
1025 4248 1269 4293 errores
1305 4226 1472 4289 circa
1502 4224 1967 4307 providentiam
2000 4226 2109 4288 Dei
2141 4234 2204 4288 et
2236 4226 2361 4289 alia
2390 4230 2439 4291 D
2472 4230 2577 4292 nia
2621 4228 2934 4311 patienter
2978 4227 3322 4309 pertulero,
3361 4226 3562 4288 nihilo
3608 4226 3823 4289 minus
3862 4232 3962 4289 in-

874 4329 1162 4413 quaedam
1227 4324 1490 4387 fuerunt
1535 4322 1854 4404 permixti,
1909 4322 2028 4385 hoc
2079 4322 2218 4386 loco
2268 4343 2362 4386 sa-

877 4430 1122 4511 pientes
1165 4444 1302 4489 esse
1343 4432 1674 4503 negantur.
1721 4423 1960 4485 Diversi
2001 4424 2174 4486 enim
2212 4433 2363 4486 sunt

875 4528 1106 4609 gradus
1137 4524 1487 4606 sapientiai,
1532 4531 1596 4584 et
1623 4522 1816 4585 variis
1863 4522 2068 4585 modis
2109 4523 2363 4605 sapiens

877 4626 1025 4709 quis
1055 4631 1338 4688 vocatur.

955 4726 1429 4803 Consequenter
1460 4722 1840 4783 documenta
1878 4720 2233 4783 attentione
2273 4720 2366 4781 di-

876 4844 1002 4906 gna
1060 4820 1384 4904 proponit,
1439 4820 1517 4882 ad
1569 4836 1840 4899 quorum
1902 4818 2363 4881 advertentiam

879 4924 1024 4986 illos
1063 4922 1192 5003 jam
1235 4916 1556 4980 excitavit.
1599 4919 1751 4977 Dies
1779 4918 1906 4976 mei
1939 4919 2365 4986 transierunt,

878 5022 944 5084 id
975 5028 1093 5096 est,
1131 5036 1246 5101 pro
1279 5033 1508 5096 magna
1542 5022 1720 5097 parte
1760 5014 1961 5096 elapsi
2002 5022 2151 5076 sunt
2186 5032 2200 5075 ε
2238 5014 2368 5076 imo

879 5138 1103 5184 omnes
1133 5117 1269 5179 dies
1301 5114 1538 5196 quibus
1568 5112 1697 5175 vixi
1729 5132 1932 5195 usque
1963 5113 2028 5175 in
2060 5132 2366 5195 praesenS,

883 5237 1021 5281 esse
1065 5217 1194 5297 jam
1241 5212 1592 5289 desierunt,
1634 5230 1830 5293 quum
1879 5211 1946 5273 in
1991 5210 2371 5273 successivis

884 5316 1056 5379 idem
1100 5314 1185 5376 sit
1232 5330 1372 5375 esse
1420 5320 1483 5373 et
1530 5309 1717 5384 fieri3
1767 5312 2179 5389 coyicationes
2218 5330 2372 5372 meoe

2469 4332 2699 4407 fernus
2724 4331 2950 4387 domus
2996 4346 3131 4386 mea
3161 4336 3272 4396 est,
3306 4324 3373 4386 id
3416 4332 3532 4402 est,
3566 4324 3645 4387 ad
3691 4324 3955 4389 limbum

2470 4436 2723 4510 patrum
2756 4425 3158 4501 descendam,
3193 4432 3501 4505 quantum
3544 4424 3621 4485 ad
3652 4424 3952 4487 animam.

2470 4525 2646 4599 Quod
2697 4531 2907 4586 autem
2949 4522 3185 4585 limbus
3235 4521 3591 4604 appelletur
3640 4521 3952 4601 infernuS,

2470 4624 2712 4686 dictum
2758 4629 2854 4684 est
2886 4640 3077 4702 saepe.
3118 4621 3200 4683 De
3240 4638 3367 4701 quo
3413 4619 3477 4681 in
3508 4619 3735 4683 Genesi
3769 4622 3956 4685 Jacob

2471 4720 2831 4804 patriarcha
2863 4738 2876 4781 ε
2910 4719 3321 4795 Descendam,
3357 4718 3589 4799 inquit,
3624 4718 3705 4781 ad
3746 4718 3951 4782 filium
3984 4742 4073 4782 ee·
4092 4754 4205 4780 m..

2473 4838 2685 4882 meum
2719 4819 2943 4897 lugens
2976 4817 3041 4878 in
3075 4815 3423 4879 infernum.
3449 4815 3803 4897 Siquidem,
3827 4837 3959 4900 pre-
3984 4807 4046 4845 ³⁵·

2476 4919 2563 4981 tio
2596 4914 3051 4999 redemptionis
3082 4914 3376 4977 humanae
3415 4915 3695 4978 nondum
3728 4915 3957 4994 soluto,

2476 5025 2538 5079 et
2568 5016 2761 5097 janua
2801 5014 2980 5093 regni
3029 5013 3299 5075 necdum
3341 5020 3581 5094 aperta,
3618 5022 3831 5095 patres
3860 5016 3962 5077 de-

2477 5115 2859 5177 scenderunt
2895 5112 2959 5174 in
3002 5110 3297 5174 limbum.
3322 5114 3405 5171 In
3434 5114 3730 5183 tenebris,
3766 5112 3831 5174 id
3870 5121 3961 5175 est

2479 5211 2727 5291 magnis
2786 5209 3280 5273 adversitatibus
3347 5216 3539 5289 atque
3594 5210 3955 5291 suppliciis,

2477 5311 2683 5370 stravi
2720 5312 3024 5369 lectulum
3068 5328 3307 5377 meum,
3340 5306 3404 5368 id
3444 5314 3541 5368 est
3583 5307 3794 5371 locum
3836 5326 3959 5391 quo
