4309 6259
129 1474 249 1519 Eceli
255 1507 264 1516 .

81 1552 140 1579 xu
147 1540 316 1587 ιιιΛῌδ.

85 3408 300 3459 munimina.

911 491 1260 538 ENARRATIO
1301 492 1364 537 m
1405 491 1544 538 GAP.
1589 490 1693 537 xlv
1735 490 1894 536 unm
1935 489 2159 543 QuAn'rl
2200 488 2423 535 amun.
2470 507 2551 519 -—
2590 488 2733 534 ΛΒΤ.
2780 487 2908 533 xvu
3360 466 3440 529 57

347 686 525 734 nem,
557 667 870 725 viderunt
899 666 1302 725 latrunculos
1343 670 1403 721 ec
1437 662 1850 739 projecerunt
1878 663 1928 724 A
1959 678 2093 743 per,
2130 678 2244 741 per
2263 658 2543 722 Eliseum
2577 657 2958 739 intelligitur
2984 656 3293 734 ChristuS,
3326 656 3441 739 qui

345 767 632 824 cadaver
661 764 734 824 in
772 767 1140 841 sepulcrum
1161 762 1393 830 Elisei,
1413 758 1742 840 cupientes
1783 778 1850 821 se
1955 760 2140 842 jubet
2160 758 2562 841 principibus
2581 777 2654 821 ac
2674 756 2949 839 praelatis
2970 756 3207 820 afferre
3226 776 3443 819 arcum

346 860 653 941 expedire
683 861 764 923 de
801 878 1068 943 corpore
1097 860 1466 943 sepeliendo
1503 858 1728 921 timore
1767 858 1850 920 la-

347 966 632 1035 tronum,
671 978 754 1021 ne
791 967 1174 1040 caperentur
1212 957 1291 1021 ab
1321 957 1438 1021 eis.
1474 961 1654 1028 Quod
1689 960 1849 1018 dum

348 1059 560 1133 ταῖς-ἐι
610 1077 750 1117 ossa
783 1060 1015 1128 Elisei,
1044 1060 1288 1118 revioeit
1325 1061 1532 1129 home,
1573 1066 1633 1117 et
1677 1038 1866 1118 stetit-

343 1175 542 1231 super
563 1160 762 1233 pedes
790 1177 960 1229 suo-3,
985 1158 1222 1219 virtute
1251 1176 1325 1220 ac
1353 1156 1598 1219 meritis
1629 1156 1846 1233 Elisei,

345 1253 426 1314 ad
478 1253 932 1317 declarandam
985 1255 1426 1318 excellentiam
1474 1254 1844 1317 meritorum

347 1349 580 1431 ipsinS,
616 1359 682 1414 et
711 1353 882 1433 quod
913 1372 1102 1415 verus
1135 1353 1344 1416 fuerat
1373 1352 1479 1415 Dei
1515 1352 1843 1434 propbeta.

343 1448 508 1511 Hinc
541 1448 612 1510 in
633 1448 1082 1514 Ecclesiastico
1111 1450 1314 1514 fertur
1343 1451 1422 1513 de
1443 1450 1652 1513 Eliseo
1673 1449 1850 1512 :Mor-

347 1554 532 1608 tuum
567 1548 977 1629 prophetavit
1005 1567 1239 1630 corpus
1271 1548 1445 1630 ejus3
1479 1547 1544 1609 in
1575 1548 1705 1611 vita
1735 1566 1850 1609 sua

346 1643 502 1707 fecit
539 1655 852 1724 monstra,
887 1656 952 1711 et
991 1647 1058 1715 in
1096 1657 1300 1712 morte
1341 1645 1664 1710 mirabilia
1705 1664 1850 1727 ope·

345 1755 522 1809 ratus
551 1755 674 1809 est.

341 1947 602 2006 cunetis
619 1949 852 2007 diebus
868 1950 1173 2009 Joachaz.
1201 1952 1284 2010 Ec
1299 1949 1598 2009 misertus
1616 1956 1706 2007 est
1725 1948 1850 2007 Do-

345 2046 572 2105 minus
599 2064 854 2116 eornm,
885 2057 947 2107 et
977 2066 1268 2107 reversus
1309 2056 1399 2108 esc
1437 2050 1525 2109 ad
1552 2067 1674 2117 εοε,
1695 2066 1848 2123 pro-

333 2153 488 2220 pter
537 2154 812 2221 pactum
871 2167 1090 2218 suum,
1151 2150 1322 2227 quod
1379 2148 1644 2207 habebat
1701 2166 1847 2207 cum

341 2244 689 2304 Abraham
717 2254 779 2304 et
809 2247 996 2306 Isaac
1035 2255 1096 2305 et
1123 2248 1336 2317 Jacob,
1368 2255 1428 2306 et
1469 2247 1682 2306 noluit
1716 2247 1849 2306 dis-

335 2345 617 2419 perdere
645 2363 771 2416 εοε,
797 2364 1002 2422 neque
1011 2346 1334 2423 projicere
1353 2347 1619 2425 penitus
1649 2366 1848 2427 usque

343 2440 418 2499 in
439 2460 735 2517 proesens
758 2452 1026 2520 tempu-5.
1056 2446 1352 2505 Mortuus
1369 2453 1458 2505 est
1477 2454 1696 2504 autern
1719 2448 1848 2505 Ha-

345 2542 490 2597 zael
513 2559 635 2599 rex
653 2542 895 2618 Syrioe,
919 2551 980 2603 et
1009 2544 1308 2617 reynavit
1331 2545 1646 2603 Benadad
1663 2543 1846 2620 filius

338 2638 486 2713 eju-s
510 2658 638 2716 pro
661 2658 755 2699 eo.
774 2642 982 2701 Porro
1001 2644 1150 2701 Joas
1167 2643 1352 2717 filius
1369 2644 1642 2702 Joackaz
1669 2642 1846 2711 tulit,

343 2737 408 2799 id
451 2746 576 2815 est,
613 2738 678 2801 vi
715 2738 924 2820 praelii
961 2739 1248 2817 abstulit,
1285 2744 1364 2801 de
1403 2760 1606 2801 manu
1637 2744 1848 2801 Bena-

339 2839 482 2897 dad
499 2839 640 2915 filii
660 2840 914 2899 Hazael
935 2840 1144 2909 urbes,
1164 2860 1324 2918 quas
1353 2838 1575 2901 Hazael
1610 2842 1846 2900 tulerat

338 2938 419 2995 de
465 2957 678 2997 manu
710 2940 992 2999 Joachaz
1023 2940 1240 3017 patris
1275 2941 1383 2999 sui
1405 2940 1566 3017 jure
1595 2940 1841 3015 proelii.

1959 867 2022 922 et
2063 857 2345 938 sagittaS,
2392 858 2457 920 id
2486 866 2602 935 est,
2640 856 3025 938 Scripturam
3062 875 3304 920 sacram
3350 874 3449 917 as-

1960 977 2233 1035 sumere,
2269 965 2332 1020 et
2362 956 2503 1038 ejus
2530 956 3014 1019 auctoritatibus
3044 965 3107 1019 et
3138 956 3447 1038 exemplis

1959 1077 2027 1121 se
2056 1058 2330 1134 munire,
2367 1056 2741 1137 aemulisque
2773 1075 2903 1119 suae
2940 1055 3163 1118 salutis
3204 1055 3449 1118 resiste-

1961 1176 2051 1220 re.
2084 1156 2275 1219 Iubet
2301 1175 2559 1239 quoque
2588 1156 2821 1238 aperiri
2866 1154 3207 1235 fenestram
3248 1155 3447 1219 orien-

1959 1255 2173 1333 talem,
2210 1256 2272 1317 id
2304 1264 2419 1332 est,
2452 1264 2729 1318 mentem
2770 1263 2988 1335 aptare
3016 1254 3095 1315 ad
3127 1253 3448 1315 illumina-

1958 1354 2167 1417 tiones
2214 1369 2562 1437 supernas3
2616 1354 2835 1435 sicque
2881 1352 3173 1432 sagittam
3222 1352 3444 1415 salutis

1959 1462 2179 1517 contra
2224 1452 2467 1535 Syriam
2511 1453 2785 1528 mittere,
2836 1452 2897 1514 id
2948 1458 3064 1527 est,
3110 1469 3223 1533 per
3253 1450 3449 1515 verba

1958 1552 2287 1629 orationiS,
2334 1550 2823 1635 praedicationiS,
2868 1569 2940 1613 ac
2987 1568 3180 1633 opera
3232 1558 3448 1613 sancta

1960 1651 2256 1714 reluctari
2283 1650 2563 1713 inimicis
2584 1650 2806 1713 salutis
2828 1668 2901 1712 ac
2932 1648 3138 1731 pacis;
3162 1656 3225 1711 et
3241 1648 3448 1729 ¹iaculo

1959 1750 2209 1831 percuti
2248 1757 2479 1811 terram
2522 1748 2835 1831 praecipit,
2870 1748 2933 1811 id
2963 1755 3080 1824 est,
3117 1766 3230 1829 per
3256 1746 3450 1811 verba

423 1848 654 1924 Iqitur
683 1850 939 1909 Hazael
979 1870 1097 1909 rex
1125 1851 1346 1927 Syrioe
1373 1850 1615 1926 afflixit
1641 1850 1848 1909 Israel
1884 1854 1931 1917 B
1959 1847 2495 1929 compunctioniS,
2531 1846 2950 1928 correptionis
2979 1865 3052 1909 ac
3096 1845 3451 1927 castigatio·
3528 1836 3533 1840 ⁵

1959 1946 2062 2009 nis
2111 1946 2387 2010 excitare
2436 1946 2631 2009 corda
2667 1946 2949 2008 carnalia
2989 1945 3257 2009 terrenis
3306 1944 3451 2007 infi-

1959 2062 2072 2107 xa:
2105 2045 2277 2128 quod
2312 2044 2676 2108 faciendum
2707 2052 2823 2119 est,
2850 2062 2977 2106 non
3008 2043 3213 2105 solum
3247 2051 3339 2106 ter
3368 2044 3449 2106 ad

1954 2142 2224 2224 gloriam
2258 2142 2833 2224 superbeatissimae
2864 2141 3213 2217 TrinitatiS‚
3232 2160 3345 2223 per
3366 2140 3447 2203 fi-

1955 2243 2122 2318 dem,
2160 2261 2337 2324 spem
2370 2251 2433 2305 et
2464 2242 2790 2305 caritatem
2824 2240 3025 2323 ipsius
3052 2265 3067 2317 3
3100 2241 3210 2303 sed
3256 2238 3445 2322 quin-

1957 2344 2148 2427 quieS,
2166 2341 2367 2404 sexies
2386 2349 2493 2403 aut
2513 2340 2762 2423 septieS,
2776 2339 2927 2422 quia
2941 2340 3051 2421 qui
3075 2350 3443 2421 perseverat,
3468 2360 3663 2467 ἳέιιιιαιι.
3688 2376 3731 2414 1,

1957 2443 2237 2506 salvatur
2264 2458 2277 2501 :
2305 2448 2367 2502 et
2396 2439 2685 2522 quinque
2720 2458 2943 2501 sensus
2973 2447 3223 2520 oportet
3252 2440 3443 2520 repri-

1957 2561 2152 2616 mere,
2180 2536 2687 2622 perfectionique
2715 2554 3002 2618 operum,
3026 2556 3169 2619 quae
3191 2537 3441 2601 senario

1957 2640 2347 2719 designatur,
2382 2655 2628 2714 vacare,
2664 2643 2854 2717 atque
2885 2636 2963 2697 ad
3002 2634 3440 2717 septiformem

1958 2738 2231 2820 Spiritus
2265 2735 2478 2799 Sancti
2506 2734 2775 2815 gratiam
2806 2733 3165 2816 pervenire.
3198 2734 3443 2798 Postre-

1957 2854 2083 2913 mo,
2105 2834 2449 2898 latrunculi
2481 2832 2656 2897 Moab
2686 2840 2837 2894 sunt
2864 2832 3129 2914 spiritus
3150 2833 3438 2914 maligni,

1955 2935 2311 2999 animarum
2337 2931 2775 2995 interfectores
2797 2950 2957 3013 quas
2975 2931 3241 2993 vincunt
3260 2948 3273 2993 :
3293 2951 3444 3014 quo-

345 3038 586 3097 Tribus
607 3038 859 3097 vicibus
871 3040 1190 3114 percussit
1208 3059 1377 3110 eum,
1403 3038 1469 3100 id
1493 3046 1589 3101 est
1618 3039 1848 3102 exerci-
1881 3032 1922 3097 C
1957 3054 2096 3097 rum
2129 3033 2357 3095 timore
2387 3032 2691 3095 debemus
2714 3032 2981 3094 cadaver
3003 3030 3442 3112 sepeliendum

339 3142 480 3196 tum
514 3134 688 3215 regis
729 3134 924 3217 Syriae
953 3135 1116 3216 Joas]
1139 3156 1246 3199 rex
1276 3136 1486 3214 Israel,
1523 3136 1688 3200 sicut
1720 3137 1847 3199 Eli-

339 3249 493 3293 seus
528 3229 849 3312 praedixit‚
871 3242 932 3291 ec
959 3232 1253 3293 reddidit
1273 3233 1566 3293 civitates
1583 3234 1839 3294 Israeli.

417 3328 613 3391 Juxta
673 3328 1215 3409 spiritualitatem,
1269 3348 1345 3393 ex
1393 3330 1516 3393 isto
1563 3330 1845 3412 capitulo

337 3429 834 3491 commendatur
883 3428 1069 3493 nobis
1111 3430 1424 3493 immensa
1465 3428 1668 3512 pietas
1708 3429 1839 3506 Dei,

335 3526 451 3607 qui
484 3528 734 3591 aversis
764 3547 838 3591 ac
870 3528 1152 3609 indignis
1183 3537 1276 3591 tot
1305 3528 1476 3591 bona
1503 3528 1838 3610 impendit,

337 3634 468 3687 tam
518 3625 802 3705 gratiose
844 3628 1180 3704 succurrit,
1216 3634 1280 3691 et
1328 3645 1440 3708 per
1485 3626 1844 3691 intercessi-

333 3743 494 3788 ones
529 3744 606 3788 ac
650 3725 878 3788 merita
923 3725 1320 3803 Sanctorum,
1358 3735 1486 3789 tam
1527 3724 1838 3790 viatorum

331 3843 534 3906 quam
587 3825 1220 3907 comprehensorum,
1273 3824 1594 3888 beneficia
1642 3826 1842 3888 multa

333 3922 630 4003 largitur,
665 3932 860 4005 atque
888 3925 966 3987 de
997 3923 1367 3986 visibilibus
1397 3932 1460 3987 et
1501 3923 1843 3988 invisibili-

332 4020 454 4084 bus
487 4022 877 4086 adversariis
923 4030 1182 4104 praestat
1219 4023 1636 4106 triumphum.
1670 4023 1842 4086 Insu-

1957 3134 2023 3197 in
2069 3132 2433 3215 sepulcrum
2465 3130 2776 3213 projicere
2806 3129 3021 3205 Elisei,
3059 3130 3122 3191 id
3154 3136 3271 3207 est,
3306 3149 3444 3194 cor-

1955 3252 2110 3316 pora
2151 3240 2370 3295 nostra
2400 3230 2577 3295 vitiis
2618 3238 2886 3305 mortua,
2921 3228 3158 3292 virtute
3204 3238 3265 3292 et
3310 3227 3445 3291 fide

1956 3330 2274 3416 passionis
2305 3350 2378 3394 ac
2400 3330 2743 3412 sepulturae
2763 3326 2995 3391 Christi
3024 3329 3105 3391 ad
3126 3329 3443 3409 agendum

1955 3430 2400 3514 poenitentiam
2444 3428 2769 3506 suscitare,
2805 3435 2878 3490 ut
2914 3436 3081 3490 stent
3118 3445 3311 3508 supra
3341 3446 3444 3508 pc-

1954 3532 2064 3595 des
2095 3549 2246 3593 suos
2290 3528 2521 3593 rationi
2567 3550 2639 3593 ac
2680 3527 2805 3608 legi
2844 3526 2953 3591 Dei
2982 3526 3253 3589 viriliter
3296 3524 3443 3589 obe-

1953 3630 2221 3705 diend03
2254 3629 2525 3692 aliorum
2553 3646 2809 3711 quoque
2830 3626 3203 3689 Sanctorum
3234 3643 3442 3687 exem-

1951 3728 2077 3810 plis
2109 3736 2173 3791 et
2201 3727 2449 3791 meritis
2492 3746 2609 3790 nos
2643 3726 2947 3790 debemus
2977 3723 3300 3807 applicare
3329 3741 3442 3804 per

1951 3825 2525 3890 considerationem
2566 3833 2630 3888 et
2667 3824 3015 3899 caritatem,
3059 3841 3131 3884 ac
3169 3839 3313 3883 ossa
3341 3838 3441 3883 eo-

1951 3945 2094 3988 rum
2152 3924 2542 4003 contingere,
2597 3923 2660 3986 id
2710 3930 2826 3998 est,
2878 3921 3145 3985 virtutes
3185 3918 3441 4000 partici-

1952 4044 2102 4107 pare
2147 4044 2222 4087 ac
2266 4021 2521 4100 imitari,
2557 4022 2777 4104 sicque
2822 4018 3139 4085 vivificari
3182 4017 3247 4079 in
3286 4016 3434 4080 Deo.

1414 4454 2064 4543 ARTICULUS
2139 4456 2387 4539 XVII

859 4732 1212 4779 ELUCIDATIO
1263 4732 1538 4778 caurum
1587 4730 2018 4786 QUAR'rlnzcuss
2061 4730 2075 4776 :
2123 4730 2186 4774 IN
2238 4729 2402 4775 ΑΝΝΟ
2455 4728 2722 4776 SECUNDO
2770 4729 2938 4775 JOAS.

477 5012 903 5078 ECITATUR
953 5011 1020 5074 in
1064 5011 1188 5076 isto
1223 5012 1526 5094 capitulo,
1568 5012 1841 5093 qualiter
1869 5015 1918 5076 D
1945 5016 2223 5073 secundo
2249 5015 2398 5075 Joas
2426 5014 2561 5090 filii
2587 5014 2867 5075 Joachaz
2896 5013 3065 5087 reyis
3092 5014 3323 5081 Israel,
3343 5031 3434 5071 re-

495 5112 792 5177 Amasias
837 5132 947 5175 rex
986 5113 1144 5175 Juda
1187 5111 1536 5192 praefuerit,
1579 5120 1643 5174 et
1683 5128 1840 5193 quo-
1941 5113 2175 5189 9navit
2205 5112 2509 5173 Amas-ias
2535 5112 2721 5187 filius
2745 5113 2897 5171 Joas
2926 5111 3093 5187 reyis
3118 5112 3317 5171 Juda.
3342 5112 3433 5169 Vi·

337 5214 524 5277 modo
567 5230 768 5295 super
811 5213 1048 5275 decem·
1078 5210 1285 5274 tribus
1332 5209 1714 5293 praesidebat
1749 5211 1842 5273 Je-
1939 5210 2120 5287 ,qimi
2138 5212 2426 5288 quinque
2445 5228 2769 5269 ann-orum
2788 5218 2926 5269 erat
2945 5227 3147 5287 quum
3165 5226 3432 5283 reynare

341 5312 602 5377 roboam
647 5309 836 5374 filius
874 5309 1020 5374 Joas
1061 5308 1230 5391 regis
1277 5308 1490 5372 lsrael.
1537 5312 1622 5371 In
1667 5329 1842 5370 anno

1947 5308 2271 5386 crepis-sem
2318 5308 2561 5385 viyinti
2604 5316 2821 5368 autem
2866 5316 2927 5367 et
2968 5325 3193 5367 novem
3235 5308 3431 5367 annis

4282 3988 4284 4001 —
4276 3188 4287 3975 -—u—-⁴——v=h-„-—-⁴————-
