4309 6259
1202 527 1548 574 RNARRATIO
1592 527 1653 573 IN
1696 527 1831 573 CAP.
1879 526 1986 573 xlx
2027 528 2153 573 1013.
2201 548 2281 558 —
2322 530 2464 575 ΛΒΤ.
2511 529 2650 576 xmv

3349 514 3467 575 557

367 696 514 759 dem
557 696 796 773 anima,
839 718 916 761 ex
949 697 1186 779 quibus
1233 699 1424 762 modo
1467 698 1768 775 subsisto,
1809 709 1870 761 et
1899 697 1950 760 A
1976 698 2191 779 gladio
2220 700 2285 762 in
2315 701 2695 783 Apocalypsi
2726 702 3035 765 habetur:
3070 702 3155 765 De
3187 720 3296 766 ore
3326 702 3467 782 ejus
3496 719 3761 776 Apamia.

366 797 543 855 oculi
589 797 720 855 mei
759 799 1158 875 conspecturi
1200 807 1406 858 sunt:
1447 817 1561 879 per
1610 798 1868 860 modum

366 893 498 974 jam
533 902 814 969 tactum3
845 905 906 955 et
935 916 1064 955 non
1095 898 1270 955 alius
1301 895 1441 959 loco
1469 896 1618 973 mei,
1648 916 1870 978 quam-

371 992 471 1055 vis
499 992 616 1054 alii
647 994 834 1055 multi
855 1013 1108 1057 mecum
1128 994 1320 1056 simul
1341 994 1470 1057 sint
1499 995 1682 1057 illum
1703 995 1872 1057 visu-

81 1106 346 1159 1c0r.m,s.
377 1091 453 1152 ri.
484 1090 940 1174 Unusquisque
967 1093 1137 1155 enim
1170 1093 1493 1175 propriam
1515 1096 1871 1157 mercedem

373 1189 664 1272 recipiet.
699 1191 1054 1271 Sacrilegus
1094 1191 1459 1274 impiusque
1487 1194 1870 1276 Porphyrius

367 1290 580 1369 arguit
633 1289 1028 1355 Christianos
1084 1291 1376 1355 maximae
1433 1292 1740 1371 stultitiae,
1793 1312 1869 1357 eo

366 1389 539 1467 quod
582 1388 800 1451 dicant
841 1391 1154 1452 mundum
1202 1389 1590 1467 finiendum,
1626 1400 1688 1454 et
1731 1411 1869 1455 cor-

363 1504 518 1567 pora
557 1488 948 1565 suscitanda,
983 1506 1060 1552 eo
1099 1488 1270 1570 quod
1310 1507 1540 1571 corpus
1582 1499 1865 1553 contem-

363 1582 717 1663 plationem
749 1584 1086 1666 impediat3
1111 1586 1220 1647 sed
1251 1605 1328 1648 ex
1356 1584 1728 1650 beatissimo
1749 1587 1862 1650 Job

362 1682 504 1761 ejus
539 1682 790 1744 insania
820 1683 1222 1765 apertissime
1252 1686 1648 1765 reprobatur.

441 1783 748 1859 Reposita
775 1793 866 1842 esc
891 1785 1026 1843 Izoec
1052 1802 1188 1861 spes
1209 1804 1348 1845 mea
1379 1784 1457 1846 de
1489 1782 1704 1847 futura
1731 1784 1864 1863 glo-

1975 798 2225 878 gladius
2256 818 2333 861 ex
2362 807 2631 881 utraque
2660 808 2839 881 parte
2868 809 3089 863 acutus
3125 800 3358 863 exibat.
3392 800 3469 861 Et

1979 896 2044 957 in
2075 898 2563 961 Deuteronomio
2595 898 2897 962 Dominus
2930 908 3315 981 protestatur
3348 917 3362 960 ε
3402 898 3465 961 Si
3496 925 3759 978 neutum..

1981 1014 2209 1057 acuero
2249 1004 2319 1057 ut
2363 994 2579 1076 fulgur
2623 996 2907 1078 gladium
2952 1016 3192 1074 meum,
3223 1004 3288 1060 et
3316 996 3470 1058 arri·
3497 989 3566 1030 ⁴¹·

1981 1093 2193 1175 puerit
2217 1093 2531 1174 judicium
2562 1114 2789 1157 manus
2822 1115 2983 1173 mea,
3021 1096 3279 1159 reddam
3321 1094 3471 1158 ulti·

1979 1210 2166 1253 onem
2203 1192 2494 1255 hostibus
2538 1192 2721 1256 meiS.
2765 1194 2907 1256 ldeo
2946 1193 3242 1256 subditur
3278 1211 3291 1255 :
3326 1215 3471 1273 quo-

1980 1295 2165 1353 niam
2218 1297 2390 1353 ultor
2438 1295 2871 1371 iniquitatum
2922 1295 3190 1369 gladius
3240 1302 3351 1366 est,
3403 1293 3467 1356 id

1977 1398 2093 1467 est,
2127 1390 2361 1453 divinae
2400 1390 2664 1472 justitiae
2711 1390 3024 1453 sententia
3072 1400 3330 1472 peccata
3380 1391 3471 1453 fa-

1977 1488 2101 1551 ciet
2149 1488 2485 1565 vindicari,
2534 1509 2645 1551 seu
2694 1490 2863 1570 juste
2912 1488 3153 1571 puniri.
3208 1489 3292 1551 De
3341 1508 3470 1571 quo

1974 1587 2186 1667 gladio
2216 1587 2451 1650 dicitur
2480 1586 2729 1651 Christo
2764 1588 2828 1649 in
2862 1587 3110 1650 Psalmo
3136 1605 3149 1649 :
3174 1587 3471 1669 Accinge-
3512 1613 3759 1666 axum.

1979 1704 2044 1747 re
2071 1685 2285 1765 gladio
2316 1694 2427 1749 tuo
2459 1704 2649 1766 super
2678 1683 2887 1748 femur
2928 1694 3130 1762 tuum,
3163 1686 3471 1769 potentis·

1976 1783 2158 1847 sime.
2192 1785 2277 1846 De
2305 1785 2423 1847 hac
2456 1784 2699 1847 ultione
2730 1784 3036 1847 Dominus
3075 1784 3167 1847 ait
3205 1803 3318 1867 per
3353 1785 3470 1848 Ma-

363 1877 733 1941 rificatione
761 1880 1046 1962 corporis
1077 1881 1204 1944 mei
1235 1890 1298 1943 et
1325 1882 1555 1944 animae
1585 1902 1761 1959 meae,
1791 1886 1862 1945 in
1901 1885 1948 1947 B
1976 1881 2247 1944 lachiam
2282 1900 2295 1944 :
2330 1882 2490 1945 Ecce
2519 1882 2655 1945 dies
2685 1882 2900 1947 veniet
2939 1901 3243 1946 succensa
3282 1883 3465 1965 quasi
3496 1906 3759 1959 Μαιωιω,

359 1982 515 2039 sinu
547 1979 793 2050 meo,id
816 1989 910 2042 est
942 1980 1010 2041 in
1038 1990 1282 2043 secreto
1307 1990 1370 2043 et
1397 1981 1624 2045 intimo
1653 1983 1864 2046 cordis

365 2077 515 2152 mei,
549 2085 856 2159 tanquam
895 2079 1396 2161 pretiosissimus
1437 2088 1630 2162 atque
1672 2081 1864 2144 caris-

365 2176 572 2237 simus
599 2176 834 2239 mentis
863 2196 1021 2239 meae
1057 2178 1414 2239 thesaurus,
1459 2178 1560 2241 Sic
1592 2179 1864 2242 sumitur

83 2290 339 2339 namma.
368 2274 550 2336 sinus
597 2275 768 2356 apud
806 2274 1132 2351 loannem,
1170 2275 1280 2338 ubi
1325 2276 1558 2357 legitur
1593 2294 1606 2339 ε
1641 2276 1866 2359 Unige-

369 2372 544 2434 nitus
593 2371 794 2434 Filius
844 2372 956 2454 qui
1003 2380 1100 2436 est
1149 2373 1214 2435 in
1261 2373 1406 2435 sinu
1456 2374 1677 2453 Patris,
1727 2375 1864 2457 ipse

363 2472 711 2534 enarravit.
754 2471 1080 2549 Praeterea,
1126 2472 1207 2535 de
1244 2472 1363 2535 hac
1401 2475 1864 2539 resurrectione

85 2586 334 2639 namma.
367 2569 588 2632 Daniel
619 2569 844 2632 scribit
875 2587 890 2632 :
923 2570 1097 2632 Multi
1137 2572 1216 2633 de
1250 2571 1350 2632 his
1388 2571 1501 2652 qui
1539 2572 1864 2635 dormiunt

365 2666 434 2728 in
455 2667 724 2751 pulvere
755 2678 957 2746 terrae,
989 2668 1406 2749 evigilabunt,
1432 2670 1542 2731 alii
1577 2670 1641 2732 in
1666 2671 1860 2734 vitam

83 2773 134 2816 1⁸-
147 2788 250 2824 xm.
267 2780 332 2821 ¹9·
361 2774 694 2844 astet-nam,
712 2766 822 2829 alii
844 2766 911 2829 in
933 2767 1365 2850 opprobrium.
1381 2767 1459 2829 Et
1477 2768 1694 2831 isaias:
1714 2769 1862 2833 Mor-

363 2865 460 2926 tui
483 2865 576 2927 tui
598 2865 840 2944 vivent,
865 2866 1318 2950 interfectique
1345 2866 1473 2929 mei
1503 2876 1853 2948 resurgent.

445 2967 662 3033 Quare
703 2986 852 3042 erqo
893 2986 1071 3027 nunc
1109 2968 1330 3026 dicitis
1364 2985 1475 3030 vos
1505 2974 1728 3029 contra
1757 2986 1859 3030 me

1975 1980 2296 2060 caminus3
2330 1989 2394 2043 et
2420 1989 2607 2043 erunt
2628 2000 2848 2043 omnes
2878 1980 3139 2062 superbi
3162 1988 3226 2045 et
3246 2000 3466 2047 omnes
3498 1974 3536 2013 ¹·

1977 2078 2281 2142 facientes
2331 2079 2745 2161 impietatem,
2780 2079 3061 2160 stipula3
3102 2088 3166 2143 et
3214 2080 3468 2143 inflam-

1975 2177 2177 2239 mabit
2205 2195 2313 2241 eos
2344 2178 2479 2241 dies
2520 2178 2807 2254 venienS,
2840 2197 2985 2260 quae
3025 2196 3153 2241 non
3197 2179 3467 2241 derelin-

1973 2285 2124 2358 quet
2153 2276 2245 2339 eis
2278 2277 2577 2339 radicem.
2608 2276 2784 2339 Unde
2814 2276 2972 2339 dicit
3000 2283 3062 2341 et
3086 2277 3277 2339 Judas
3312 2296 3325 2339 :
3362 2279 3469 2341 Ec·
3489 2300 3758 2353 sadanma

1974 2395 2046 2439 ce
2075 2375 2252 2439 venit
2280 2376 2582 2438 Dominus
2614 2376 2679 2437 in
2713 2375 2961 2438 Sanctis
3000 2375 3289 2437 millibus
3332 2376 3466 2438 suis

1975 2473 2184 2537 facere
2212 2474 2547 2554 judicium,
2582 2482 2645 2537 et
2675 2490 2939 2552 arguere
2968 2491 3191 2536 omnes
3235 2474 3467 2555 impios

1975 2574 2054 2636 de
2082 2572 2381 2635 omnibus
2415 2572 2713 2655 operibus
2738 2571 3085 2653 impietatis
3114 2590 3357 2635 eorum.
3386 2578 3471 2637 Et

1972 2675 2191 2733 scitote
2218 2692 2344 2732 esse
2355 2674 2699 2749 judicium
2727 2670 2864 2746 Dei,
2902 2678 3030 2733 tam
3058 2671 3464 2752 particulare,

1973 2790 2101 2852 quo
2127 2770 2375 2852 judicat
2418 2788 2939 2851 unumquemque
2979 2770 3131 2832 dum
3172 2771 3463 2848 moritur,

1971 2887 2165 2950 quam
2223 2868 2606 2945 universale,
2662 2886 2791 2949 quo
2842 2867 2907 2929 in
2955 2867 3059 2929 die
3116 2869 3465 2932 novissimo

1968 2966 2366 3047 judicaturus
2410 2974 2506 3029 est
2550 2984 2795 3043 omneS,
2830 2965 3008 3045 juxta
3049 2965 3209 3028 illud
3250 2966 3463 3031 Eccle-

359 3061 765 3144 disputantes
813 3081 828 3125 ε
877 3067 1359 3145 Per-sequamur
1403 3086 1576 3135 eum,
1624 3066 1686 3127 id
1737 3074 1853 3143 est,
1895 3074 1938 3137 C
1971 3066 2180 3129 siastae
2206 3083 2219 3128 :
2245 3066 2481 3129 Cuncta
2513 3084 2655 3148 quae
2686 3063 2877 3141 fiunt,
2901 3066 3171 3128 adducet
3197 3065 3360 3129 Deus
3393 3068 3459 3131 in
3519 3086 3754 3139 Εοσιωιι,

357 3160 737 3243 affligamus
766 3163 938 3226 hunc
963 3162 1100 3240 Job,
1120 3182 1266 3225 eum
1299 3163 1696 3246 reprobando
1729 3172 1860 3228 tan-

357 3280 555 3341 quam
589 3280 971 3336 erroneum3
1013 3272 1072 3321 et
1100 3264 1388 3323 radicem
1421 3265 1619 3336 verbi,
1659 3263 1722 3326 id
1763 3273 1860 3327 est

358 3358 631 3422 verbum
691 3357 718 3419 f
721 3360 1170 3423 undamentale
1217 3379 1288 3422 ac
1339 3358 1626 3438 firmum,
1682 3365 1859 3423 inve-

357 3461 630 3519 niamus
657 3468 882 3521 contra
909 3480 1081 3530 eum,
1099 3459 1269 3521 dicta
1291 3460 1430 3538 ejus
1463 3460 1740 3524 totaliter
1760 3462 1858 3525 de-

357 3557 671 3619 struendo
695 3559 720 3617 ’Ξ

437 3659 680 3734 Fuqite
704 3678 854 3735 erqo
871 3679 913 3718 a
930 3658 1102 3734 facie
1122 3658 1366 3734 gladii,
1390 3656 1453 3719 id
1483 3666 1600 3735 est,
1620 3658 1854 3721 divinae

348 3755 622 3835 justitiae
669 3755 1048 3818 sententiam
1100 3763 1320 3818 contra
1363 3775 1476 3819 vos
1517 3756 1755 3833 timete,
1792 3766 1854 3819 et

355 3854 732 3935 poenitendo
790 3854 1131 3917 salubriter
1187 3854 1524 3918 declinate.
1589 3856 1672 3919 De
1723 3875 1852 3938 quo

1967 3165 2281 3247 judicium
2311 3183 2425 3248 pro
2457 3163 2632 3228 omni
2663 3172 2895 3241 errato,
2916 3164 3051 3227 sive
3078 3163 3316 3227 bonum
3349 3164 3453 3241 sit,
3494 3151 3556 3191 ¹⁴·

1969 3264 2104 3327 sive
2137 3263 2395 3325 malum.
2416 3262 2755 3345 Apostolus
2783 3280 3039 3344 quoque
3065 3262 3351 3341 :OmneS,
3372 3263 3460 3325 in·
3531 3282 3566 3325 ιι
3588 3282 3751 3337 com,

1966 3363 2129 3444 quit,
2151 3380 2269 3424 nos
2292 3360 2688 3424 manifestari
2716 3368 2965 3443 oportet
3000 3370 3146 3423 ante
3177 3361 3457 3425 tribunal
3491 3348 3555 3389 ¹⁰·

1967 3461 2221 3525 Christi.

2045 3559 2135 3622 Ex
2166 3558 2327 3635 istis,
2346 3558 2566 3621 beatus
2593 3557 2708 3621 Job
2737 3555 2959 3620 amicis
2990 3557 3121 3619 suis
3150 3559 3450 3636 ostendit,

1965 3659 2134 3741 quod
2174 3677 2303 3721 non
2332 3658 2713 3739 desperavit,
2750 3676 2867 3720 nec
2910 3656 3077 3719 circa
3123 3658 3457 3737 providen-

1965 3759 2117 3821 tiam
2151 3756 2260 3820 Dei
2288 3755 2524 3821 erravit
2557 3764 2625 3817 ut
2654 3755 2777 3837 ipsi
2812 3773 2825 3816 :
2861 3754 3006 3817 ideo
3042 3755 3321 3817 consulit
3359 3756 3451 3818 cis

1967 3855 2409 3939 poenitentiam
2440 3854 2802 3916 salutarem.

1395 4284 2046 4373 ARTICULUS
2127 4284 2396 4371 XLIV

1134 4558 1214 4603 nt:
1267 4559 1588 4605 nvs'rssnus
1646 4560 1911 4605 musnssu

1967 4558 2241 4605 currum
2298 4559 2417 4605 NON
2422 4558 2669 4605 mamm.

475 4835 583 4899 AN
593 4835 818 4899 CTUM
871 4834 990 4899 Job
1047 4832 1244 4899 fuisse
1301 4834 1847 4900 evidentissimam
1879 4837 1926 4898 D
1961 4857 2191 4908 meam,
2220 4846 2280 4899 et
2306 4839 2587 4899 atteritis
2614 4858 2713 4899 me
2740 4814 3136 4897 sermonibus
3156 4840 3187 4897 ?
3219 4835 3445 4899 Anima

491 4917 726 4999 Christi
777 4934 1075 5019 figuram,
1113 4934 1480 5016 frequenter
1518 4934 1848 4997 inductum

351 5044 470 5097 est.
505 5034 668 5097 Hinc
709 5054 990 5117 praesens
1027 5033 1377 5115 capitulum
1421 5051 1536 5115 pro
1576 5033 1848 5096 maxima

353 5133 452 5196 sui
493 5142 676 5215 parte
716 5134 796 5196 de
828 5133 1078 5196 Christo
1117 5140 1324 5213 potest
1365 5132 1596 5214 exponi
1633 5150 1646 5194 :
1679 5134 1848 5213 quod

355 5232 640 5295 breviter
695 5232 1087 5313 tangendum
1137 5230 1388 5311 opinor.
1439 5234 1850 5309 [respondens

353 5334 469 5393 Job
517 5334 698 5392 dixit
747 5350 771 5392 .·
829 5334 1158 5410 Usquequo
1211 5331 1506 5407 affliyicis
1555 5332 1850 5391 animam

1956 4933 2134 5015 justi,
2189 4936 2329 5018 ipsa
2377 4934 2655 4997 falsitate
2703 4932 3038 5014 affligitur,
3092 4932 3443 5015 praesertim

1957 5034 2110 5096 dum
2142 5034 2375 5115 impios
2396 5033 2566 5095 audit
2584 5032 2863 5113 aequitati
2892 5031 3205 5107 resistere,
3222 5041 3285 5095 et
3304 5050 3449 5095 con·

1959 5132 2268 5195 tradicere
2310 5131 2584 5195 veritati.
2615 5130 2731 5194 Job
2774 5148 2945 5209 ergo,
2979 5130 3091 5211 qui
3141 5129 3447 5213 interpre—

1959 5238 2127 5292 tatur
2165 5230 2409 5305 dolenS‚
2448 5230 2511 5292 id
2554 5238 2647 5291 est
2693 5228 2980 5291 Christus
3029 5238 3287 5310 propter
3330 5247 3445 5292 nos
3494 5286 3558 5329 P,
3595 5300 3717 5329 mm

1960 5347 2208 5411 passus,
2228 5328 2339 5411 qui
2368 5328 2461 5391 ait
2488 5328 2553 5389 in
2585 5327 2852 5405 Psalmo,
2871 5326 3002 5407 Ego
3032 5346 3173 5389 sum
3205 5346 3447 5411 pauper
3476 5320 3573 5393 aas
3720 5319 3733 5340 ’
