4309 6259
837 490 956 553 560

1657 506 2002 553 mannum
2045 506 2106 551 IN
2149 505 2287 551 GAP.
2334 504 2443 552 xlx
2482 506 2606 551 JOB.
2653 526 2733 536 —
2774 507 2917 553 ΛΒΤ.
2963 507 3099 553 xuv

549 706 800 757 nauhu„
831 677 1038 740 nobiS.
1074 678 1142 740 In
1181 678 1286 741 die
1323 696 1580 759 quoque
1620 676 1978 740 Palmarum
2017 676 2223 739 honor
2260 683 2322 739 et
2353 675 2406 739 A
2440 685 2641 740 totum
2677 695 2910 759 corpus
2950 696 3165 740 meum
3211 676 3446 740 ictibus
3484 684 3673 757 atque
3708 674 3927 739 vulne-

538 774 641 823 m.
827 776 1030 855 gloria
1069 776 1126 839 ei
1167 795 1204 838 a
1241 776 1479 859 populo
1521 774 2026 838 eminentissime
2073 774 2321 856 impen-

828 873 1161 935 debantur.
1189 874 1308 937 Sed
1341 874 1406 935 in
1437 874 1543 936 dic
1568 874 1940 937 Parasceves
1970 872 2150 934 Pater
2184 890 2322 954 spo-

829 971 1010 1036 liavit
1053 972 1428 1054 permissive
1467 972 1785 1035 Christum
1831 971 1948 1033 hac
1993 970 2217 1051 gloria,
2254 971 2319 1032 in

831 1078 1099 1147 tantum,
1121 1079 1190 1133 ut
1219 1071 1556 1135 universus
1587 1071 1862 1153 populus
1883 1090 2030 1134 eum
2061 1076 2322 1149 negaret

551 1182 799 1233 laid-xxva.
830 1188 902 1231 ac
923 1170 1194 1234 diceret:
1217 1170 1485 1251 Sanguis
1515 1170 1652 1250 ejus
1683 1189 1874 1252 super
1893 1189 2026 1244 noS,
2047 1176 2110 1232 et
2129 1187 2321 1249 super

537 1248 800 1361 &juo-mn,
831 1267 1006 1332 filios
1038 1278 1309 1332 nostros.
1343 1268 1700 1350 Petivitque
1746 1268 2058 1331 latronem
2105 1267 2319 1349 potius

541 1376 604 1416 ¹8-
830 1386 1024 1447 quam
1071 1368 1390 1430 Christum
1438 1367 1697 1429 dimitti.
1733 1370 1819 1429 Et
1856 1370 2122 1428 abstulit
2151 1386 2322 1426 coro-

831 1488 986 1527 nam
1023 1470 1102 1526 de
1139 1468 1347 1543 capite
1389 1487 1521 1527 meo
1553 1488 1575 1526 .·
1605 1466 1757 1547 quia
1799 1466 2097 1529 videlicet
2139 1466 2319 1527 Pater

828 1564 1006 1626 misit
1046 1564 1292 1626 -Filium
1341 1565 1404 1626 in
1456 1564 1729 1626 maxima
1785 1571 2177 1647 paupertate,
2233 1564 2321 1625 ita

830 1663 1000 1742 quod
1057 1662 1490 1745 temporaliter
1539 1681 1666 1725 non
1721 1662 2030 1743 regnavit,
2087 1680 2203 1725 nec
2252 1662 2319 1723 in

829 1760 1038 1841 primo
1079 1762 1354 1824 adventu
1393 1761 1706 1842 judicium
1742 1761 2180 1824 retributionis
2217 1780 2323 1823 ex-

2436 776 2612 838 ribus
2660 776 3186 858 pertransierunt.
3222 779 3611 839 obsederunt
3650 776 3719 834 in
3754 794 3922 851 yyro

2437 878 2949 946 tabernaculum,
2982 873 3045 936 id
3076 884 3174 937 est
3212 893 3443 956 corpus
3472 894 3709 933 meum.
3742 871 3921 933 Unde

2433 980 2495 1036 et
2524 974 2741 1036 Petrus
2774 974 2840 1036 in
2880 975 3153 1037 secunda
3188 992 3306 1035 sua
3337 971 3559 1035 scribit
3597 970 3869 1051 epistola
3899 987 3916 1031 :

2435 1072 2577 1136 Scio
2620 1073 2769 1154 quia
2812 1073 2996 1136 velox
3038 1080 3133 1135 est
3176 1071 3489 1154 depositio
3529 1068 3921 1133 tabernaculi
3994 1088 4229 1136 ulum...

2435 1171 2581 1233 mei.
2616 1171 2775 1235 Hinc
2803 1171 3091 1234 Christus
3120 1171 3209 1233 ait
3241 1170 3306 1231 in
3338 1169 3583 1232 Psalmo
3610 1186 3623 1230 :
3648 1168 3922 1231 Circum·
3950 1155 4138 1265 ἔξω,
4156 1219 4227 1258 Π.

2432 1270 2742 1333 dederunt
2780 1289 2882 1333 me
2916 1289 3104 1333 canes
3140 1268 3366 1348 multi3
3413 1268 3759 1332 concilium
3798 1286 3922 1329 ma-

2434 1366 2813 1448 lignantium
2858 1368 3107 1431 obsedit
3148 1386 3274 1430 me.
3302 1367 3379 1428 Et
3420 1367 3585 1430 sicut
3632 1365 3922 1429 fecerunt

2430 1466 2684 1548 corpori
2730 1465 2963 1529 Christi
3012 1484 3185 1542 ver0,
3242 1465 3328 1527 ita
3376 1474 3439 1527 et
3486 1464 3739 1546 corpori
3780 1463 3917 1544 ejus

2433 1563 2722 1647 mysti00‚
2769 1573 2925 1646 puta
2967 1564 3264 1627 Ecclesiae
3313 1562 3674 1645 primitivae.
3710 1562 3925 1625 Latro-

2433 1682 2545 1725 nes
2574 1682 2833 1744 quoque
2862 1671 3012 1725 sunt
3051 1661 3408 1725 invisibiles
3438 1661 3651 1725 hostes
3683 1661 3925 1723 anima·

2433 1779 2595 1837 rum,
2662 1759 3238 1823 fraudulentissimi
3295 1759 3686 1840 jugulatores
3742 1777 3756 1820 ε
3810 1759 3921 1840 qui

831 1859 1034 1921 ercuit
1068 1877 1080 1920 :
1115 1859 1338 1941 sicque
1383 1859 1648 1922 abstulit
1693 1860 1752 1922 ei
1794 1860 1973 1921 Pater
2021 1878 2315 1922 coronam
2356 1860 2403 1922 B
2430 1867 2649 1921 contra
2676 1860 2909 1922 Christi
2942 1859 3215 1921 famulos
3254 1859 3541 1935 veniunt,
3574 1857 3918 1921 Ecclesiam

828 1958 909 2019 ad
958 1966 1230 2039 tempuS,
1266 1977 1391 2038 qua
1428 1958 1658 2038 dignus
1698 1958 1936 2039 jugiter
1985 1958 2128 2020 fuit.
2166 1958 2318 2020 Nam

558 2070 796 2123 suanm-1,
828 2065 891 2118 et
927 2076 1126 2138 quum
1162 2056 1360 2120 Judaei
1399 2058 1652 2122 venturi
1694 2065 1873 2120 erant
1913 2066 1982 2119 ut
2025 2064 2321 2138 raperent

537 2137 602 2177 ¹⁵·
829 2174 997 2233 eum,
1017 2164 1080 2217 et
1111 2174 1320 2237 regem
1354 2156 1654 2233 facerent,
1681 2156 1858 2218 Patre
1889 2155 2143 2219 volente
2174 2174 2318 2219 mox

831 2253 996 2334 fugit
1027 2254 1092 2315 in
1126 2263 1430 2318 montem.

909 2356 1243 2414 Destruoeic
1275 2376 1371 2414 me
1401 2356 1713 2433 undique,
1750 2354 1813 2416 id
1858 2362 1974 2431 est,
2013 2362 2141 2416 toto
2183 2372 2319 2415 cot·-

829 2469 982 2533 pore
1011 2451 1384 2515 vulneribus
1416 2452 1677 2514 lacerari
1708 2451 2000 2533 permisit
2030 2476 2044 2525 ;
2086 2462 2145 2512 et
2170 2472 2319 2531 per-

826 2571 922 2620 eo,
953 2550 1018 2611 id
1049 2559 1166 2627 est,
1199 2550 1613 2631 corporaliter
1641 2549 1881 2613 morior
1915 2568 1929 2611 :
1964 2551 2315 2613 secundum

562 2658 797 2714 12.1.v11‚¹.
827 2648 985 2710 illud
1033 2648 1228 2724 Isaiae,
1269 2648 1485 2710 Justus
1535 2648 1722 2729 perit,
1768 2657 1828 2711 et
1882 2668 2008 2711 non
2057 2658 2153 2712 est
2204 2648 2316 2728 qui

828 2747 1152 2828 recogitet.
1185 2751 1270 2809 Et
1299 2749 1489 2827 quasi
1517 2752 1760 2809 avulsae
1797 2750 2016 2807 arbori
2051 2748 2318 2809 abstulit

824 2866 998 2923 spem
1047 2867 1276 2907 meam.
1330 2846 1444 2907 Pro
1490 2845 1848 2908 Judaeorum
1898 2845 2316 2910 conversione

824 2944 1110 3007 Christus
1159 2943 1602 3025 multipliciter
1650 2942 1983 3021 laboravit,
2031 2953 2093 3006 et
2136 2962 2315 3025 spem

2431 1958 2763 2032 obsident3
2798 1966 2987 2039 atque
3038 1958 3104 2019 in
3152 1958 3449 2021 cordibus
3498 1955 3919 2039 plurimorum

2430 2076 2589 2139 quos
2621 2065 2887 2133 tentant,
2911 2057 3265 2139 praesertim
3296 2075 3455 2137 quos
3486 2056 3775 2131 vincunt,
3794 2054 3917 2117 sibi

2431 2154 2729 2217 efficiunt
2761 2156 2952 2233 viam,
2987 2155 3140 2236 quia
3178 2154 3243 2217 in
3282 2154 3603 2217 mentibus
3639 2173 3921 2217 succum·

2429 2254 2718 2317 bentium
2762 2255 2948 2337 quasi
2983 2255 3182 2317 libere
3224 2254 3575 2331 ambulant,
3611 2255 3765 2317 dum
3809 2271 3916 2316 eos

2431 2354 2509 2415 de
2537 2354 2693 2417 vitio
2722 2355 2801 2416 ad
2832 2354 3058 2419 vitium
3092 2355 3356 2417 ducunt.

2508 2456 2769 2513 Fratres
2800 2473 2963 2513 meos
2997 2458 3177 2530 lonye
3202 2454 3358 2531 fecit
3386 2474 3425 2512 α
3456 2473 3574 2513 me.
3601 2452 3906 2533 Tempore

2428 2550 2601 2613 enim
2634 2551 2947 2632 passionis
2980 2550 3280 2631 fugerunt
3307 2570 3344 2612 a
3370 2550 3621 2613 Christo
3649 2550 3905 2631 Aposto-
3997 2575 4173 2618 uasta.

2429 2647 2497 2709 li.
2532 2650 2618 2712 De
2658 2649 2891 2730 quibus
2932 2657 3075 2731 post
3112 2648 3471 2730 passionem
3506 2648 3666 2710 dixit
3706 2638 3909 2712 Mariae
3942 2651 4059 2686 *Μ’
4082 2642 4155 2679 ⁵⁶·

2428 2747 2802 2831 Magdalenae
2823 2747 3046 2824 :Vade‚
3068 2748 3169 2809 dic
3200 2745 3504 2809 fratribus
3532 2747 3804 2810 meis.Et
3831 2749 3909 2810 ad
3963 2772 4217 2821 somam,

2426 2846 2669 2909 Patrem
2714 2846 2781 2908 in
2815 2846 3066 2908 Psalmo
3094 2864 3108 2907 z
3141 2845 3417 2909 Narrabo
3455 2864 3689 2909 nomen
3734 2855 3911 2908 tuum
3943 2837 4011 2878 ¹⁷·

3942 2899 4022 2941 1²⁸.
4038 2912 4129 2946 xxx,
4146 2901 4217 2939 2³.

2432 2943 2731 3007 fratribus
2770 2944 2951 3007 meis·
2984 2947 3071 3005 Ec
3116 2946 3256 3005 noti
3302 2945 3429 3003 mei
3473 2947 3663 3023 quasi
3708 2947 3913 3005 alieni

825 3044 1166 3124 quamdam
1217 3061 1329 3105 seu
1379 3043 1916 3125 exspectationem
1965 3044 2044 3105 de
2092 3062 2314 3107 eorum
2352 3049 2395 3113 C
2429 3032 2815 3104 recesserant
2842 3066 2883 3103 a
2922 3064 3045 3113 me,
3073 3041 3266 3105 ceteri
3306 3040 3550 3105 scilicet
3585 3041 3909 3125 discipuli.

824 3141 1240 3205 conversione
1281 3150 1430 3205 tunc
1467 3143 1690 3204 habuit
1733 3160 1747 3204 z
1794 3162 1957 3224 quae,
2001 3150 2311 3223 quantum

824 3241 899 3302 ad
924 3241 1228 3321 majorem
1257 3240 1480 3322 populi
1510 3240 1683 3302 illius
1707 3250 1966 3322 partem,
1986 3240 2199 3303 ablata
2219 3249 2316 3303 est

824 3338 904 3413 ei,
942 3339 1194 3419 quando
1225 3339 1500 3421 populus
1530 3338 1639 3401 ille
1669 3339 1734 3400 in
1766 3338 2040 3421 perfidia
2068 3358 2184 3401 sua
2212 3339 2317 3402 ob-

825 3436 1096 3499 stinatus
1124 3436 1398 3500 effectus
1419 3444 1535 3499 est.
1556 3437 1714 3500 Hinc
1744 3438 1810 3500 in
1841 3438 2000 3499 lsaia
2029 3438 2313 3519 loquitur

559 3548 793 3599 tamma
823 3533 1108 3596 Christus
1145 3552 1159 3595 :
1202 3534 1330 3615 Ego
1371 3535 1500 3597 dixi
1540 3552 1553 3596 :
1593 3535 1662 3597 ln
1694 3555 1964 3599 vacuum
1998 3535 2305 3612 laboravi,

823 3633 962 3695 sine
1017 3652 1208 3696 causa
1252 3642 1316 3695 et
1366 3652 1528 3696 vane
1573 3633 1940 3715 consumpsi
1992 3632 2313 3696 fortitudi-

823 3751 968 3795 nem
1017 3750 1246 3794 meam.
1299 3736 1520 3794 Iratus
1565 3743 1655 3793 est
1700 3743 1924 3793 contra
1973 3754 2071 3793 me
2118 3736 2313 3812 furor

819 3833 987 3907 esus,
1014 3842 1074 3891 ec
1101 3832 1194 3890 sic
1225 3852 1326 3891 me
1353 3833 1580 3891 habuit
1609 3833 1800 3911 quasi
1831 3834 2066 3891 Ito-stem
2093 3852 2311 3895 suum.

821 3928 952 3991 Hoc
978 3928 1284 4011 competit
1309 3929 1558 3991 Christo
1591 3930 1936 3991 secundum
1970 3928 2315 4011 expositio-

827 4046 972 4089 nem
1027 4027 1440 4109 praecedentis
1489 4026 1766 4090 articuli.
1819 4027 1957 4108 lpse
2013 4026 2313 4108 equidem

538 4142 796 4190 nuum.
826 4125 1062 4188 fatetur
1091 4126 1158 4188 in
1189 4126 1435 4189 Psalmo
1471 4143 1484 4187 :
1522 4125 1723 4207 Super
1753 4143 1852 4188 me
1892 4124 2313 4188 confirmatus

555 4341 780 4393 1s.·.m‚4.
822 4321 972 4382 xisti
1018 4339 1208 4403 super
1257 4340 1379 4383 me.
1413 4321 1589 4383 Unde
1636 4321 1828 4383 lsaias
1878 4320 2102 4383 scribit
2138 4338 2151 4382 :
2189 4322 2311 4384 Nos

822 4419 1186 4502 putavimus
1217 4438 1362 4482 eum
1393 4420 1576 4500 quasi
1609 4420 1930 4503 leprosum
1963 4429 2026 4483 et
2057 4438 2313 4502 percus-

823 4538 964 4580 sum
1000 4538 1039 4580 a
1077 4518 1222 4582 Deo.
1258 4518 1544 4580 Christus
1593 4527 1807 4581 autem
1852 4518 1918 4581 in
1969 4518 2312 4600 Scripturis

821 4616 1164 4698 aliquando
1195 4616 1439 4700 aliquid
1469 4617 1772 4698 loquitur,
1799 4635 1928 4681 non
1961 4620 2312 4681 secundum

820 4718 993 4797 quod
1027 4716 1170 4793 fuit,
1205 4718 1314 4780 sed
1348 4717 1512 4779 sicut
1540 4716 1854 4799 apparuit,
1884 4725 1951 4779 ut
1981 4727 2077 4779 est
2106 4718 2266 4780 illud
2294 4736 2307 4779 :

555 4834 789 4885 pamm,
820 4815 1208 4897 Congregata
1233 4825 1380 4880 sunt
1411 4835 1602 4898 super
1626 4834 1729 4877 me
1752 4814 2030 4895 flagella,
2051 4825 2113 4879 et
2144 4817 2315 4897 igno-

528 4899 594 4939 ¹⁵·
823 4914 980 4977 ravi.

901 5016 1122 5075 Simul
1161 5024 1472 5075 venerunt
1517 5019 1795 5076 latrones
1840 5015 2002 5092 ejus,
2039 5016 2124 5077 De
2173 5014 2313 5095 qui-

525 5129 791 5181 Joammm,
820 5110 940 5173 bus
981 5112 1252 5175 Ioannes
1295 5113 1384 5175 ait
1417 5130 1430 5174 ε
1465 5112 1724 5189 CohorS,
1771 5120 1834 5175 et
1884 5112 2200 5189 tribuum,
2251 5121 2313 5175 et

529 5194 594 5235 ¹²·
819 5210 1098 5274 ministri
1142 5212 1498 5275 Judaeorum
1548 5212 2167 5294 comprehenderunt
2217 5211 2313 5275 Je-

820 5328 984 5373 sum.
1007 5312 1094 5371 Et
1123 5311 1413 5385 fecerunt
1441 5312 1567 5370 sibi
1597 5312 1774 5371 viam
1797 5330 1920 5389 per
1949 5330 2067 5383 me,
2091 5309 2155 5372 id
2186 5317 2303 5389 est,

2427 3145 2760 3222 Inquilini
2787 3146 3013 3203 domus
3042 3162 3195 3203 meae
3226 3162 3248 3201 :
3279 3160 3392 3222 per
3430 3158 3590 3221 quos
3623 3151 3793 3205 recte
3824 3142 3917 3203 in-

2428 3240 2803 3321 telliguntur
2848 3240 3108 3322 quidam
3156 3260 3233 3303 ex
3274 3239 3617 3320 gentilibus
3666 3241 3917 3304 Christo

2426 3341 2777 3416 credenteS,
2826 3339 3048 3420 sicque
3088 3340 3166 3401 ad
3203 3339 3340 3420 ejus
3382 3340 3663 3415 domum,
3715 3339 3779 3402 id
3822 3350 3917 3403 est

2425 3439 2977 3519 congregationem
3016 3445 3079 3501 et
3109 3438 3440 3514 familiam,
3475 3438 3772 3519 pertinen
3784 3448 3871 3501 tes
3896 3462 3911 3511 3

2426 3548 2487 3599 et
2524 3541 2783 3600 ancillae
2826 3558 2978 3599 meoe
3020 3540 3187 3597 sicut
3229 3539 3519 3598 alienum
3551 3538 3915 3598 habuerunt

2426 3659 2546 3709 me,
2580 3646 2862 3719 tempore
2904 3636 3241 3719 passioniS‚
3284 3636 3539 3717 quando
3586 3643 3651 3698 et
3698 3638 3915 3699 multae

2426 3734 2831 3811 feminarum,
2864 3753 3009 3815 quae
3046 3732 3387 3815 aliquando
3416 3732 3667 3795 Christo
3706 3733 3917 3796 credi-

2424 3834 2670 3908 derant,
2720 3832 3231 3913 suggestionibus
3291 3831 3573 3895 virorum
3634 3832 3717 3894 ab
3778 3832 3914 3914 ipso

2424 3949 2659 3994 aversae
2689 3930 2889 3993 fuisse
2926 3930 3271 3993 creduntur
3306 3947 3319 3991 ε
3354 3930 3651 4010 quamvis
3690 3948 3911 3992 omnes

2425 4029 2725 4093 mulieres
2766 4028 3043 4092 Hebraeae
3086 4027 3317 4090 Christi
3367 4027 3618 4091 ancillae
3666 4028 3913 4109 possint

2426 4127 2721 4207 intelligi,
2747 4127 2811 4189 in
2841 4134 3151 4208 quantum
3180 4126 3371 4187 unius
3401 4124 3535 4189 veri
3565 4126 3673 4189 Dei
3704 4126 3915 4190 cultri·

825 4232 922 4287 est
953 4222 1130 4286 furor
1161 4232 1327 4300 tuuS‚
1346 4232 1407 4286 et
1435 4241 1656 4286 omnes
1689 4220 1926 4285 fluctus
1958 4230 2100 4285 tuos
2130 4223 2314 4286 indu-
2341 4232 2390 4295 D
2424 4245 2527 4289 ces
2557 4234 2759 4303 erant,
2793 4225 2891 4289 vel
2924 4244 3063 4288 esse
3094 4244 3161 4287 se
3190 4223 3628 4287 affirmabant.
3651 4228 3736 4287 Ec
3756 4246 3913 4305 qua-

2422 4328 2482 4385 si
2501 4326 2887 4403 pereyrinus
2913 4326 3026 4403 fui
3054 4324 3121 4383 in
3156 4326 3359 4384 oculis
3387 4344 3607 4384 eorum
3640 4342 3769 4387 non
3808 4343 3913 4387 cu-

2425 4424 2703 4486 rantium
2735 4442 2851 4486 nec
2880 4422 3341 4485 attendentium
3374 4440 3498 4485 me.

2504 4526 2780 4584 Servum
2816 4542 3031 4583 meum
3062 4523 3310 4590 vocavi,
3340 4519 3403 4581 id
3448 4529 3565 4597 est,
3601 4520 3909 4602 populum

2422 4621 2804 4697 ludaeorum,
2838 4619 3053 4682 servili
3094 4619 3321 4681 timore
3351 4618 3561 4700 potius
3593 4638 3788 4699 quam
3834 4618 3913 4679 fi-

2427 4719 2561 4781 liali
2591 4737 2804 4781 amore
2835 4719 2960 4781 Deo
2997 4717 3476 4799 obsequentem,
3510 4718 3588 4779 ad
3624 4716 3819 4780 fidem
3850 4725 3913 4780 et

2424 4817 2691 4898 gratiam
2724 4816 2991 4879 invitavi
3030 4824 3095 4879 et
3130 4816 3361 4889 docui3
3395 4827 3455 4877 et
3493 4836 3621 4877 non
3666 4836 3912 4893 respon-

2423 4920 2546 4989 dic,
2597 4936 2711 4998 per
2756 4914 3183 4979 obedientiam
3219 4932 3233 4976 :
3276 4914 3428 4995 quia
3475 4914 3911 4996 comparative

2424 5015 2606 5097 pauci
2640 5015 3068 5089 crediderunt.
3101 5014 3277 5077 Unde
3304 5013 3643 5096 Apostolus
3674 5012 3909 5092 allegat
4305 5088 4306 5097 ἵ

2425 5114 2667 5191 lsaiam‚
2694 5114 2761 5176 in
2788 5112 3021 5176 Christi
3053 5131 3323 5195 persona
3350 5112 3665 5175 dicentem
3704 5129 3719 5173 :
3756 5110 3908 5173 Tota
3950 5136 4203 5189 120...‚‚21;
4305 5108 4306 5139 ³

2423 5213 2526 5276 die
2554 5212 2827 5295 expandi
2858 5231 3083 5274 manus
3111 5230 3283 5275 meas
3313 5212 3391 5273 ad
3431 5209 3741 5292 populum
3777 5228 3905 5272 non
3936 5198 4169 5251 “¹³⁸²-

2421 5312 2783 5374 credentem
2812 5319 2875 5375 et
2903 5310 3463 5375 contradicentem.
3500 5314 3620 5372 Ore
3640 5311 3905 5387 proprio
