4309 6259
1188 494 1539 541 alumno
1580 495 1641 540 IN
1684 495 1819 541 cAP.
1867 494 1975 541 xxl
2015 495 2139 541 1013.
2185 516 2266 525 —
2305 497 2447 542 ΛΒΤ.
2494 496 2658 543 van

3345 479 3462 542 577

360 669 707 741 potestate,
741 672 805 727 et
833 664 1213 727 morientem
1244 683 1373 728 non
1404 665 1723 741 deserunt,
1753 684 1869 728 nec
1900 665 1950 727 A
1980 663 2043 726 id
2092 673 2208 741 est,
2259 664 2539 747 impulsu
2585 665 2788 729 divini
2833 665 3061 748 judicii
3107 674 3171 729 et
3219 666 3464 747 impetu

360 778 483 840 per
543 761 919 824 violentiam
973 771 1219 844 queunt
1277 762 1539 825 auferri.
1592 763 1749 825 Hinc
1798 763 1862 825 in

76 869 328 919 sectans.
360 856 754 922 Ecclesiaste
796 859 1067 921 habetur
1113 878 1126 921 :
1170 860 1281 923 vir
1332 861 1433 923 cui
1485 862 1659 923 dedit
1702 862 1865 924 Deus

358 954 653 1033 divitias,
707 964 771 1019 ct
820 958 1266 1033 substantiam,
1314 967 1377 1021 et
1424 959 1753 1035 honorem,
1804 967 1866 1021 et

357 1052 532 1115 nihil
570 1055 751 1118 deest
799 1056 1028 1119 animae
1075 1056 1213 1138 ejus
1258 1076 1333 1118 ex
1377 1055 1673 1119 omnibus
1723 1077 1864 1138 quae

356 1153 725 1229 desiderat;
761 1174 876 1218 nec
918 1155 1145 1218 tribuit
1184 1156 1242 1217 ei
1284 1164 1661 1237 potestatem
1702 1156 1863 1218 Deus

354 1258 430 1312 ut
462 1253 760 1315 comedat
789 1273 866 1316 ex
894 1273 992 1331 e0,
1026 1255 1137 1317 sed
1166 1254 1355 1317 homo
1393 1263 1728 1317 extraneus
1759 1272 1864 1317 vo-

356 1349 533 1413 rabit
562 1349 747 1414 illud.
781 1352 1019 1433 ltaque,
1054 1353 1359 1435 quoniam
1404 1352 1571 1416 bona
1608 1352 1729 1415 ista
1765 1372 1863 1415 ca-

354 1449 527 1511 duca
566 1450 871 1527 carnalia,
909 1469 1037 1513 non
1078 1460 1227 1513 sunt
1268 1450 1334 1513 in
1375 1460 1687 1533 potestate
1724 1471 1863 1533 pra-

352 1565 613 1625 vorum,
636 1552 987 1610 consilium
1014 1570 1260 1620 eorum,
1285 1568 1413 1630 quo
1446 1550 1859 1632 temporalem

352 1646 866 1728 prosperitatem,
886 1648 1202 1710 carnalem
1234 1648 1734 1724 delectationem,
1752 1648 1862 1711 hu-

352 1764 621 1806 manum
655 1745 962 1808 honorem
993 1746 1118 1809 Deo
1148 1754 1544 1829 praeponunt,
1572 1746 1859 1809 finaliter

1978 782 2241 826 summae
2273 764 2556 844 justitiae‚
2582 764 2910 827 celerrime
2937 773 3126 846 atque
3160 763 3466 827 facillime

1976 859 2042 921 in
2088 862 2584 939 damnationem,
2633 872 2901 925 mortem
2953 882 3066 925 seu
3110 862 3464 944 quamlibet

1975 960 2422 1023 adversitatem
2465 980 2502 1021 a
2549 980 2664 1022 sua
2700 961 3120 1042 prosperitate
3159 960 3463 1042 dejicien-

1974 1064 2098 1134 tur,
2146 1058 2328 1139 juxta
2369 1058 2527 1120 illud
2577 1058 2644 1120 in
2687 1059 2932 1122 Psalmo
2975 1078 2989 1121 ε
3041 1059 3205 1121 Deus
3254 1078 3455 1137 meuS,
3511 1086 3750 1138 pamm..

1972 1174 2139 1237 pone
2169 1156 2312 1219 illos
2345 1164 2414 1217 ut
2443 1164 2666 1234 rotam,
2693 1166 2756 1219 et
2786 1158 2951 1220 sicut
2981 1157 3283 1239 stipulam
3314 1165 3460 1219 ante
3490 1152 3554 1199 ¹⁴·
3579 1152 3644 1195 ¹⁵·

1975 1252 2202 1317 faciem
2261 1254 2477 1329 venti3
2533 1254 2698 1317 sicut
2752 1255 2919 1336 ignis
2974 1256 3086 1336 qui
3141 1253 3462 1318 comburit

1972 1352 2223 1429 silvam,
2265 1361 2328 1415 et
2367 1352 2530 1415 sicut
2571 1351 2832 1415 flamma
2870 1354 3250 1417 comburens
3289 1372 3462 1417 mon-

1972 1459 2087 1513 teS.
2113 1456 2194 1513 Ec
2222 1454 2390 1513 sicut
2416 1452 2654 1529 favilla
2687 1473 2882 1533 quam
2916 1454 3097 1513 curbo
3117 1454 3458 1529 disperqic,

1970 1550 2035 1612 id
2065 1559 2182 1627 est,
2219 1552 2626 1633 impotenteS‚
2660 1552 2832 1615 leves
2870 1559 2932 1613 et
2969 1549 3231 1613 arefacti
3271 1560 3458 1613 erunt

1968 1668 2180 1712 coram
2235 1650 2361 1713 Deo
2411 1668 2520 1711 eos
2569 1650 2929 1730 dejiciente.
2980 1649 3218 1723 Quibus
3266 1650 3455 1712 Isaias

1969 1748 2258 1829 praedicit
2301 1765 2315 1809 ε
2358 1748 2494 1809 Erit
2533 1746 2838 1811 fortitudo
2876 1756 3084 1811 vestra
3127 1757 3198 1810 ut
3237 1747 3459 1810 favilla
3511 1761 3572 1804 1³.
3592 1776 3620 1812 ι,
3640 1764 3706 1805 ³¹.

352 1851 677 1923 quaerunt,
728 1844 1057 1925 potissime
1100 1853 1336 1923 amant,
1383 1854 1446 1908 et
1494 1846 1637 1908 aliis
1685 1864 1857 1926 quae-
1892 1846 1939 1910 B
1968 1855 2238 1929 stuppae,
2283 1855 2346 1909 et
2386 1865 2547 1929 opus
2587 1855 2867 1909 vestrum
2910 1847 3092 1929 quasi
3133 1845 3449 1923 scintillae,

349 1942 556 2004 renda
604 1944 1005 2024 amandaque
1053 1944 1417 2021 consulunt,
1468 1948 1649 2022 lonye
1688 1947 1773 2005 sic
1814 1966 1853 2005 a

349 2062 478 2112 me,
506 2059 624 2122 per
660 2040 1159 2124 displicentiam,
1205 2041 1355 2124 quia
1396 2043 1737 2105 consilium
1779 2044 1855 2105 il-

350 2138 466 2201 lud
514 2139 813 2219 iniquum
858 2149 921 2204 et
967 2140 1161 2203 fallax
1208 2150 1325 2217 est,
1375 2142 1628 2223 ipsique
1672 2142 1853 2225 impii

348 2237 543 2301 bonis
577 2238 711 2301 suis
743 2238 871 2302 cito
908 2240 1163 2322 privati,
1199 2240 1608 2323 experientur
1646 2261 1713 2304 se
1750 2243 1856 2304 de-

348 2346 597 2420 ceptOS,
651 2357 851 2419 quum
911 2338 979 2400 in
1037 2336 1362 2401 infernum
1422 2341 1739 2403 senserint
1788 2360 1855 2403 se

351 2438 701 2520 projectos.
755 2437 972 2519 Itaque
1030 2446 1095 2500 et
1152 2456 1267 2500 nos
1326 2439 1450 2500 tale
1500 2440 1851 2502 carnalium

352 2536 721 2612 hominum,
758 2535 891 2598 sola
921 2554 1065 2617 quae
1095 2537 1319 2598 mundi
1351 2546 1414 2599 et
1442 2537 1652 2600 carnis
1682 2547 1851 2615 sunt,

354 2635 772 2717 sapientium,
816 2634 1072 2717 penitus
1120 2643 1603 2699 contemnamus
1652 2638 1859 2700 consi-

354 2733 540 2809 lium,
584 2733 891 2815 quoniam
940 2734 1249 2816 scriptum
1301 2741 1396 2797 est
1439 2752 1452 2796 :
1497 2736 1719 2797 Beatus
1758 2736 1857 2798 vir

352 2832 468 2915 qui
518 2851 649 2896 non
698 2831 858 2894 abiit
908 2831 975 2894 in
1024 2832 1293 2895 consilio
1341 2833 1707 2915 impiorum.
1751 2835 1855 2898 Po-

356 2932 617 3013 tiusque
667 2950 1016 3012 sequamur
1068 2932 1614 3013 sapientissimum
1668 2941 1855 3014 atque

114 2748 231 2797 Pan,
256 2752 295 2791 1.

1963 1953 2028 2008 et
2065 1946 2485 2008 succendetur
2522 1954 2865 2025 utrumque
2904 1945 3118 2006 simul.
3153 1944 3310 2007 Hinc
3348 1946 3454 2007 de-

1964 2064 2141 2106 mum
2191 2063 2302 2127 per
2350 2044 2682 2106 Jeremiam
2734 2044 2968 2107 dicitur
3009 2062 3023 2105 :
3067 2044 3226 2106 Ecce
3265 2043 3453 2105 turbo
3513 2058 3744 2109 lenum.

1962 2142 2298 2206 dominicae
2328 2140 2785 2222 indignationis
2817 2142 3187 2221 egredietur,
3209 2149 3272 2204 et
3304 2150 3456 2203 tem·
3485 2124 3550 2171 ¹⁹·
3571 2123 3640 2165 ²⁰·

1964 2250 2174 2323 pestas
2232 2260 2572 2322 crumpens
2630 2259 2822 2323 super
2866 2248 3059 2323 caput
3107 2240 3454 2322 impiorum

1963 2340 2194 2405 veniet.
2216 2340 2350 2402 Non
2383 2348 2734 2403 revertetur
2764 2338 2942 2402 furor
2970 2339 3221 2402 Domini
3251 2358 3456 2420 usque

1964 2440 2115 2501 dum
2150 2437 2364 2514 faciat,
2398 2447 2462 2500 et
2498 2457 2701 2519 usque
2737 2440 2888 2500 dum
2929 2438 3248 2520 compleat
3287 2437 3458 2518 cogi-

1968 2538 2238 2599 tationes
2279 2537 2488 2599 cordis
2532 2537 2654 2598 sui.
2696 2537 2998 2600 Praeterea
3039 2537 3222 2618 impii
3262 2536 3454 2599 etiam

1967 2635 2498 2717 prosperitatibus
2531 2634 2700 2711 fulti,
2735 2635 2934 2717 paleis
2965 2644 3028 2697 ct
3061 2634 3296 2697 favillis
3337 2635 3456 2697 rite

1964 2733 2402 2796 assimilantur
2435 2752 2449 2795 ε
2485 2734 2636 2814 quia
2661 2733 2990 2797 instabiles
3022 2734 3256 2810 animo,
3282 2734 3456 2797 leves

1966 2833 2175 2909 corde,
2198 2831 2312 2914 qui
2343 2832 2518 2895 omni
2551 2831 2918 2895 tentationis
2947 2832 3250 2913 impulsu,
3275 2832 3454 2894 omni

1968 2929 2128 2993 flatu
2161 2930 2401 2995 favoris
2431 2930 2720 3007 humani,
2745 2930 2918 2993 omni
2949 2930 3190 3011 impetu
3223 2930 3459 3011 passio-

353 3029 727 3095 salvificum
760 3029 1102 3095 Salvatoris
1134 3031 1495 3108 consilium,
1529 3032 1856 3095 exhor-tan·
1890 3030 1935 3094 C
1965 3050 2119 3092 num
2150 3048 2296 3092 mox
2327 3036 2818 3111 prosternuntur
2854 3038 3046 3110 atque
3083 3028 3452 3092 vincuntur.

356 3129 439 3191 tis
482 3129 564 3191 ad
608 3128 898 3191 omnium
951 3136 1345 3191 terrenorum
1390 3138 1848 3213 contemptum,

352 3229 433 3290 ad
460 3227 873 3310 purissimam
904 3212 1233 3289 mentis‘in
1267 3229 1391 3291 Deo
1422 3226 1747 3305 fiduciam,
1775 3232 1853 3292 ad

354 3325 776 3409 perfectionis
807 3325 1409 3408 apprehensionem.

436 3424 751 3507 Deinceps
789 3424 1090 3502 ostendit,
1128 3426 1299 3506 quod
1341 3425 1557 3507 impiis
1597 3446 1854 3509 quoque

356 3524 731 3606 frequenter
764 3532 1104 3587 occurrant
1148 3525 1433 3587 adversa.
1473 3529 1725 3595 Quoties
1757 3532 1855 3587 Zu—

352 3644 551 3683 cerna
601 3625 985 3701 impiorum,
1038 3622 1101 3684 id
1162 3631 1258 3685 est
1315 3624 1728 3705 prosperitaS,
1792 3633 1855 3687 et

352 3740 549 3785 omne
610 3722 785 3802 quod
842 3721 1043 3783 instar
1102 3721 1513 3786 illuminativi
1568 3722 1856 3786 laetificat

354 3840 487 3896 eoS,
522 3822 1021 3897 exstinguetur?
1050 3820 1233 3901 quasi
1275 3820 1443 3882 dicat
1476 3838 1489 3882 ε
1526 3822 1702 3904 Saepe
1733 3822 1853 3885 hoc

354 3917 615 3995 accidit,
651 3926 723 3981 ut
754 3937 953 3999 quum
985 3919 1165 4000 prole
1205 3927 1314 3981 aut
1352 3920 1682 3996 contorali‚
1720 3920 1857 4002 opi-

356 4017 501 4095 buS‚
544 4015 897 4079 honoribus
948 4024 1059 4077 aut
1098 4017 1345 4079 deliciis
1396 4018 1849 4081 destituuntur.

357 4119 444 4177 Ει
472 4106 884 4193 superveniet
912 4116 1003 4174 eis
1034 4116 1406 4185 inundatio,
1440 4116 1503 4178 id
1544 4124 1639 4179 est
1669 4134 1857 4197 gran-

1964 3130 2201 3192 ldcirco
2251 3129 2329 3191 de
2388 3128 2480 3191 eis
2531 3128 2598 3190 in
2656 3129 2866 3211 primo
2913 3129 3161 3211 psalmo
3210 3128 3456 3191 induci-

1965 3237 2067 3290 tur
2101 3245 2115 3289 :
2149 3226 2332 3309 Impii
2369 3235 2672 3308 tanquam
2711 3227 2924 3309 pulvis
2963 3246 3154 3308 quem
3196 3227 3456 3309 projicit
3508 3243 3588 3287 Ps.
3609 3258 3638 3293 ι,
3656 3244 3698 3287 ι.

1964 3334 2192 3390 ventus
2231 3346 2268 3387 a
2308 3324 2470 3388 facie
2515 3334 2720 3389 terrae.
2762 3326 3036 3406 Agamus
3084 3344 3234 3406 ergo
3282 3326 3454 3407 quod

1963 3424 2444 3489 Ecclesiasticus
2491 3425 2675 3489 docet
2721 3442 2735 3486 :
2781 3424 2916 3487 Non
2963 3424 3234 3489 ventiles
3283 3433 3342 3487 te
3385 3424 3452 3486 in
3482 3444 3767 3496 secessui.-

1963 3542 2216 3587 omnem
2265 3532 2550 3588 ventum.
2592 3523 2741 3585 Esto
2793 3522 3020 3585 firmus
3068 3523 3134 3585 in
3185 3522 3290 3586 via
3340 3524 3456 3585 Do—
3485 3508 3550 3550 ¹²·

1964 3622 2147 3700 mini,
2183 3630 2245 3685 et
2275 3622 2342 3684 in
2371 3622 2636 3686 veritate
2667 3641 2890 3684 sensus
2919 3622 3036 3683 tui.

2052 3726 2227 3784 Deus
2269 3723 2548 3782 servabit
2582 3724 2747 3799 filiis
2790 3722 2974 3781 illius
3015 3724 3298 3783 dolorem
3347 3742 3458 3798 pa—

1966 3824 2103 3883 tris,
2142 3821 2300 3883 Dum
2341 3819 2465 3881 filii
2503 3827 2780 3901 paternae
2824 3818 3066 3881 fuerint
3105 3818 3457 3881 imitatores

1965 3919 2245 3997 malitiae,
2281 3938 2472 4003 poena
2499 3918 2714 3981 debita
2741 3918 2929 4000 patri,
2953 3918 3044 3980 eis
3076 3933 3334 4000 quoque
3366 3916 3459 3979 in-

1964 4018 2234 4099 fligitur.
2287 4018 2604 4081 Interdum
2652 4016 2846 4079 etiam
2901 4014 3025 4077 filii
3079 4016 3457 4079 innocentes

1964 4126 2214 4199 patrum
2245 4118 2430 4179 luunt
2457 4125 2737 4199 peccata,
2773 4122 3083 4197 quantum
3125 4115 3202 4177 ad
3239 4114 3460 4196 aliqua

356 4213 459 4275 dis
488 4212 895 4276 adversitatis
924 4212 1106 4294 copia
1138 4232 1250 4275 seu
1278 4221 1644 4295 tempestaS,
1672 4215 1855 4296 juxta
1887 4220 1938 4281 D
1963 4216 2318 4299 corporalia
2357 4225 2758 4291 nocumenta,
2802 4214 3020 4277 laesiva
3056 4232 3168 4276 seu
3215 4213 3453 4287 tristia3

120 4323 325 4377 mmm.
360 4312 523 4373 illud
574 4311 749 4374 lsaiae
802 4329 817 4373 z
868 4311 1216 4391 Flagellum
1278 4312 1594 4375 inundans
1656 4333 1854 4394 quum

86 4390 141 4429 ¹⁸·
356 4409 709 4487 transierit,
746 4409 925 4473 eritis
970 4410 1029 4473 ei
1070 4410 1135 4471 in
1174 4410 1741 4475 conculcationem.
1787 4413 1854 4475 ln

101 4521 245 4566 ram.
265 4538 325 4575 ιιι,
356 4509 631 4573 Threnis
650 4526 908 4590 quoque
930 4526 943 4569 ε
970 4508 1441 4571 Inundaverunt
1462 4528 1643 4591 aquae
1664 4531 1857 4593 super

83 4586 143 4626 ⁵⁴·
356 4616 551 4691 caput
576 4625 818 4669 meum.
854 4606 994 4668 Dixi
1027 4625 1042 4669 :
1078 4606 1262 4670 Perii.
1299 4610 1383 4670 Et
1413 4611 1655 4669 dolores
1684 4613 1857 4671 divi-

355 4711 461 4768 det
490 4708 748 4787 furoris
775 4708 883 4767 sui
903 4728 925 4766 .·
952 4706 1015 4768 id
1047 4715 1163 4784 est,
1183 4707 1346 4769 Deus
1378 4707 1593 4789 impiis
1624 4711 1854 4792 partim

358 4806 425 4867 in
468 4804 705 4868 saeculo
752 4804 897 4881 isto,
946 4805 1177 4887 partim
1220 4805 1288 4867 in
1333 4804 1569 4883 futuro,
1613 4806 1857 4888 infligit

355 4902 611 4966 dolores
656 4921 769 4965 seu
813 4902 1205 4966 afflictiones
1250 4924 1287 4966 a
1329 4904 1537 4984 rigore
1583 4924 1712 4968 suae
1750 4907 1855 4987 ju-

356 5000 549 5064 stitiae
586 5002 1026 5083 procedenteS‚
1059 5002 1211 5064 dum
1257 5020 1450 5085 poena
1488 5021 1709 5065 eorum
1750 5005 1855 5068 hic

84 5117 329 5171 ammo.
360 5100 725 5178 inchoatur,
758 5108 823 5163 ct
850 5099 941 5163 ibi
972 5109 1406 5182 perpetuatur.
1440 5102 1631 5164 Multa
1664 5103 1857 5184 siqui-

359 5200 503 5262 dem
536 5198 802 5280 flagella
828 5200 1202 5281 peccatoris».

436 5300 660 5360 Erunt
699 5299 869 5359 sicut
898 5302 1109 5376 paleoe
1145 5309 1295 5359 ame
1330 5300 1569 5377 faciem
1616 5302 1791 5361 venti
1832 5322 1856 5360 .-

608 5430 673 5483 Τ.
702 5431 753 5481 4.

1966 4335 2091 4379 non
2131 4324 2342 4379 autem
2384 4324 2693 4396 quantum
2739 4314 2818 4375 ad
2856 4312 3216 4395 spiritualia
3264 4312 3454 4389 bona,

1964 4414 2260 4480 videlicet
2290 4413 2457 4476 dona
2485 4414 2704 4494 gratiae
2742 4432 2814 4475 ac
2851 4411 3184 4488 virtutum,
3219 4410 3459 4492 quibus

1965 4521 2226 4595 propter
2261 4520 2596 4593 parentum
2636 4518 2895 4593 peccata
2937 4528 3064 4573 non
3106 4509 3462 4573 destituun—

1963 4619 2083 4673 tur.
2102 4611 2254 4673 Nam
2285 4618 2596 4692 quantum
2626 4609 2706 4671 ad
2734 4626 2988 4691 corpuS,
3014 4628 3051 4669 a
3080 4608 3459 4690 parentibus

1965 4718 2154 4785 sunt;
2201 4716 2513 4790 quantum
2561 4726 2714 4771 vero
2762 4708 2840 4770 ad
2891 4707 3190 4782 animam,
3240 4706 3460 4769 imme-

1964 4807 2135 4872 diate
2165 4828 2202 4870 a
2230 4807 2377 4870 Deo.
2410 4807 2564 4869 Nam
2605 4814 2668 4869 et
2707 4806 3055 4869 secundum
3098 4805 3268 4884 leges
3300 4803 3458 4867 civi-

1964 4906 2079 4983 leS,
2116 4924 2233 4988 pro
2261 4906 2529 4969 crimine
2568 4905 2732 4967 laesae
2769 4902 3119 4985 majestatis
3157 4901 3457 4965 commis-

1965 5023 2035 5068 so
2066 5024 2102 5067 a
2132 5012 2331 5088 patre,
2359 5003 2483 5066 filii
2513 5003 2653 5084 ejus
2683 5002 3063 5084 puniuntur.
3098 4999 3454 5063 Pleniorem

1965 5122 2115 5167 vero
2145 5103 2338 5184 hujus
2370 5100 2967 5165 determinationem
3008 5116 3450 5181 prosequerer,

1966 5201 2091 5263 nisi
2129 5220 2320 5283 super
2353 5200 2712 5275 Jeremiam,
2759 5196 3152 5261 Ezechielem
3197 5204 3260 5258 et
3299 5194 3456 5257 alibi

1965 5300 2085 5363 hoc
2142 5298 2460 5363 fecissem.
2514 5297 2704 5361 Porro
2761 5295 3102 5378 Scripturas
3168 5294 3453 5357 dicentes

3142 5426 3204 5480 37
