4309 6259
1187 518 1536 567 mammo
1578 519 1640 564 m
1685 519 1822 566 CAP-
1868 518 1934 565 lx
1972 520 2098 565 1013.
2145 540 2225 549 —
2266 522 2409 568 ΛΒΤ.
2455 523 2608 569 xxm

3317 506 3437 569 429

337 705 482 767 quae
534 686 839 751 dicuntur
889 696 1080 769 caput
1129 688 1365 763 Tauri3
1419 689 1839 772 oriunturque
1871 691 1921 753 A
1950 692 2434 773 expositionem,
2466 694 2569 756 cui
2614 696 2963 757 secundum
3004 713 3198 756 unam
3240 694 3437 758 inter-

337 794 482 848 ortu
513 786 795 849 cosmico
824 786 888 847 in
915 786 1094 861 Maio,
1112 787 1224 867 qui
1247 787 1438 849 ctiam
1465 788 1675 865 MaiuS,
1694 808 1841 869 qua-

336 884 388 945 si
439 885 762 961 madiduS,
796 885 1052 961 dicitur,
1089 892 1151 947 et
1195 895 1456 949 movent
1505 887 1836 949 humidum

334 983 772 1061 generationis
804 984 881 1045 ad
915 983 1310 1047 nativitatem
1344 993 1408 1047 et
1435 1002 1718 1065 germen.

417 1084 506 1142 Ει
538 1084 854 1143 interiora
885 1085 1124 1153 austri,
1148 1082 1213 1144 id
1244 1091 1341 1146 est
1372 1084 1746 1147 abscondita
1777 1092 1840 1147 et

335 1188 605 1255 secreta,
648 1198 792 1262 qua)
842 1189 993 1242 sunt
1039 1181 1208 1244 circa
1246 1190 1491 1262 partem
1541 1181 1687 1244 coeli
1725 1202 1837 1244 au-

333 1278 600 1339 stralem
622 1296 733 1340 seu
763 1278 1273 1355 meridionalem,
1297 1279 1594 1343 videlicet
1624 1281 1838 1342 stellas

333 1394 482 1456 quae
513 1375 607 1438 ibi
639 1384 791 1438 sunt
820 1376 992 1438 circa
1011 1376 1232 1458 polum
1263 1378 1706 1454 antarcticum,
1726 1378 1836 1459 qui

333 1473 532 1535 simul
580 1492 730 1536 cum
775 1474 966 1550 astris
1015 1474 1137 1536 sibi
1201 1475 1582 1557 propinquis
1625 1484 1840 1539 manet

335 1570 528 1633 nobis
557 1570 654 1649 (in
689 1580 868 1652 parte
901 1572 1386 1653 septentrionali
1415 1572 1664 1653 locatis)
1687 1593 1841 1635 sem-

334 1688 452 1750 per
483 1669 834 1732 invisibilis
879 1678 942 1732 et
977 1670 1288 1747 occultus,
1329 1671 1593 1734 interior
1634 1679 1697 1733 et
1735 1672 1842 1734 de-

335 1786 622 1848 pressus.
656 1767 834 1830 Circa
878 1768 1051 1850 quod
1090 1768 1315 1831 scribit
1344 1769 1614 1832 Thomas
1663 1787 1676 1830 :
1711 1769 1838 1830 illis

1949 791 2369 871 pretationem
2411 794 2751 855 concordat
2795 793 2963 873 quod
3001 793 3091 855 ait
3121 793 3429 869 Salvator,

1951 887 2227 968 Spiritus
2260 890 2368 951 ubi
2398 890 2535 951 vult
2565 890 2784 972 spirat,
2809 898 2871 953 et
2902 910 3120 955 vocem
3154 892 3292 974 ejus
3324 910 3434 953 au-
3460 912 3727 965 manans.

1949 984 2070 1063 dis,
2104 996 2167 1049 et
2198 988 2407 1050 nescis
2446 989 2612 1051 unde
2644 988 2879 1065 veniat,
2913 999 3025 1051 aut
3062 1008 3188 1071 quo
3222 991 3429 1066 vadat,

1949 1084 2377 1149 dubitationes
2398 1096 2760 1149 occurrunt.
2785 1088 3170 1169 Frequenter
3200 1087 3435 1151 etenim

1951 1182 2140 1245 homo
2180 1183 2300 1247 scit
2338 1204 2405 1247 sc
2445 1204 2707 1266 peccare
2738 1186 3093 1249 mortaliter
3126 1203 3141 1247 ε
3180 1195 3243 1249 et
3284 1195 3435 1249 tunc

1950 1281 2172 1361 utique
2200 1290 2409 1343 certus
2428 1301 2568 1345 esse
2588 1292 2809 1364 potest,
2823 1285 2995 1364 quod
3016 1284 3176 1345 Deus
3196 1284 3436 1365 abipso

1950 1380 2223 1455 recedat,
2244 1387 2307 1442 et
2330 1380 2599 1459 gratiam
2631 1380 2982 1443 subtrahat.
3007 1381 3265 1457 RursuS,
3282 1382 3434 1444 dum

1950 1477 2204 1538 adultus
2252 1477 2609 1559 baptizatur
2666 1488 2833 1541 recta
2882 1480 3263 1555 intentione,
3317 1480 3438 1543 scit

1951 1593 2018 1635 se
2063 1575 2332 1654 gratiam
2371 1576 2668 1658 adipisci,
2712 1586 2773 1639 et
2820 1578 3017 1640 Deum
3065 1597 3179 1659 per
3220 1578 3437 1657 gratiae

1951 1672 2343 1736 infusionem
2387 1675 2465 1736 ad
2510 1694 2577 1737 se
2624 1676 2865 1741 venire,
2908 1676 3193 1757 Denique
3234 1676 3436 1759 aliqui

1951 1770 2042 1833 sic
2071 1772 2408 1853 rapiuntur
2436 1773 2516 1835 ad
2538 1774 2757 1851 Deum,
2783 1774 3003 1857 sicque
3034 1775 3438 1838 inflamman-

334 1865 450 1946 qui
501 1864 627 1928 sub
677 1865 1112 1947 aequinoctiali
1154 1866 1467 1943 habitant,
1522 1868 1575 1929 si
1629 1876 1839 1929 tamen
1876 1868 1922 1929 B
1955 1870 2150 1931 turin
2184 1890 2280 1949 eo,
2316 1880 2380 1933 et
2420 1873 2498 1933 ad
2540 1873 2870 1954 mysticam
2913 1873 3294 1955 theologiam
3344 1875 3437 1939 sic

332 1964 540 2044 aliqui
573 1964 666 2025 ibi
696 1949 1011 2039 habitant,
1048 1973 1319 2046 uterque
1359 1966 1544 2046 polus
1588 1966 1840 2047 conspi-

332 2080 494 2123 cuus
527 2070 641 2137 est,
657 2081 860 2142 quum
883 2062 1144 2125 horizon
1166 2080 1385 2127 eorum
1409 2065 1486 2125 ad
1511 2072 1712 2126 rectos
1734 2083 1840 2126 an-

329 2159 522 2239 gulos
553 2160 1070 2240 aequinoctialem
1113 2170 1303 2238 secet,
1337 2161 1558 2244 sicque
1591 2170 1840 2243 oportet

333 2268 404 2321 ut
448 2266 736 2321 transeat
766 2278 880 2341 per
923 2269 1268 2342 utrumque
1299 2260 1516 2342 polum
1557 2259 1839 2341 aequino-

331 2356 618 2419 ctialem.
668 2357 1134 2420 Recedentibus
1177 2366 1392 2421 autem
1435 2357 1517 2420 ab
1557 2358 1840 2440 aequino-

331 2454 534 2529 ctiali,
553 2464 620 2518 et
639 2456 1092 2519 accedentibus
1111 2474 1334 2519 versus
1357 2456 1576 2537 polum
1597 2465 1842 2538 septen-

332 2554 696 2631 trionalem,
716 2553 1004 2617 elevatur
1025 2574 1217 2636 super
1238 2554 1630 2617 horizontem
1654 2555 1838 2637 polus

331 2653 882 2734 septentrionaliS,
901 2661 967 2715 et
995 2653 1380 2734 deprimitur
1403 2653 1588 2734 polus
1609 2662 1842 2715 austra·

333 2751 437 2828 lis,
483 2751 844 2814 secundum
891 2770 1253 2813 mensuram
1297 2752 1720 2832 elongationis
1758 2752 1839 2814 ab

331 2848 799 2930 aequinoctiali.
846 2850 1006 2912 Hinc
1048 2849 1234 2912 nobis
1285 2868 1412 2912 non
1455 2858 1663 2931 potest
1701 2870 1839 2913 esse

332 2947 751 3029 conspicuuS,
787 2967 905 3011 nec
933 2949 1134 3011 stellae
1173 2948 1230 3011 ei
1261 2948 1510 3011 vicinae.
1542 2948 1838 3011 Albertus

1949 1969 2297 2047 elevantur,
2332 1972 2502 2052 quod
2538 1972 2877 2033 certissimi
2918 1981 3067 2034 sunt
3097 1992 3165 2036 se
3204 1973 3438 2036 divini—

1949 2076 2048 2131 tus
2079 2070 2347 2147 visitari,
2367 2071 2834 2152 supernaturali
2860 2071 3199 2134 dulcedine
3224 2070 3431 2147 affici,

1950 2166 2015 2228 in
2046 2156 2243 2230 Deum
2280 2169 2709 2232 sincerissime
2749 2170 3096 2248 absorberi,
3134 2170 3439 2251 quemad-

1949 2267 2207 2329 modum
2258 2266 2643 2330 sanctissimi
2679 2268 2800 2330 viri
2840 2268 2963 2331 sibi
3013 2269 3244 2350 saepius
3293 2287 3440 2332 con-

1947 2364 2167 2445 tigisse
2210 2365 2537 2427 humiliter
2574 2375 2878 2447 grataque
2925 2374 3139 2429 mente
3185 2366 3318 2429 suis
3370 2367 3435 2429 in

1949 2463 2284 2544 scripturis
2326 2462 2627 2527 fatentur.
2663 2464 3003 2547 Apostolus
3048 2483 3305 2546 quoque
3346 2465 3439 2527 af-

1951 2561 2213 2623 firmat:
2246 2562 2382 2625 Non
2420 2562 2717 2644 spiritum
2760 2564 2953 2644 hujus
2994 2564 3217 2625 mundi
3262 2582 3438 2627 acce-
3464 2584 3726 2637 mamm.

1950 2660 2184 2742 pimuS‚
2237 2662 2350 2723 sed
2397 2660 2703 2742 Spiritum
2749 2661 2863 2742 qui
2912 2681 2987 2724 ex
3026 2662 3152 2725 Deo
3199 2671 3316 2739 est,
3367 2672 3439 2724 ut

1949 2757 2225 2820 sciamus
2280 2778 2420 2840 quae
2476 2778 2512 2820 a
2562 2760 2716 2846 Deo⁶
2744 2760 2973 2822 donata
3021 2767 3171 2821 sunt
3224 2760 3433 2823 nobiS.

1948 2856 2231 2939 ltemque
2265 2875 2279 2919 :
2317 2858 2453 2939 lpse
2500 2857 2772 2939 Spiritus
2812 2858 3245 2920 testimonium
3297 2878 3439 2940 per·
3494 2880 3727 2929 noma-m,

1949 2955 2127 3018 hibet
2157 2956 2411 3038 spiritui
2443 2964 2679 3033 nostro,
2704 2957 2875 3037 quod
2906 2945 3034 3017 filii
3056 2957 3163 3020 Dei
3196 2976 3433 3020 sumus.
3466 2944 3533 2985 ¹⁶·

334 3064 600 3128 quoque
631 3046 738 3108 hic
765 3046 903 3108 ait:
942 3046 1248 3109 Interiora
1274 3046 1473 3109 austri
1512 3047 1834 3124 dicuntur,
1875 3051 1919 3114 C
2027 3054 2118 3116 Ad
2172 3055 2291 3116 ista
2336 3063 2529 3135 atque
2574 3054 2811 3116 similia
2858 3054 3132 3117 arbitror
3180 3073 3441 3137 respon-

333 3144 492 3225 quia
541 3144 664 3206 sub
710 3163 827 3207 axe
874 3144 1138 3226 sphaerae
1184 3144 1249 3206 in
1299 3145 1447 3226 polo
1491 3145 1839 3209 antarctico

333 3242 526 3305 nobis
559 3242 630 3305 in
661 3252 892 3323 quarta
920 3243 1314 3324 aquilonaris
1349 3252 1528 3306 terrae
1559 3243 1841 3307 habitan-

335 3341 510 3404 tibus
543 3342 1020 3423 deprimuntur.
1061 3342 1239 3405 Unde
1269 3342 1560 3404 Lucanus
1597 3358 1611 3403 ε

425 3510 534 3561 Hic
563 3512 754 3560 vertex
777 3508 937 3561 nobis
967 3523 1186 3575 semper
1207 3510 1474 3573 sublimis,
1505 3514 1564 3562 at
1590 3510 1744 3562 illum

433 3591 732 3642 Occultum
760 3592 896 3655 Styx
917 3593 1040 3641 atra
1060 3590 1208 3657 tegit.

335 3742 416 3804 Et
446 3743 654 3805 stellae
684 3742 774 3805 ibi
809 3744 1052 3824 positae,
1080 3744 1471 3827 principium
1505 3753 1655 3807 sunt
1681 3745 1844 3808 calo-

81 3841 482 3910 101>⁸m11‚ris:
529 3849 793 3922 propter
840 3842 1013 3924 quod
1064 3841 1234 3904 infra
1282 3842 1574 3919 habetur,
1624 3843 1844 3906 Nonne

337 3940 733 4002 vestimenta
766 3950 868 4003 tua
900 3941 1108 4004 calida
1136 3950 1306 4019 sunt,
1342 3962 1540 4023 quum
1573 3942 1846 4024 perflata

339 4036 593 4100 fuerint
623 4038 854 4102 Austro
876 4042 900 4100 ἵ

112 4164 306 4209 qma,
427 4138 558 4205 Qui
598 4139 766 4213 facit
807 4158 1072 4215 magma,
1121 4149 1181 4199 ec
1221 4141 1676 4199 inscrutabilia
1697 4140 1748 4208 *,
1785 4150 1844 4200 ec

125 4364 148 4391 ο
187 4366 226 4403 v,
268 4388 280 4398 .
337 4333 558 4415 ipsum
589 4352 785 4414 supra
815 4334 1064 4397 locutus
1087 4342 1182 4397 est
1202 4334 1463 4416 Elipbaz
1490 4335 1699 4418 :quod
1730 4336 1844 4398 ibi-

332 4433 486 4495 dem
539 4430 788 4495 diffuse
835 4434 1196 4515 expositum
1244 4441 1362 4511 est,
1415 4434 1655 4497 idcirco
1704 4454 1844 4516 per-

335 4529 832 4591 transeundum.
856 4532 937 4591 Si
965 4532 1212 4591 venerit
1239 4534 1328 4591 ad
1359 4552 1478 4603 me,
1514 4552 1640 4593 non
1673 4534 1844 4593 vide-

333 4632 414 4689 bo
451 4648 604 4688 eum
624 4650 654 4700 ,·
701 4630 762 4687 si
801 4630 1062 4700 abierit,
1110 4650 1242 4690 non
1284 4632 1670 4707 incelliyam.
1714 4631 1841 4694 Hoc

331 4726 544 4807 aliqui
577 4725 672 4789 sic
702 4735 1032 4807 exponunt
1065 4745 1078 4789 :
1115 4727 1179 4789 Si
1209 4728 1458 4791 venerit
1487 4728 1568 4790 ad
1597 4748 1698 4791 me
1727 4748 1842 4811 per

334 4844 524 4887 suam
555 4824 856 4905 gratiam,
875 4844 986 4888 seu
1017 4827 1239 4906 gratiae
1270 4826 1685 4905 infusionem,
1714 4847 1840 4891 non

335 4922 573 4986 videbo
604 4941 776 4999 eum,
813 4922 984 4985 hunc
1015 4912 1358 4987 adventum
1391 4925 1838 5007 percipiend03

337 5022 392 5083 si
423 5020 684 5097 abierit,
705 5020 978 5101 gratiam
1011 5021 1463 5099 subtrahendo,
1500 5042 1627 5086 non
1657 5024 1844 5087 intel-

337 5120 538 5200 ligam
568 5119 945 5200 hujusmodi
973 5120 1468 5184 subtractionem
1498 5138 1511 5183 :
1537 5122 1840 5201 quoniam

79 5230 312 5285 reama.
341 5217 552 5281 nescit
581 5217 779 5281 homo
811 5236 891 5279 an
922 5238 1138 5282 amore
1167 5219 1269 5283 vel
1300 5220 1446 5282 odio
1478 5220 1709 5299 dignus
1734 5222 1836 5299 sit,

339 5324 414 5380 ut
443 5316 514 5379 in
543 5316 930 5379 Ecclesiaste
972 5317 1264 5381 habetur.
1301 5318 1420 5381 Sed
1463 5318 1634 5381 circa
1677 5320 1840 5383 hanc

1947 3154 2249 3230 dendum,
2298 3154 2468 3235 quod
2512 3154 2705 3217 verba
2753 3154 3031 3229 inducta,
3077 3173 3204 3217 uno
3252 3155 3440 3217 modo

1949 3260 2195 3332 queunt
2233 3252 2582 3314 secundum
2622 3252 2880 3314 modum
2930 3260 3303 3333 praetactum
3346 3272 3443 3315 ex-

1950 3350 2119 3431 poni,
2135 3349 2225 3411 ita
2244 3358 2313 3411 ut
2332 3350 2544 3412 verbis
2563 3358 2915 3413 consonent
2935 3350 3309 3414 Salomonis.
3322 3351 3441 3414 Sed

1951 3455 2102 3509 tunc
2144 3447 2591 3511 universaliter
2632 3448 2721 3509 ita
2758 3448 2988 3529 exponi
3028 3466 3158 3511 non
3198 3449 3436 3527 valent,

1950 3546 2115 3608 sicut
2145 3564 2262 3609 nec
2291 3544 2487 3609 verba
2515 3545 2868 3608 Salomonis
2910 3546 3189 3610 inducta.
3228 3548 3438 3610 Multis

1949 3645 2191 3727 quippe
2230 3642 2445 3706 infusa
2488 3652 2582 3705 est
2620 3644 2825 3723 gratia
2864 3664 3009 3707 cum
3052 3646 3437 3710 certitudine

1949 3742 2264 3818 absoluta,
2311 3750 2380 3803 ut
2430 3742 2550 3824 ipsi
2601 3742 2880 3823 Apostoli
2932 3743 3238 3824 Spiritum
3288 3745 3439 3807 San—

1951 3850 2124 3903 ctum
2155 3860 2229 3904 ac
2257 3841 2396 3920 ejus
2418 3840 2820 3917 charismata,
2846 3840 3159 3921 multique
3190 3843 3323 3919 alii,
3359 3844 3438 3906 de

1952 3940 2188 4021 quibus
2230 3939 2298 4000 in
2340 3938 2603 4001 Actibus
2631 3938 3076 4021 Apostolorum
3120 3950 3432 4019 narratur,
3516 3971 3727 4025 mm„

1953 4057 2098 4100 cum
2154 4037 2508 4101 clarissima
2554 4037 2936 4101 certitudine
2991 4048 3432 4121 susceperunt.
3470 4036 3621 4084 ¹⁷·¹⁸·

1954 4136 2054 4199 Sic
2085 4145 2148 4199 et
2178 4136 2301 4218 ipsi
2342 4155 2414 4198 ac
2454 4136 2564 4198 alii
2611 4135 3108 4199 innumerabiles
3140 4137 3261 4199 viri
3301 4158 3438 4220 per-

67 4226 310 4327 rffkmibi-
339 4236 717 4305 mirabilia,
750 4256 1028 4315 quorum
1061 4257 1190 4297 non
1228 4247 1319 4297 est
1351 4254 1682 4297 numerus
1716 4238 1844 4299 Hoc
1876 4242 1924 4303 D
1957 4234 2129 4311 fecti,
2164 4235 2232 4297 in
2271 4235 2403 4297 vita
2439 4233 2559 4297 hac
2597 4234 2754 4297 certi
2790 4234 3050 4297 fuerunt
3094 4255 3161 4299 se
3197 4256 3335 4299 esse
3370 4238 3436 4299 in

1953 4337 2213 4397 caritate
2242 4341 2305 4396 et
2333 4332 2558 4412 gratia,
2590 4352 2701 4395 seu
2730 4332 2957 4412 dignos
2995 4352 3232 4397 amore.
3262 4334 3441 4400 Unde

1951 4432 2142 4495 etiam
2172 4432 2313 4494 sine
2340 4430 2737 4494 haesitatione
2771 4432 3115 4514 cupiebant
3143 4434 3435 4513 dissolvi,
3486 4463 3727 4522 Ριιειερρ...

1951 4539 2013 4593 et
2043 4548 2183 4592 esse
2209 4549 2355 4592 cum
2383 4528 2653 4593 Christ0.
2686 4530 2761 4591 Et
2791 4530 3018 4593 Paulus
3048 4533 3125 4595 de
3155 4552 3243 4611 se,
3278 4543 3441 4599 cete-
3467 4527 3534 4570 ²³·

1951 4628 2169 4709 risque
2187 4628 2275 4689 ait
2294 4628 2613 4709 Apostolis
2639 4646 2652 4689 :
2678 4628 2799 4691 Nos
2823 4628 2945 4711 ipsi
2969 4631 3283 4711 primitias
3306 4633 3440 4715 Spi-
3499 4662 3626 4708 Rom.
3642 4678 3725 4717 vm.

1951 4727 2110 4788 ritus
2154 4726 2481 4788 habenteS.
2526 4726 2851 4803 Praeterea,
2905 4728 3118 4791 vitiosi
3160 4730 3437 4810 publicis
3466 4726 3532 4767 ²³·

1951 4825 2181 4887 intenti
2227 4823 2597 4901 sceleribuS‚
2646 4824 2859 4887 sciunt
2896 4826 3122 4905 dignos
3156 4846 3224 4889 se
3262 4828 3430 4891 odio.

1950 4926 2166 5005 ltaque
2191 4923 2381 4985 verba
2400 4922 2517 4986 Job
2545 4942 2617 4986 ac
2646 4923 3000 4986 Salomonis
3022 4924 3435 5007 intelligenda

1951 5032 2102 5085 sunt
2130 5022 2478 5084 secundum
2499 5040 2903 5085 communem
2934 5023 3159 5104 legem,
3178 5044 3435 5087 cursum

1949 5129 2142 5202 atque
2186 5138 2575 5202 processum,
2609 5121 2957 5182 secundum
3002 5140 3191 5201 quem
3236 5123 3441 5185 nescit

1951 5220 2141 5282 homo
2169 5217 2699 5281 certitudinaliter
2716 5236 2798 5279 an
2820 5218 3049 5297 dignus
3079 5218 3161 5280 sit
3187 5237 3431 5284 amore.

1950 5320 2422 5394 Verumtamen,
2440 5336 2516 5380 ex
2544 5317 2852 5398 singulari
2884 5337 3149 5382 munere
3176 5320 3435 5401 pietatis
