4309 6259
529 1088 542 1131 l
561 1088 673 1132 Par.

507 1155 572 1203 1⁵1.
597 1156 661 1196 1⁹.

515 2960 636 3005 md.

695 1104 765 1143 xv,

797 482 914 545 172
1207 500 1552 547 anam-no
1593 501 1656 547 m
1697 501 1835 547 ω.
1881 500 2004 547 xxv
2049 500 2205 547 unm
2246 500 2417 547 rann
2455 500 2988 549 ΡΑιιΑιιΡοιιεΝοΝ.
3032 522 3113 533 -
3152 502 3295 549 aar.
3340 500 3463 547 xxv

796 678 898 733 tur
928 688 942 733 τ
976 672 1278 751 Primum,
1303 692 1417 737 cur
1445 673 1782 758 dispositio
1813 674 1934 737 ista
1962 673 2283 737 ministro-
2311 670 2363 733 A
2393 680 2543 735 runt
2588 674 2723 754 regi
2757 674 2975 737 abdita
3022 683 3087 739 et
3126 672 3341 738 futura
3380 692 3457 737 ex
3486 670 3875 737 revelatione

793 787 933 831 rum
967 773 1189 855 templi
1213 772 1411 836 fiebat
1431 794 1546 857 per
1576 782 1889 855 regem,et
1920 792 2046 837 non
2069 772 2283 855 potius
2393 774 2632 839 divina.
2678 778 2757 837 Ut
2794 780 3111 837 exaltaret
3148 795 3373 845 cornu,
3408 772 3472 835 id
3510 780 3626 849 est,
3658 778 3879 853 quate-

794 887 908 950 per
966 870 1366 951 pontificem.
1420 873 1808 950 Secundum,
1859 893 1972 937 cur
2029 871 2283 935 Idithun
2395 891 2517 934 nus
2548 873 2713 935 Deus
2745 871 2983 953 regiam
3014 872 3387 953 dignitatem
3427 890 3501 933 ac
3538 870 3731 933 robur
3758 868 3879 929 Da-

795 980 1249 1034 annumeretur
1277 972 1383 1037 hic
1416 974 1538 1056 ipsi
1558 973 1768 1057 Asapb
1801 982 1864 1036 et
1895 974 2129 1036 Heman
2152 979 2285 1033 tan·
2394 973 2499 1037 vid
2539 972 3060 1055 posteritatisque
3100 992 3231 1035 suae
3270 971 3617 1034 sublimare
3657 969 3879 1052 digna-

795 1085 986 1148 quam
1037 1070 1425 1149 cantoribuS,
1480 1091 1677 1153 quum
1731 1090 1944 1154 supra,
1999 1087 2126 1132 non
2170 1068 2285 1131 ldi-
2395 1081 2570 1135 retur
2628 1080 2693 1135 et
2746 1090 3146 1135 conservare.
3199 1070 3476 1135 Orabant
3530 1069 3699 1132 enim
3758 1086 3878 1150 pro

799 1164 979 1243 thun,
1025 1168 1134 1230 sed
1179 1168 1382 1231 Ethan
1436 1169 1569 1231 illis
1617 1168 1864 1233 duobus
1915 1186 2287 1231 annumere-
2392 1170 2729 1253 temporali
2750 1190 2823 1234 ac
2853 1170 3171 1252 spirituali
3201 1169 3367 1249 regis
3397 1187 3469 1231 ac
3498 1167 3881 1231 sobolissuae

795 1272 910 1327 tur.
945 1266 1038 1328 Ad
1070 1266 1348 1349 primum
1384 1268 1748 1345 dicendum,
1781 1268 1953 1350 quod
1985 1268 2052 1329 in
2083 1266 2284 1332 veteri
2395 1269 2835 1351 prosperitate,
2871 1276 2934 1331 et
2974 1268 3193 1331 omnia
3229 1266 3595 1331 referebant
3640 1265 3717 1329 ad
3764 1264 3877 1328 Dei

795 1363 1215 1442 Testamento,
1241 1366 1424 1447 cujus
1457 1366 1877 1430 sacerdotium
1913 1364 2038 1427 fuit
2066 1385 2286 1429 carna·
2394 1369 2700 1431 honorem
2732 1376 2796 1430 et
2824 1386 3037 1430 veram
3062 1366 3354 1429 salutem.
3374 1368 3689 1445 Deditque
3707 1368 3881 1427 Deus

795 1464 876 1540 le,
909 1466 1194 1529 carnales
1225 1467 1565 1530 immolans
1594 1467 1855 1543 hostiaS,
1892 1487 2000 1530 rex
2031 1466 2157 1529 fuit
2186 1485 2286 1528 su·
2395 1472 2651 1530 Heman
2670 1469 2843 1545 filios
2879 1468 3391 1547 quatuordecim,
3420 1476 3481 1526 et
3514 1466 3690 1542 filias
3728 1475 3875 1526 tres.

797 1582 910 1646 per
956 1563 1356 1645 pontificem,
1393 1565 1558 1628 sieut
1603 1574 1666 1629 et
1697 1566 1966 1629 Thomas
2008 1565 2073 1627 in
2121 1564 2285 1627 libro
2488 1567 2784 1627 Universi
2809 1568 2926 1625 sub
2964 1586 3170 1625 manu
3206 1566 3419 1643 patris
3448 1566 3576 1636 sui,
3608 1566 3695 1623 ad
3734 1584 3883 1623 can-

800 1662 880 1724 de
909 1662 1240 1743 Regimine
1282 1682 1503 1744 regum
1535 1664 1834 1728 declarat.
1869 1664 1962 1726 Ad
1992 1663 2167 1726 aliud
2196 1683 2287 1726 re·
2398 1668 2668 1728 tandum
2691 1666 2763 1725 in
2788 1668 3017 1741 templo
3032 1664 3304 1724 Domini
3320 1663 3655 1723 distributi
3672 1671 3882 1731 erant,

800 1760 1171 1843 spondetur,
1205 1763 1375 1842 quod
1423 1762 1532 1825 ille
1565 1762 1678 1844 qui
1720 1782 1912 1845 supra
1941 1761 2144 1823 Ethan
2176 1780 2287 1825 vo·
2397 1767 2471 1824 in
2518 1764 2831 1841 cymbalis
2877 1772 2936 1823 et
2984 1762 3319 1839 psalteriis
3366 1770 3425 1821 et
3473 1762 3761 1831 citharis,
3806 1762 3882 1821 in

798 1868 999 1937 catur,
1045 1861 1151 1924 hic
1197 1860 1448 1924 Idithun
1497 1862 1875 1944 appellatur,
1910 1861 2064 1942 quia
2104 1860 2287 1924 bino·
2324 1855 2369 1917 B
2396 1863 2765 1924 ministeria
2795 1863 3021 1921 domus
3049 1860 3344 1929 Domini,
3364 1860 3571 1937 juxta
3618 1878 3829 1935 reyem
3858 1882 3883 1919 .-

799 1959 968 2023 mius
1009 1958 1154 2022 fuit.
1188 1963 1496 2022 Dedicato
1525 1962 1652 2021 sibi
1682 1963 1884 2037 officio
1917 1962 2284 2030 servientes,
2396 1962 2617 2039 Asaph
2678 1961 2997 2028 videlicet,
3048 1967 3107 2018 ec
3156 1960 3461 2026 Idithun,
3499 1967 3559 2018 ec
3601 1960 3879 2020 Heman..

801 2058 866 2120 id
914 2066 1030 2135 est,
1075 2057 1371 2122 officium
1424 2059 1721 2122 cantandi
1770 2059 1862 2123 eis
1912 2061 2286 2141 deputatum
2396 2062 2555 2122 Fuit
2574 2068 2789 2119 autem
2813 2077 3125 2117 numerus
3142 2076 3364 2116 eorum
3391 2056 3886 2132 cumfratribus

800 2166 1241 2239 exsequentes,
2395 2160 2555 2229 suis,
2585 2159 2705 2237 qui
2732 2158 3109 2217 erudiebant
3138 2157 3467 2216 canticum
3494 2156 3782 2225 Domini,
3818 2154 3885 2216 id

883 2258 958 2320 Et
991 2266 1173 2321 erant
1199 2266 1475 2340 quatuor
1493 2259 1572 2321 de
1604 2256 1764 2320 filiis
1786 2257 2019 2339 Asaph,
2043 2257 2122 2320 de
2151 2256 2290 2337 qui·
2400 2267 2516 2336 est,
2568 2256 2815 2321 erudite
2874 2274 2947 2319 ac
3004 2255 3324 2337 sapienter
3382 2253 3755 2336 psallebant,
3808 2273 3887 2315 ac

803 2355 924 2417 bus
974 2355 1386 2437 subjungitur
1425 2374 1438 2419 :
1479 2360 1574 2419 De
1619 2358 1783 2433 filiis
1815 2358 2036 2433 Asapli
2084 2362 2285 2431 erant,
2401 2360 2559 2422 alios
2604 2359 2957 2421 docuerunt
3000 2355 3269 2428 cantica,
3319 2354 3597 2436 psalmos
3644 2362 3703 2417 et
3750 2355 3889 2417 lau-

805 2458 1089 2524 Zachur,
1118 2464 1177 2515 ec
1203 2458 1454 2534 Josepk,
1485 2466 1545 2516 et
1565 2456 1932 2524 Nathania,
1962 2464 2022 2515 et
2051 2457 2293 2515 Azare-
2402 2460 2513 2521 des
2544 2456 2677 2534 Dei,
2712 2458 2929 2517 cuncti
2958 2459 3237 2517 doctores
3266 2455 3532 2515 ducenti
3567 2456 3887 2531 occoqinta

809 2556 899 2622 la,
928 2554 1064 2629 filii
1089 2554 1308 2631 Asaph
1357 2552 1606 2635 praesati
1632 2577 1646 2626 ;
1690 2556 1807 2613 sub
1839 2574 2042 2613 manu
2070 2556 2293 2631 Asapli
2400 2569 2555 2620 octo,

797 2652 1253 2729 prophetantes
1283 2654 1486 2731 juoeta
1538 2674 1770 2729 regem,
1814 2652 1878 2715 id
1929 2660 2044 2729 est,
2095 2652 2292 2715 Deum
2498 2657 2944 2731 Miseruntque
2990 2661 3185 2713 sortes
3224 2670 3345 2729 per
3392 2653 3557 2712 vices
3600 2672 3749 2712 suas
3802 2672 3889 2711 ea:

808 2747 1152 2811 laudabant
1184 2750 1303 2811 sub
1323 2749 1672 2813 directione
1693 2750 1892 2832 patris
1922 2749 2044 2825 sui,
2061 2758 2124 2813 et
2137 2750 2295 2812 vici·
2403 2774 2606 2835 aequo,
2636 2763 2766 2815 tam
2800 2752 3013 2829 major
3030 2772 3227 2829 quam
3258 2752 3498 2820 minor,
3526 2752 3745 2811 doctus
3764 2768 3889 2826 pa-

809 2846 954 2909 nius
985 2847 1238 2910 stabant
1265 2848 1614 2927 regi.Unde
1635 2849 2154 2932 suprascriptum
2176 2858 2288 2927 est,
2407 2856 2570 2916 riter
2596 2862 2656 2913 et
2686 2854 2983 2913 indoctus
3002 2871 3024 2909 .·
3062 2849 3126 2911 id
3168 2858 3283 2925 est,
3335 2847 3617 2930 praedicti
3660 2848 3887 2929 viginti

649 2964 778 3013 vl,39.
808 2946 978 3026 quod
1011 2946 1261 3008 stabant
1292 2967 1329 3009 a
1357 2948 1615 3011 dextris.
1643 2984 1724 2993 —
1753 2947 1982 3031 [Porro
2012 2951 2291 3009 Idithun
2408 2959 2681 3035 quatuor
2724 2957 3014 3012 cantores
3065 2947 3232 3010 inter
3271 2964 3339 3009 se
3386 2946 3714 3028 {equaliter
3754 2966 3889 3011 sor-

807 3046 944 3123 filii
963 3066 986 3106 .·
1016 3045 1342 3129 Idimum]
1383 3049 1706 3116 Godolias,
1735 3050 1910 3120 Sori,
1943 3050 2205 3118 Jeseias,
2234 3058 2294 3109 et
2331 3044 2375 3108 C
2411 3060 2503 3114 tes
2534 3049 2866 3124 miserunt,
2901 3046 3049 3128 quis
3079 3064 3297 3108 eorum
3330 3053 3496 3107 esset
3525 3045 3788 3126 primus,
3824 3045 3889 3108 id

811 3146 1152 3215 Hasabias,
1184 3155 1245 3205 et
1283 3147 1707 3218 MathatlziaS,
1753 3167 1888 3217 sex,
1927 3149 2045 3206 sub
2093 3168 2296 3209 manu
2407 3158 2503 3214 est
2558 3168 2703 3212 cum
2755 3146 3079 3209 sacerdote
3131 3144 3339 3227 primo
3401 3143 3890 3209 hebdomadario

801 3244 1018 3320 patris
1045 3246 1153 3303 sui
1181 3245 1479 3305 Idithun.
1505 3242 1646 3306 Filii
1679 3262 1830 3324 ergo
1858 3244 2110 3307 Idithun
2150 3266 2299 3308 can-
2408 3268 2593 3311 suum
2634 3245 2930 3310 officium
2979 3262 3353 3325 exsequenS,
3386 3251 3451 3305 et
3491 3242 3638 3324 quis
3668 3262 3894 3306 secun-

813 3348 980 3403 tores
1029 3351 1208 3404 erant
1250 3361 1378 3420 sex,
1414 3342 1527 3424 qui
1566 3343 2010 3425 exprimuntur
2060 3344 2126 3405 in
2177 3345 2297 3407 hoc
2404 3350 2545 3423 dus,
2580 3345 2726 3427 quis
2770 3343 3017 3420 tertiuS,
3052 3343 3229 3424 juxta
3269 3342 3561 3405 eumdem
3606 3360 3887 3406 sensum.

814 3438 974 3502 loco.
1012 3442 1140 3509 Qui
1168 3440 1419 3503 Idithun
1452 3444 1522 3503 in
1566 3444 1820 3503 eithara
1849 3445 2295 3521 prophetabat,
2405 3447 2599 3509 Erant
2620 3451 2829 3507 autem
2852 3461 3066 3506 omnes
3088 3441 3307 3504 saltem
3329 3440 3683 3521 aliqualiter
3703 3442 3889 3516 docti,

813 3535 879 3599 id
935 3546 1033 3600 est
1080 3538 1411 3620 psallebat.
1467 3540 1901 3603 Communiter
1948 3549 2158 3603 tamen
2212 3549 2301 3604 te-

816 3644 1023 3713 netur,
1066 3639 1237 3718 quod
1273 3646 1400 3701 tres
1439 3638 1535 3699 illi
1574 3638 1960 3721 principales
2009 3648 2300 3704 cantores

816 3736 1166 3818 prophetiae
1210 3736 1439 3819 spiritu
1479 3737 1844 3801 claruerunt
1877 3755 1890 3800 :
1927 3737 2054 3801 imo
2097 3738 2299 3820 aliqui

815 3835 1040 3898 dicunt
1068 3837 1375 3917 quosdam
1400 3836 1678 3918 psalmos
1709 3836 1788 3898 ab
1809 3836 1901 3899 eis
1935 3836 2157 3900 factos,
2182 3841 2301 3897 Su-

2408 3564 2523 3607 nec
2567 3543 2752 3605 aliter
2794 3541 2926 3623 apti
2958 3539 3231 3602 fuissent
3258 3540 3337 3601 ad
3368 3538 3735 3602 cantoriam.
3772 3537 3895 3601 Sed

2406 3643 2669 3725 quidam
2722 3638 3200 3721 comparatione
3253 3637 3547 3710 aliorum,
3600 3636 3896 3699 videlicet

2407 3740 2785 3814 doctiorum,
2821 3736 3198 3800 dicebantur
3240 3734 3501 3812 indocti,
3537 3735 3599 3797 id
3644 3744 3739 3799 est
3780 3736 3897 3797 mi-

2409 3860 2530 3902 nus
2579 3838 2773 3901 docti.
2826 3835 3255 3900 Confidebant
3303 3853 3560 3917 quoque
3608 3835 3777 3917 quod
3816 3854 3897 3897 ex

805 3955 926 4013 per
961 3940 1328 4013 confitentes
1357 3945 1417 3995 et
1456 3938 1796 3996 laudantes
1823 3939 2201 4007 Dominum,
2236 3936 2298 3998 id

813 4039 929 4108 est,
963 4031 1292 4114 psallendo
1334 4030 1592 4113 praefuit
1619 4031 1720 4093 his
1765 4032 1873 4113 qui
1918 4031 1982 4093 in
2014 4032 2208 4095 choro
2238 4040 2301 4094 ct

814 4130 1038 4194 ordine
1087 4149 1201 4192 suo
1251 4130 1446 4192 Deum
1507 4130 1870 4193 laudabant.
1919 4168 1998 4176 —
2043 4134 2299 4193 Heman

2408 3938 2757 4001 directione
2811 3934 3228 4018 providentiae
3274 3934 3407 4009 Dei,
3460 3951 3597 3996 sors
3644 3934 3897 3996 caderet

2408 4044 2831 4117 congruenter
2890 4052 3082 4116 super
3138 4050 3664 4113 unumquemque
3717 4032 3898 4113 juxta

2408 4136 2831 4218 aptitudinem
2853 4152 3034 4196 suam
3055 4132 3133 4194 ad
3156 4150 3344 4193 suum
3364 4130 3673 4203 officium,
3689 4150 3899 4212 quem-

813 4248 1061 4308 quoque
1117 4249 1139 4288 .·
1191 4230 1326 4305 filii
1369 4231 1646 4301 Heman,
1701 4231 2004 4301 Bocciau,
2045 4232 2301 4291 hlaiba·
2330 4232 2379 4294 D
2408 4234 2747 4298 admodum
2789 4232 3087 4295 Salomon
3130 4229 3413 4311 loquitur
3449 4247 3462 4291 ε
3499 4228 3710 4293 Sortes
3750 4228 3899 4291 mit-

815 4329 1004 4397 m'au,
1051 4327 1249 4397 Oziel,
1295 4328 1565 4397 Subuel,
1608 4337 1667 4387 et
1713 4329 2048 4401 Jerimoth,
2081 4331 2301 4390 Hana-

817 4427 992 4495 nias’,
1032 4427 1332 4495 Hanani,
1373 4426 1670 4495 Eliatha,
1703 4427 2061 4499 Geddelthi,
2094 4436 2154 4487 et
2182 4430 2303 4488 Ro-

821 4525 1258 4595 memtlziezer,
1299 4526 1683 4594 Jesbacassa,
1731 4526 2045 4595 Mellotlzi,
2089 4526 2302 4595 othir,

823 4624 1222 4685 Mabazioch.
1243 4621 1354 4685 Hic
1385 4622 1793 4685 nominantur
1821 4622 2299 4704 quatuordecim

818 4730 1111 4786 cantores
1135 4721 1260 4783 filii
1283 4722 1485 4803 ipsius
1505 4721 1741 4783 Heman
1767 4721 2140 4805 principalis
2163 4742 2305 4785 can-

821 4821 1001 4885 toris,
1031 4824 1256 4883 Omnes
1287 4822 1398 4881 isti
1425 4822 1560 4897 filii
1590 4823 1874 4891 Heman,
1895 4824 2181 4882 videntes
2214 4842 2305 4882 re-

814 4923 944 4997 qis,
981 4919 1042 4981 id
1088 4926 1182 4982 est-
1230 4918 1556 5001 prophetae
1604 4918 1806 5000 ipsius
1851 4918 2065 4996 David,
2120 4920 2305 5001 cujus

825 5019 1102 5102 psalmos
1133 5026 1196 5081 et
1226 5018 1475 5081 cantica
1516 5018 1911 5081 resonabant.
1946 5018 2089 5082 Ideo
2131 5018 2306 5081 addi-

825 5126 948 5195 tur,
983 5120 1056 5178 in
1105 5120 1500 5179 sermonibus
1543 5119 1682 5189 Dei,
1725 5116 2029 5198 quoniam
2078 5117 2307 5199 psalmi

823 5226 883 5281 et
917 5216 1164 5280 cantica
1193 5215 1305 5277 illa
1333 5223 1482 5278 sunt
1515 5216 1620 5279 Dei
1652 5216 1931 5297 eloquia.
1963 5215 2078 5279 Vel
2109 5216 2165 5279 si
2192 5216 2313 5299 spi-

2410 4340 2632 4396 tuntur
2692 4330 2759 4393 in
2818 4329 3053 4405 sinum,
3098 4328 3209 4391 sed
3258 4347 3296 4390 a
3344 4327 3611 4391 Domino
3662 4336 3899 4409 tempe-

3926 4320 4007 4360 3³.

2412 4438 2653 4493 rantur.
2689 4428 2928 4492 Idcirco
2975 4445 3100 4490 non
3148 4426 3271 4489 fuit
3320 4427 3643 4489 incautum
3690 4445 3899 4507 neque
3989 4498 3997 4503 .

2414 4529 2747 4610 injustum,
2774 4526 2947 4608 quod
2968 4526 3180 4588 taliter
3211 4532 3413 4588 sortes
3442 4524 3775 4587 miserunt.

2498 4630 2890 4705 Eyressaque
2935 4634 3025 4685 est
3062 4644 3195 4684 sors
3238 4625 3465 4701 prima
3490 4625 3743 4702 Ioseph,
3784 4624 3903 4702 qui

2412 4736 2551 4788 erat
2579 4728 2659 4786 de
2679 4727 2925 4801 Asapk,
2949 4724 3011 4785 id
3041 4730 3137 4786 est
3168 4720 3313 4785 filio
3344 4720 3577 4803 Asaph.
3604 4724 3901 4783 Secunda

2419 4825 2703 4887 Godolioe
2736 4821 2762 4883 s
2767 4822 2877 4885 ilio
2915 4822 3193 4899 Idithun,
3230 4823 3360 4899 ipsi
3399 4830 3458 4881 et
3486 4822 3653 4897 filiis
3677 4820 3816 4898 ejus
3842 4830 3905 4880 et

2414 4924 2739 5002 fratribus
2780 4922 2921 4999 ejus
2961 4923 3321 4981 duodecim.
3364 4921 3579 4981 Tertia
3622 4918 3904 4987 Zacbur,

2414 5027 2466 5099 fi
2472 5023 2578 5081 liis
2619 5029 2679 5080 ec
2717 5020 3039 5097 fratribus
3078 5020 3219 5097 ejus
3262 5019 3621 5079 duodecim.
3659 5018 3905 5085 Quarta

2422 5121 2613 5192 Isari,
2666 5119 2830 5196 filiis
2878 5127 2938 5179 et
2984 5119 3307 5196 fratribus
3353 5117 3495 5193 ejus
3542 5116 3901 5176 duodecim.

2424 5220 2667 5289 Quinta
2700 5218 3079 5287 Nathaniae,
3110 5218 3273 5293 filiis
3313 5224 3373 5276 et
3412 5215 3731 5292 fratribus
3766 5214 3904 5291 ejus

828 5316 1020 5379 ritum
1082 5314 1432 5399 prophetiae
1490 5314 1832 5393 habebant,
1895 5316 2315 5379 annuntiave-
2424 5318 2785 5377 duodecim.
2818 5318 3021 5377 Semta
3054 5315 3357 5387 Bocciau,
3386 5314 3552 5391 filiis
3584 5322 3645 5373 et
3673 5313 3905 5389 fratri-
