4309 6259
857 495 974 557 180
1193 514 1540 559 manuario
1583 515 1644 559 m
1687 515 1823 560 car.
1870 513 2064 560 xxvm
2105 512 2266 559 unm
2306 512 2474 558 rium
2516 512 3046 557 ranauronssrzon,
3092 532 3173 541 -
3212 512 3355 558 An'r.
3402 512 3593 558 xxvm

851 701 1070 745 verum
1100 683 1297 746 Deum
1329 664 1566 759 colens,
1602 682 1894 765 quamvis
1939 682 2103 745 inter
2131 682 2338 762 genti·
2368 679 2419 741 A
2447 690 2784 758 aeternum,
2838 682 2963 744 nisi
3021 682 3353 765 poeniteaS.
3404 681 3517 745 Vel
3578 680 3749 743 istud
3810 678 3941 742 ruit

848 778 940 842 les
965 789 1114 844 tune
1145 779 1386 843 fuerint
1417 780 1600 843 multi
1624 781 1689 842 in
1722 781 1860 861 lege
1882 789 2120 843 naturae
2141 782 2337 842 Deum

847 879 1148 956 colenteS,
1175 879 1304 942 imo
1335 888 1398 943 et
1427 880 1917 961 complacenteS,
1943 879 1996 941 si
2027 899 2173 941 eum
2208 877 2341 941 fide

848 975 1190 1041 Salvatoris
1223 977 1426 1040 futuri
1461 977 1750 1041 fecerunt
1782 978 1923 1041 hoc.
1949 978 2026 1039 Et
2044 977 2211 1039 bene
2232 977 2334 1051 ait,

593 1091 751 1135 Jacob.
777 1105 818 1143 n,
847 1074 1086 1137 Cuncta
1115 1077 1444 1139 mandata:
1466 1076 1618 1158 quia
1647 1076 1699 1138 si
1730 1076 1875 1157 quis
1911 1084 2103 1139 totam
2135 1076 2338 1155 legem

557 1156 622 1197 ¹⁰·
848 1172 1233 1255 impleverit,
1265 1174 1552 1237 offendat
1583 1182 1794 1237 autem
1839 1174 1906 1235 in
1937 1193 2088 1253 uno,
2135 1173 2339 1235 factus

845 1280 938 1333 est
967 1272 1258 1335 omnium
1289 1292 1455 1335 reus,
1487 1277 1563 1336 Ut
1577 1275 1960 1352 possideatis
1985 1284 2226 1333 terram
2250 1275 2342 1331 bo-

841 1391 1026 1441 nam,
1056 1370 1176 1434 hoc
1207 1379 1325 1447 est,
1363 1371 1430 1432 in
1470 1370 1873 1453 possessione
1921 1379 2102 1433 terrae
2143 1370 2339 1450 hujus

843 1467 1182 1532 uberrimae
1211 1468 1519 1531 maneatis
1545 1492 1560 1543 3
1595 1480 1654 1529 et
1675 1471 2064 1548 relinquatis
2095 1490 2238 1529 eam
2267 1473 2341 1545 fi-

845 1568 953 1627 liis
985 1569 1209 1628 vestris
1230 1577 1375 1644 post
1403 1588 1506 1627 vos
1537 1569 1827 1645 usquein
1851 1568 2335 1645 sempiternum.

839 1664 973 1727 Non
1024 1665 1198 1746 quod
1249 1664 1567 1746 possessio
1622 1664 1774 1727 boni
1828 1664 2085 1741 terreni,
2141 1663 2339 1726 fuerit

841 1781 1082 1825 merces
1113 1762 1450 1825 sufficiens
1482 1771 1544 1825 et
1577 1763 1786 1825 totalis
1821 1771 1931 1825 aut
1961 1762 2336 1844 principalis

2446 779 2713 842 verbum
2774 779 3315 855 comminationis,
3360 797 3486 841 non
3538 777 3937 841 assertionis.

2451 879 2645 937 Nunc
2672 898 2819 953 erqo
2847 881 3007 957 quia
3035 880 3223 955 eleyit
3256 888 3312 937 te
3334 879 3763 946 Dominus,ut
3788 876 3948 937 oedi-

2446 980 2674 1053 ficares
2723 980 2985 1037 domum
3032 976 3420 1049 sanctuarii,
3467 977 3833 1053 confortare
3882 982 3947 1033 et

2444 1079 2702 1150 perfice.

2506 1174 2699 1233 Dedit
2718 1182 2934 1233 autem
2954 1174 3174 1234 David
3192 1173 3530 1234 Salomoni
3547 1172 3687 1249 filio
3706 1190 3821 1231 suo
3840 1172 3947 1230 de-

2448 1273 2860 1347 scriptionem
2874 1272 3190 1347 porticus,
3208 1280 3268 1331 et
3298 1271 3546 1349 templi,
3568 1279 3625 1329 et
3654 1272 3945 1329 cellario-

2448 1388 2615 1429 rum.
2638 1368 2761 1430 Ista
2780 1377 2843 1431 et
2870 1378 3078 1432 cetera
3097 1388 3241 1451 quae
3263 1377 3589 1451 ponuntur
3610 1367 3675 1429 in
3697 1366 3933 1443 littera,

2449 1483 2563 1546 pro
2607 1466 2883 1527 maxima
2926 1475 3104 1548 parte
3135 1466 3422 1547 exposita
3470 1465 3713 1528 suntin
3744 1463 3939 1527 tertio
3994 1488 4273 1545 mne-9³1.

2448 1564 2685 1643 Regum
2727 1564 2911 1627 libro.
2948 1566 3183 1647 ltaque,
3218 1584 3332 1647 per
3364 1564 3558 1628 verba
3590 1572 3655 1627 et
3695 1563 3935 1645 scripta
3970 1566 4056 1595 '¹¹-

2446 1662 2663 1725 docuit
2693 1663 2887 1727 David
2930 1682 3037 1726 rex
3077 1663 3498 1741 Salomonem,
3532 1682 3607 1726 ea
3646 1682 3787 1745 quae
3818 1680 3937 1744 per

2448 1761 2657 1842 ipsum
2689 1760 2833 1824 fieri
2857 1762 3359 1839 voluit‚.seilieet
3400 1762 3709 1844 templum
3748 1770 3810 1825 et
3840 1770 3939 1823 at-

839 1869 1095 1924 aetuum
1141 1856 1594 1939 virtuosorum,
1648 1863 1756 1924 sed
1806 1861 2134 1925 inductiva
2186 1878 2337 1942 quo-
2368 1867 2413 1929 B
2446 1860 2715 1923 tinentia
2732 1860 2814 1937 ei,
2836 1869 3075 1942 quanta
3106 1861 3404 1943 etqualia
3432 1880 3573 1924 esse
3602 1860 3928 1923 deberent.

840 1960 1199 2038 dammode‚
1242 1961 1592 2024 accessoria
1631 1969 1694 2023 et
1736 1979 2000 2037 annexa,
2037 1960 2159 2021 sub
2208 1977 2335 2040 qua

841 2058 1255 2140 intelligenda
1284 2067 1418 2121 erat
1439 2078 1680 2122 merces
1712 2058 2088 2141 principalis
2111 2066 2175 2121 et
2206 2059 2336 2140 ple-

844 2176 945 2235 na,
978 2158 1276 2221 videlicet
1307 2157 1479 2219 salus
1511 2165 1767 2221 aeterna.

928 2260 1021 2317 Tu
1051 2267 1295 2327 aulem,
1315 2260 1644 2329 Salomon,
1668 2260 1775 2335 fili
1805 2259 1921 2328 mi,
1946 2259 2100 2317 scito
2121 2259 2333 2318 Deam

832 2358 1048 2433 patris
1083 2358 1207 2425 tui,
1238 2354 1301 2416 id
1341 2362 1458 2431 est,
1495 2354 1691 2417 Deum
1735 2373 1924 2435 quem
1973 2372 2089 2434 ego
2136 2354 2329 2430 colui,

841 2471 1112 2533 agnosce
1143 2452 1370 2515 notitia
1397 2452 1633 2514 actuali
1655 2459 1718 2514 et
1747 2452 2047 2533 practica,
2074 2471 2219 2533 quae
2240 2460 2337 2514 est

844 2551 1071 2614 notitia
1101 2549 1374 2613 formata
1403 2550 1553 2612 boni
1593 2550 1843 2612 honesti
1876 2550 2331 2632 approbativa3

755 2670 760 2677 ·
843 2660 903 2710 et
927 2652 1099 2709 servi
1125 2652 1188 2708 ei
1217 2650 1336 2711 soli
1381 2648 1686 2712 servitute
1727 2648 1947 2723 latriae,
1981 2654 2169 2709 corde
2191 2671 2339 2728 per-

844 2750 1006 2827 fecto
1028 2770 1051 2808 .·
1073 2767 1181 2811 rex
1210 2748 1382 2810 enim
1413 2747 1600 2809 debet
1629 2766 1768 2809 esse
1797 2746 1898 2809 vir
1927 2747 2246 2825 heroicuS,
2270 2748 2335 2810 in

846 2847 1024 2911 omni
1052 2847 1287 2911 virtute
1329 2844 1674 2928 perfeetuS,
1711 2854 1775 2907 et
1813 2853 1982 2909 totus
2029 2846 2333 2921 divinus3

847 2956 908 3007 et
942 2948 1163 3007 animo
1195 2946 1590 3015 voluntarie,
1620 2944 1740 3007 hoc
1771 2953 1868 3007 est
1910 2953 2227 3027 prompte,
2263 2965 2339 3008 ex

2442 1958 2632 2021 Porro
2661 1958 2920 2022 cellaria
2951 1959 3175 2041 templi
3220 1960 3544 2037 dicuntur,
3590 1959 3723 2023 loca
3768 1958 3939 2021 facta

2442 2058 2517 2119 ad
2553 2059 2987 2140 reponendum
3020 2058 3087 2119 in
3128 2058 3221 2121 eis
3261 2059 3505 2140 speeies
3544 2067 3609 2121 et
3650 2065 3935 2121 aromata

2441 2175 2713 2237 quorum
2744 2176 2896 2218 usus
2929 2155 3055 2218 fuit
3084 2157 3153 2217 in
3194 2156 3453 2239 temple,
3489 2166 3554 2220 et
3583 2176 3658 2220 ex
3696 2156 3935 2239 quibus

2442 2253 2903 2317 conficiebatur
2924 2254 3286 2338 thymiama.
3304 2259 3385 2317 Et
3403 2257 3726 2317 coenaculi.
3742 2255 3938 2316 Erant

2442 2362 2651 2417 autem
2699 2354 2765 2415 in
2817 2354 3055 2437 templo
3101 2355 3288 2437 plura
3336 2355 3687 2431 coenacula,
3722 2354 3785 2416 id
3834 2361 3935 2417 est

2443 2453 2827 2529 mansiones,
2853 2462 3043 2535 prout
3076 2453 3261 2516 tertio
3282 2452 3521 2533 Regum
3554 2452 3719 2515 libro
3742 2470 3937 2534 expo-
3986 2478 4271 2530 μείης,

2445 2550 2637 2613 situm
2668 2561 2784 2613 est.
2816 2556 2894 2613 Et
2927 2554 3372 2613 cubiculorum
3420 2554 3493 2612 in
3526 2553 3762 2613 abditis
3784 2552 3833 2621 ‘,
3866 2550 3933 2612 id
4006 2570 4031 2589 ·
4066 2569 4235 2625 adytus

2446 2657 2541 2711 est
2570 2650 3014 2739 thalamorum,
3040 2650 3107 2711 in
3139 2649 3372 2732 quibus
3394 2651 3685 2713 custodes
3709 2649 3934 2731 templi

2445 2748 2859 2829 quiescebant
2879 2768 3162 2812 seorsum
3189 2748 3253 2809 in
3277 2748 3432 2811 loeis
3454 2748 3711 2811 secretis
3732 2766 3933 2830 prope

2447 2865 2701 2909 murum
2735 2847 2978 2929 templi.
3014 2850 3099 2909 Et
3128 2851 3354 2909 domus
3391 2848 3881 2927 propitiationis
3910 2868 3935 2907 .-

2448 2964 2561 3027 per
2600 2964 2792 3026 quam
2841 2945 3106 3009 interior
3153 2965 3298 3028 pars
3348 2945 3593 3029 templi,
3634 2944 3937 3009 videlicet

851 3042 1112 3106 caritate
1133 3041 1574 3118 fervente‚non
1596 3061 1672 3105 ex
1693 3042 1910 3105 servili
1935 3042 2183 3106 timere.
2205 3048 2343 3107 01η-
2374 3046 2417 3109 C
2450 3043 2748 3107 Sanctum
2778 3053 3165 3122 sanctorum,
3187 3044 3521 3127 accipitur,
3541 3044 3605 3106 in
3634 3064 3763 3127 qua
3790 3062 3939 3128 pro—

575 3170 822 3221 Pe.v11‚¹0.
850 3146 969 3204 nia
991 3144 1170 3204 enim
1187 3145 1382 3203 corda
1400 3151 1730 3203 scrutatur
1748 3143 2085 3226 Dominus,
2109 3151 2169 3202 et
2190 3144 2342 3203 uni-

851 3263 1064 3304 versas
1091 3242 1407 3303 mentium
1435 3241 1847 3317 coyitationes
1885 3242 2221 3318 intelliyit.
2261 3242 2341 3303 Si

845 3342 1180 3421 quaesieris
1214 3360 1385 3410 eum,
1415 3340 1706 3399 invenies
1735 3359 1757 3399 .·
1789 3338 2132 3401 dummodo
2171 3358 2340 3420 quae-

560 3459 954 3517 neuwen-ras
983 3458 1128 3502 eum
1159 3457 1234 3502 eo
1266 3439 1455 3501 modo
1485 3456 1613 3518 quo
1643 3437 1950 3519 scriptum
1978 3446 2107 3500 est:
2131 3437 2337 3511 Quum

851 3536 1178 3619 quaesieris
1214 3535 1546 3598 Dominum
1577 3534 1773 3596 Deum
1813 3543 2014 3611 tuum,
2051 3535 2339 3599 invenies

835 3655 1021 3712 eum,
1057 3635 1113 3697 si
1141 3643 1351 3697 tamen
1384 3641 1515 3696 toto
1558 3633 1748 3696 corde
1792 3634 2121 3714 quaesieris
2164 3654 2333 3713 eum,

850 3741 912 3797 et
961 3740 1090 3797 tota
1130 3732 1540 3795 tribulatione
1585 3731 1814 3794 animae
1862 3740 2007 3795 tuae.
2060 3732 2205 3795 Ideo
2250 3733 2339 3794 ait

571 3850 819 3901 munau,
851 3832 1134 3897 Salvator
1180 3850 1193 3894 :
1229 3830 1448 3894 Omnis
1487 3830 1600 3912 qui
1645 3830 1893 3911 quaerit,
1929 3830 2195 3894 invenit.
2244 3832 2340 3893 Et-

557 3916 742 4023 ffgffffi
762 3929 818 3965 ¹¹⁹
850 3931 1018 3993 enim
1053 3929 1314 3993 facienti
1343 3930 1464 3992 hoe
1494 3929 1683 3991 modo
1713 3929 1884 4009 quod
1913 3928 1979 3989 in
2011 3948 2077 3991 se
2107 3937 2225 4007 est,
2251 3930 2339 3991 di·

831 4029 1071 4094 ·vinum
1121 4027 1427 4091 auxilium
1479 4046 1606 4089 non
1657 4034 1942 4107 negatur.
1997 4030 2076 4089 Si
2120 4039 2337 4089 autem

847 4130 1267 4208 dereliqueris
1295 4147 1468 4196 eum,
1489 4126 1794 4203 projiciet
1827 4136 1883 4186 te
1905 4128 1976 4187 in
1995 4137 2331 4189 aeternum.

2449 3142 2841 3224 pitiatorium
2882 3151 3036 3221 erat,
3071 3150 3136 3206 et
3174 3144 3479 3207 Dominus
3519 3143 3753 3226 populo
3795 3161 3941 3225 pro-

2448 3239 2816 3322 pitiabatur.
2862 3244 3119 3305 Necnon
3161 3252 3221 3303 et
3259 3244 3553 3304 omnium
3593 3262 3733 3322 quoe
3776 3244 3941 3319 coyt·-

2450 3349 2722 3411 caverat,
2772 3341 2835 3403 id
2896 3349 3021 3419 est,
3074 3338 3285 3404 facere
3334 3349 3750 3424 proposuerat
3795 3341 3937 3422 ipse

2447 3437 2665 3513 David,
2703 3446 2921 3520 utpote
2941 3440 3265 3499 atriorum
3292 3460 3315 3499 .·
3345 3457 3489 3519 quae
3519 3438 3639 3500 tria
3670 3436 3935 3501 fuerunt

2447 3535 2710 3613 ibidem,
2729 3536 2973 3600 seilicet
2991 3537 3225 3599 atrium
3256 3538 3675 3613 sacerdotum,
3694 3536 3927 3599 atrium

2444 3633 2727 3698 virorum
2757 3636 3156 3713 mundorum,
3174 3643 3237 3699 et
3256 3635 3489 3698 atrium
3512 3634 3929 3710 feminarum3

2444 3743 2503 3793 et
2538 3738 2930 3796 exedrarum
2958 3756 3079 3812 per
3114 3736 3463 3795 circuitam
3496 3756 3519 3796 :
3563 3753 3709 3816 quae
3745 3742 3928 3797 erant

2447 3850 2711 3895 eamerae
2738 3832 2804 3894 in
2825 3833 3097 3896 circuitu
3116 3831 3275 3909 sitae,
3296 3830 3361 3893 in
3382 3832 3619 3914 quibus
3644 3832 3931 3896 sacerdo-

2446 3939 2540 3993 tes
2576 3940 2858 4013 tempore
2888 3932 2987 3994 sui
3014 3930 3353 3994 ministerii
3385 3931 3820 4006 dormiebant3
3854 3935 3928 3991 in

2448 4032 2773 4091 thesauros
2808 4034 3035 4091 domus
3064 4031 3358 4099 Domini,
3385 4039 3445 4090 et
3482 4032 3553 4091 in
3603 4032 3931 4091 thesauros

2442 4139 2832 4189 sanctornm.
2886 4128 3189 4191 Thesauri
3242 4129 3466 4191 domus
3514 4127 3763 4191 Domini
3812 4146 3929 4191 seu

555 4236 590 4281 1¹
614 4238 816 4292 Rea-vn.
849 4225 1024 4289 Sicut
1053 4246 1130 4288 ex
1151 4224 1344 4288 verbo
1378 4222 1490 4285 illo
1519 4223 1891 4305 praehabito,
1914 4224 2051 4306 lpse
2081 4225 2203 4287 erit
2222 4226 2336 4287 mi·
2366 4228 2415 4290 D
2448 4227 2687 4309 templi,
2721 4225 2983 4289 fuerunt
3018 4228 3119 4307 (ut
3162 4226 3423 4307 dieitur)
3454 4246 3603 4291 vasa
3646 4246 3823 4291 sacra
3866 4236 3935 4291 et

553 4299 816 4413 ssssssfflsw'
848 4324 916 4385 hi
949 4324 1014 4385 in
1047 4322 1285 4399 filium,
1316 4329 1378 4383 et
1409 4320 1791 4401 quibusdam
1831 4321 2175 4400 similibuS,
2209 4324 2334 4386 ori-

833 4430 948 4484 ·tur
999 4440 1144 4503 spes
1190 4422 1270 4483 de
1310 4419 1662 4483 salvatione
1701 4418 2075 4499 SalomoniS,
2125 4422 2212 4485 ita
2256 4442 2329 4485 ex

842 4519 1055 4584 verbis
1106 4537 1276 4581 nunc
1325 4517 1703 4580 introductis
1754 4528 1962 4599 potest
2010 4520 2203 4584 timor
2252 4521 2329 4584 de

839 4618 1136 4701 opposito
1172 4617 1484 4697 generari.
1518 4617 1668 4679 Nam
1714 4618 1822 4680 diu
1859 4626 2051 4701 atque
2089 4620 2330 4702 gravis-

835 4716 1000 4779 sime
1051 4715 1246 4778 Deum
1298 4714 1578 4795 reliquit.
1619 4715 1915 4779 Attamen
1965 4719 2171 4780 sancti
2220 4738 2329 4801 pa-

838 4822 964 4876 tres
986 4814 1418 4894 HieronymuS,
1440 4812 1826 4892 AmbrosiuS,
1851 4815 2167 4898 multique
2190 4816 2318 4893 alii,

831 4911 1124 4974 scribunt
1170 4930 1315 4974 eum
1365 4929 1502 4973 esse
1553 4911 1896 4975 salvatum.
1945 4913 2088 4977 ldeo
2126 4915 2325 4978 verba

833 5010 969 5073 haee
999 5008 1090 5073 sic
1123 5017 1390 5091 possunt
1421 5010 1652 5092 exponi
1687 5029 1701 5072 :
1733 5011 1796 5073 Si
1836 5019 2050 5074 autem
2096 5013 2327 5075 dereli-

833 5108 1051 5191 queris
1094 5126 1238 5171 eum
1286 5127 1400 5190 per
1445 5107 1710 5171 finalem
1760 5109 2318 5192 impoenitentiam,

833 5207 1130 5290 projiciet
1179 5214 1241 5268 te
1295 5206 1361 5267 in
1419 5215 1748 5284 internum,
1795 5208 1915 5272 hoc
1974 5218 2091 5287 est,
2139 5220 2322 5275 aeter—

833 5306 1062 5368 naliter
1099 5304 1568 5368 condemnabit.
1615 5305 1750 5383 Vel,
1803 5306 2098 5388 Projieiet
2149 5318 2210 5372 te
2255 5310 2320 5373 in

2442 4325 2854 4388 sacerdotalia
2872 4334 3264 4401 ornamenta,
3291 4326 3426 4389 sive
3458 4326 3696 4389 ibidem
3715 4326 3931 4390 oblata

2440 4423 2505 4485 in
2548 4443 2737 4486 usum
2773 4424 3214 4487 ministrorum
3267 4424 3508 4506 templi.
3552 4425 3741 4488 Porro
3790 4425 3929 4488 the

2436 4524 2607 4587 sauri
2647 4532 3032 4601 sanctorum,
3068 4531 3249 4586 erant
3278 4522 3511 4601 oblata,
3545 4526 3669 4588 Deo
3706 4542 3926 4588 eonse-

2434 4632 2628 4699 crata,
2660 4622 2739 4685 ad
2771 4623 3193 4704 reparandum
3225 4622 3505 4705 collapsa
3545 4632 3655 4686 aut
3682 4630 3919 4701 vetera,

2436 4742 2549 4784 seu
2588 4722 2665 4784 ad
2716 4720 3081 4784 faciendum
3131 4721 3487 4785 necessaria
3534 4740 3805 4804 quaeque
3854 4721 3923 4785 in

2436 4821 2694 4903 temple.
2745 4822 3285 4900 Divisionumque
3326 4823 3823 4883 sacerdotalium
3864 4831 3926 4883 et

2434 4921 2903 4989 Leviticarum,
2934 4917 2997 4980 id
3026 4926 3143 4995 est,
3176 4916 3451 5000 qualiter
3485 4918 3921 4982 sacerdotibus

2432 5025 2493 5079 et
2520 5016 2755 5081 Levitis
2788 5016 2853 5078 in
2886 5016 3018 5078 suis
3048 5016 3379 5079 ordinibus
3410 5025 3603 5099 atque
3625 5018 3927 5099 tempori·

2431 5114 2550 5176 bus
2599 5114 3036 5177 determinatis
3084 5114 3393 5177 servirent
3439 5114 3505 5177 in
3555 5115 3809 5197 templo,
3844 5119 3923 5178 in

2428 5216 2650 5275 omnia
2682 5234 2875 5290 opera
2902 5216 3131 5273 domus
3158 5214 3447 5285 Domini,
3480 5214 3633 5275 etin
3664 5216 3924 5275 univer-

2430 5334 2501 5373 sa
2536 5334 2690 5373 vasa
2720 5313 3076 5373 ministerii
3106 5312 3327 5389 templi
3356 5315 3647 5374 Domini.
