4309 6259
84 896 336 947 Luca-,zm
370 881 455 943 Et
480 882 563 944 (16
591 883 766 963 justo
797 881 1091 944 Simeone
1121 879 1277 944 dicit
1316 880 1516 943 Lucas
1551 896 1565 941 ε

1173 510 1522 561 marmano
1565 516 1626 561 IN
1669 516 1805 561 CAP.
1854 516 1985 563 xxu
2025 517 2149 563 ³013.
2195 536 2276 547 -·
2316 518 2458 563 Am.
2505 518 2691 565 XLVIII

369 781 563 845 dabis
596 791 885 845 sanctum
922 790 1101 845 tuum
1134 780 1349 845 videre
1378 780 1873 861 corruptionem.

1603 880 1880 960 Respon-

372 1000 523 1044 sum
554 981 805 1063 accepit
835 1000 874 1043 a
901 980 1142 1063 Spiritu
1173 979 1400 1043 Sancto
1430 998 1558 1042 non
1588 978 1875 1041 visurum

370 1100 443 1143 se
474 1088 769 1142 mortem.
792 1082 880 1141 Et
905 1082 1149 1155 impetu
1186 1098 1510 1158 aquarum
1544 1078 1878 1139 inundan-

372 1181 561 1247 tium,
584 1178 648 1240 id
671 1187 767 1241 cst
792 1177 1195 1258 copiosarum
1222 1176 1727 1253 tribulationum,
1744 1196 1875 1237 non

368 1298 747 1355 oppressum
785 1279 903 1347 iri,
947 1276 1011 1338 id
1064 1284 1159 1339 est
1206 1274 1697 1357 opprimendum
1746 1294 1875 1338 non

370 1394 515 1439 6336
536 1394 551 1437 :
574 1375 663 1439 ita
684 1377 857 1456 quod
886 1395 1013 1439 non
1046 1373 1471 1457 suspicabaris
1505 1373 1655 1435 talia
1686 1392 1875 1455 super

370 1484 435 1537 te
485 1474 857 1537 transitura.
912 1474 1095 1556 Impii
1150 1472 1321 1536 enim
1370 1480 1583 1535 mente
1632 1472 1871 1549 caecati,

373 1571 783 1635 imminentia
830 1572 953 1635 sibi
1002 1571 1289 1654 pericula
1332 1589 1459 1633 non
1500 1570 1870 1652 praevident,

373 1691 495 1735 nec
540 1679 795 1748 cavent,
829 1679 937 1732 aut
981 1677 1275 1751 pensant.
1309 1667 1426 1742 Qui
1456 1675 1666 1730 autem
1695 1676 1876 1749 putat

372 1788 441 1833 36
476 1770 745 1852 impune
777 1787 1061 1850 peccare,
1096 1767 1349 1831 videtur
1377 1766 1457 1829 de
1486 1765 1706 1828 divina
1736 1783 1876 1846 pro·

3355 502 3474 563 583

86 700 337 749 husto.
370 702 521 747 rum
554 684 694 746 sive
724 702 1059 766 passurum
1098 699 1111 743 ε
1148 682 1313 745 316111
1344 683 1409 745 111
1440 682 1707 758 Psalmo,
1741 682 1876 746 Non
1908 683 1960 744 A
1990 684 2500 749 consideratione
2529 706 2597 749 se
2621 686 2875 763 habere,
2898 688 3006 749 sed
3037 707 3110 749 ea
3134 706 3276 769 quae
3308 687 3478 749 siunt

1990 781 2380 863 frequenter,
2417 803 2532 865 per
2576 786 2932 848 necessaria
2969 793 3314 867 utcumque
3337 804 3478 867 per-

1987 882 2286 963 pendere,
2321 890 2386 944 et
2434 902 2546 964 per
2595 884 2952 947 necessaria
2997 903 3069 946 ac
3116 882 3478 965 frequentia

1987 979 2232 1060 aliquid
2256 982 2334 1043 de
2357 982 2731 1045 voluntariis
2760 991 2824 1045 et
2852 982 3213 1045 casualibus
3236 990 3477 1046 utcum-

1988 1097 2113 1159 que
2132 1078 2440 1159 judicare.
2463 1079 2820 1143 Secundum
2844 1081 3160 1157 eumdem,
3181 1080 3304 1143 fuit
3321 1099 3478 1162 quo-

1989 1178 2275 1238 rumdam
2330 1178 2569 1259 opinio,
2628 1182 2798 1260 quod
2851 1179 3255 1243 Providentia
3312 1180 3478 1241 ultra

1986 1283 2230 1337 motum
2263 1275 2566 1339 coelorum
2599 1296 2727 1339 non
2758 1278 3223 1353 extenderetur,
3249 1297 3365 1341 nec
3394 1279 3473 1340 ad

1987 1372 2294 1435 inferiora
2335 1375 2746 1457 pertingeret,
2780 1376 2905 1437 nisi
2936 1395 3050 1458 per
3081 1376 3252 1438 aliud
3283 1384 3474 1457 atque

1985 1490 2100 1553 per
2128 1472 2420 1535 accidens
2457 1490 2471 1535 :
2507 1492 2622 1555 per
2651 1474 2848 1550 aliud,
2885 1482 2955 1536 ut
2985 1494 3097 1556 per
3129 1483 3337 1556 partes
3367 1494 3475 1556 pe-

1986 1570 2192 1644 riodi3
2235 1590 2348 1653 per
2384 1571 2681 1635 accidens
2718 1591 2998 1653 quoque,
3034 1572 3186 1653 quia
3213 1591 3328 1655 per
3359 1573 3476 1635 im-

1985 1670 2346 1750 pressiones
2376 1669 2801 1734 accidentales
2834 1670 2900 1731 in
2934 1670 3350 1734 inferioribus
3386 1670 3476 1734 fa-

1982 1775 2112 1829 ctas
2129 1786 2142 1829 z
2161 1776 2222 1830 et
2242 1769 2534 1832 videntur
2554 1769 2620 1831 in
2643 1769 2812 1832 hunc
2833 1788 3100 1833 errorem
3121 1770 3478 1833 consentire

372 1869 662 1933 videntia
712 1865 1027 1930 dubitare.
1064 1864 1207 1928 Ideo
1248 1862 1507 1946 Eliphaz
1551 1862 1875 1925 invehitur
1911 1864 1957 1925 B
1985 1866 2339 1929 Alexander
2368 1875 2430 1929 et
2458 1867 2787 1943 AverroeS,
2821 1876 2880 1930 et
2922 1867 3030 1929 alii
3071 1868 3332 1950 quidam
3371 1870 3476 1932 Pe-

371 1976 603 2031 contra
638 1966 753 2029 Job
790 1982 803 2027 ε

456 2070 566 2129 An
598 2067 841 2143 coyitas
870 2066 1044 2142 quod
1071 2066 1245 2124 Deus
1273 2064 1578 2122 eoecelsior
1596 2064 1745 2123 coelo
1773 2062 1875 2126 sit,

370 2178 433 2228 et
479 2184 678 2242 super
718 2166 1059 2223 stellarum
1104 2163 1403 2222 verticem
1444 2162 1875 2220 sublimetur?

375 2265 441 2327 id
475 2272 595 2339 est,
630 2282 713 2325 an
745 2260 1005 2324 illorum
1047 2258 1389 2340 perfidiam
1426 2257 1657 2321 incidis
1686 2265 1749 2320 et
1780 2277 1875 2320 er-

375 2381 613 2437 rorem,
649 2359 763 2441 qui
801 2358 1100 2421 dixerunt
1139 2357 1334 2419 Deum
1374 2355 1465 2418 sic
1507 2355 1774 2417 terrenis
1812 2364 1875 2417 et

375 2457 797 2524 inferioribus
848 2456 1285 2538 praeeminere,
1333 2472 1442 2516 seu
1496 2454 1584 2515 ita
1631 2452 1712 2515 ab
1757 2453 1875 2515 1111-

374 2558 589 2623 manis
617 2556 877 2631 distare,
912 2555 1082 2635 quod
1116 2552 1491 2615 inferiorum
1525 2560 1587 2613 et
1616 2561 1871 2614 actuum

372 2660 805 2723 humanorum
860 2652 1329 2735 providentiam
1388 2650 1872 2713 determinatam

374 2777 507 2821 non
558 2755 813 2829 haheat,
864 2771 984 2815 1166
1032 2751 1419 2826 distinctam,
1464 2757 1701 2813 certam
1748 2748 1874 2810 cla-

378 2874 647 2937 ramque
700 2851 1096 2916 scientiam?
1146 2850 1275 2912 Hoc
1325 2848 1567 2930 quippe
1612 2847 1873 2927 quidam

379 2951 752 3038 philosophi
784 2948 1238 3032 opinabantur,
1275 2946 1559 3010 dicentes
1588 2945 1724 3009 sola
1751 2962 1875 3007 coe-

1985 1965 2486 2046 ripateticorum.

2062 2064 2389 2141 Praeterea,
2425 2084 2552 2127 non
2601 2064 2872 2146 gentiles
2921 2064 3179 2146 quidam
3228 2065 3475 2129 dumta-

1984 2172 2109 2239 xat,
2134 2162 2245 2225 sed
2276 2172 2338 2225 et
2363 2163 2720 2226 Judaeorum
2753 2163 3017 2245 plurimi
3047 2164 3112 2225 in
3142 2164 3342 2227 veteri
3363 2164 3475 2228 Te-

1984 2269 2298 2323 stamento
2329 2261 2407 2323 de
2437 2261 2834 2343 providentia
2858 2261 2968 2324 Dei
2995 2260 3262 2342 praefato
3285 2263 3474 2326 modo

1984 2367 2336 2422 senserunt.
2352 2360 2440 2422 De
2458 2360 2692 2441 quibus
2716 2359 2783 2421 in
2807 2359 3136 2422 Ezechiele
3165 2360 3468 2423 habetur:

1982 2458 2212 2521 Dicunt
2247 2476 2260 2519 ε
2303 2458 2437 2521 Ν611
2486 2458 2657 2522 videt
2701 2459 3008 2522 Dominus
3053 2476 3209 2534 nos;
3250 2459 3478 2523 dereli-
3501 2484 3758 2537 emman.

1983 2555 2125 2639 quit
2172 2557 2476 2619 Dominus
2520 2564 2772 2619 terram.
2805 2558 2884 2619 Et
2931 2556 3286 2639 Sophonias
3333 2558 3422 2621 ait
3455 2576 3470 2621 ε
3503 2550 3568 2591 ¹²·

1982 2656 2213 2747 Dicunt
2248 2674 2261 2718 :
2297 2656 2430 2719 Nou
2462 2654 2656 2719 faciet
2683 2656 2984 2720 Dominus
3025 2656 3210 2733 bene,
3244 2664 3308 2720 et
3345 2677 3474 2722 non
3502 2682 3676 2739 snpna,
3700 2685 3764 2728 12.

1984 2753 2180 2817 saciet
2198 2754 2378 2817 male.
2397 2753 2672 2828 Quorum
2703 2754 3040 2817 stultitiam
3061 2755 3250 2818 lsaias
3271 2757 3475 2838 aperit

1981 2871 2180 2934 quum
2214 2851 2438 2914 scribit
2473 2870 2486 2913 :
2523 2851 2713 2926 Quasi
2744 2852 2798 2914 si
2831 2853 3034 2916 lutum
3063 2862 3285 2917 contra
3313 2854 3474 2935 11311-
3512 2878 3766 2931 namus.

1984 2951 2115 3012 lum
2147 2949 2404 3031 cogitet,
2439 2958 2502 3013 et
2531 2949 2702 3013 dicat
2731 2970 2896 3034 opus
2925 2951 3151 3015 factori
3180 2971 3317 3030 suo,
3336 2952 3471 3015 Non
3505 2943 3568 2984 ¹⁵·

376 3052 567 3117 lestia
594 3050 831 3113 divinae
861 3045 1281 3130 providentiae
1310 3043 1533 3108 ordine
1561 3043 1874 3123 guberna·
1908 3049 1951 3112 C
1985 3048 2197 3112 fecisti
2227 3067 2356 3122 me3
2393 3057 2456 3111 et
2485 3048 2870 3131 figmentum
2899 3051 3068 3114 dicat
3088 3050 3301 3114 fictori
3331 3070 3467 3129 3116,

378 3154 457 3216 11.
492 3154 580 3213 Et
608 3150 802 3218 dicia,
835 3155 905 3209 ut
935 3153 1198 3227 apparet
1236 3162 1249 3205 z
1290 3145 1464 3213 Quid
1492 3146 1667 3203 enim
1694 3144 1875 3203 novit

376 3256 553 3313 Deus
574 3248 655 3310 de
684 3243 1103 3308 inferioribus
1132 3243 1509 3323 actibusque
1538 3241 1873 3303 humanis?

379 3352 465 3412 Ec
494 3348 687 3426 quasi
710 3364 831 3421 per
856 3344 1203 3420 caliginem
1216 3344 1505 3419 judicat,
1522 3340 1583 3404 id
1608 3349 1724 3417 est,
1744 3359 1872 3403 non

378 3446 507 3509 nisi
553 3440 888 3506 confusam
934 3458 1047 3502 seu
1090 3438 1525 3501 indistinctam
1566 3438 1757 3501 habet
1798 3439 1873 3499 is-

377 3555 591 3608 torum
644 3539 960 3615 notitiam,
996 3538 1439 3617 cognoscendo
1467 3555 1541 3600 ea
1580 3538 1646 3597 in
1685 3554 1875 3615 gene-

380 3642 522 3719 rali,
560 3638 823 3705 sciendo
871 3635 1172 3699 videlicet
1220 3655 1451 3717 genera
1493 3644 1556 3698 et
1604 3635 1869 3717 specieS,

378 3762 493 3805 seu
524 3738 815 3803 ordinem
849 3735 1135 3798 universi
1175 3745 1238 3798 et
1279 3734 1666 3798 universalia
1704 3733 1877 3797 entia

378 3837 911 3916 universalesque
940 3833 1297 3897 causaS.An
1322 3834 1515 3899 etiam
1546 3834 1703 3896 dicis
1733 3852 1874 3914 quae

378 3944 743 4021 sequuntur
791 3936 815 3994 2
872 3932 1193 4007 videlicet,
1256 3934 1471 3995 Nubes
1528 3934 1874 3991 latibulum

377 4040 549 4115 ejus,
581 4035 648 4097 id
687 4042 805 4109 est,
850 4032 971 4095 sub
1016 4030 1297 4093 nubibus
1337 4029 1496 4091 nihil
1530 4029 1723 4103 videt,
1759 4047 1876 4090 1166

382 4132 791 4218 providentia
839 4131 978 4211 ejus
1028 4129 1199 4191 infra
1248 4128 1448 4191 nubes
1490 4128 1870 4204 extenditur,

1983 3148 2117 3211 Non
2149 3146 2458 3227 intelligis
2495 3164 2508 3209 :
2544 3147 2637 3210 sic
2668 3166 2892 3211 omnes
2923 3168 3196 3230 quorum
3229 3158 3378 3211 sunt
3405 3148 3472 3211 in

1983 3245 2264 3309 ‘tenebris
2295 3264 2508 3328 opera,
2534 3254 2598 3309 61
2627 3246 2852 3309 (11611111
2887 3264 2900 3309 :
2935 3246 3086 3321 Quis
3115 3247 3290 3311 videt
3318 3250 3473 3311 nos?

1984 3354 2047 3407 et
2076 3344 2224 3426 quis
2255 3344 2434 3407 novit
2467 3348 2620 3407 nos?
2655 3344 2936 3425 Itemque
2967 3343 3034 3407 in
3062 3345 3348 3409 Psalmo:
3374 3347 3475 3408 Di-
3503 3371 3706 3421 pamm,
3725 3372 3766 3413 -ι,

1983 3451 2240 3506 xerunt:
2261 3442 2395 3505 Non
2419 3442 2662 3508 videbit
2684 3442 3004 3517 DominuS,
3021 3462 3140 3507 nec
3161 3444 3475 3525 intelliget

1988 3544 2147 3605 Deus
2189 3542 2402 3605 Jacob.
2443 3541 2682 3616 Quibus
2731 3558 2878 3603 mox
2924 3537 3158 3603 dicitur
3194 3560 3208 3603 :
3242 3542 3475 3606 Intelli-
3516 3565 3766 3609 mas-10.

1984 3642 2137 3722 gite,
2172 3641 2550 3723 insipientes
2592 3640 2656 3701 in
2707 3638 2988 3721 popu103
3029 3647 3093 3701 et
3120 3640 3322 3719 stulti,
3355 3642 3475 3704 ali-

1987 3740 2246 3821 quando
2295 3738 2517 3820 sapite.
2550 3736 2666 3811 0111
2713 3736 3028 3818 plantavit
3070 3756 3310 3815 aurem,
3347 3757 3476 3802 non

1986 3839 2246 3903 audiet?
2275 3845 2386 3899 aut
2414 3836 2525 3917 qui
2558 3835 2749 3897 finxit
2777 3835 3058 3913 oculum,
3097 3854 3224 3899 non
3271 3838 3480 3901 consi-

1985 3934 2337 4009 (1616120111
2370 3934 2633 4016 corripit
2659 3942 2904 4013 genteS,
2924 3952 3053 3997 non
3081 3938 3342 4014 arguet?
3370 3945 3480 3999 aut

1986 4036 2099 4117 qui
2129 4037 2315 4098 docet
2341 4032 2668 4095 hominem
2699 4031 3077 4094 scientiam?

2068 4134 2414 4211 Numquid
2452 4133 2748 4191 semitam
2788 4135 3170 4191 saeculorum
3203 4134 3479 4192 custodi·
3518 4148 3533 4164 ·

381 4234 494 4297 sed
526 4250 733 4335 usque
762 4232 840 4293 ad
863 4248 969 4293 eas
994 4228 1337 4304 exclusive,
1357 4227 1443 4289 ita
1475 4228 1642 4307 quod
1678 4226 1875 4289 nubes
1905 4236 1955 4297 D
1986 4252 2056 4292 re
2102 4232 2311 4307 cupis,
2353 4229 2416 4290 id
2467 4236 2564 4291 est
2619 4228 2812 4290 latam
2873 4227 3250 4309 perditionis
3308 4228 3476 4291 viam

380 4340 537 4397 sunt
560 4307 752 4414 quasi
780 4328 937 4411 quid
966 4327 1294 4389 occultans
1333 4326 1459 4389 Deo
1499 4323 1874 4387 inferiorum

384 4430 705 4495 notitiam.
740 4429 873 4491 Nec
909 4435 1127 4487 nostra
1169 4442 1359 4506 opera
1402 4426 1787 4493 considerat,
1817 4434 1875 4483 et

380 4533 560 4591 circa
580 4526 884 4589 cardines
910 4526 1055 4585 coeli
1078 4525 1513 4600 perambulat,
1536 4521 1597 4582 id
1630 4529 1745 4597 est,
1765 4522 1879 4582 cir-

380 4648 459 4691 ca
506 4635 789 4689 extrema
836 4622 984 4686 coeli
1036 4628 1342 4695 versatur,
1396 4628 1713 4700 operatur,
1765 4638 1877 4683 seu

381 4736 503 4802 631,
539 4721 937 4807 providendo
976 4728 1038 4782 et
1074 4718 1491 4798 gubernando
1526 4718 1874 4799 superiora,

380 4842 531 4907 quae
580 4839 709 4884 uno
758 4819 949 4882 modo
998 4836 1066 4881 se
1113 4817 1370 4879 habent.
1420 4816 1621 4879 Cardo
1668 4825 1881 4880 autem

384 4923 779 5006 quandoque
823 4936 943 5002 pro
984 4916 1383 4981 extremitate
1420 4916 1753 4998 accipitur,
1789 4917 1885 4979 in-

389 5022 641 5085 terdum
673 5037 790 5101 pro
820 5035 897 5081 eo
927 5016 995 5079 in
1025 5034 1153 5097 quo
1184 5014 1465 5079 volvitur
1495 5015 1753 5078 ostium.

458 5118 759 5197 Denique,
778 5115 1124 5177 secundum
1139 5112 1482 5187 Albertum,
1498 5114 1577 5175 dc
1597 5114 1887 5176 humanis

390 5236 505 5300 per
552 5214 897 5295 caliginem
934 5212 1245 5295 judicare,
1280 5221 1377 5275 est
1411 5213 1490 5275 ad
1532 5212 1889 5275 voluntaria

392 5323 459 5378 et
498 5312 781 5377 casualia
819 5320 1011 5394 atque
1050 5310 1312 5373 fortuita
1351 5329 1479 5373 non
1524 5310 1893 5373 immediata

1988 4329 2282 4392 incedere
2325 4336 2389 4390 et
2429 4345 2705 4404 servare,
2743 4345 2858 4408 per
2903 4345 3094 4407 quam
3143 4327 3474 4390 saeculares

1986 4425 2278 4489 homines
2325 4425 2752 4505 gradiuntur?
2788 4426 2868 4489 (16
2904 4444 3034 4508 qua
3071 4425 3359 4489 Christus
3407 4426 3472 4488 111

1988 4524 2332 4603 Evangelio
2374 4523 2463 4586 ait
2495 4541 2510 4584 ε
2544 4523 2696 4585 Lata
2733 4533 2827 4586 est
2869 4523 2974 4587 via
3010 4543 3153 4604 quae
3191 4524 3366 4588 ducit
3393 4526 3473 4587 ad
3530 4547 3764 4595 Mamm,

1988 4630 2280 4697 mortem,
2313 4629 2376 4684 et
2417 4621 2604 4683 multi
2649 4621 2978 4684 ambulant
3015 4640 3129 4703 per
3163 4641 3326 4685 eam.
3360 4622 3477 4697 Qui
3509 4616 3573 4656 ¹³·

1988 4729 2200 4783 autem
2249 4720 2535 4783 divinam
2584 4718 3050 4800 providentiam
3095 4730 3351 4801 negant,
3385 4740 3482 4785 se-

1990 4837 2139 4881 cure
2171 4837 2244 4880 ac
2275 4817 2475 4881 libere
2503 4825 2790 4899 peccant,
2809 4817 2985 4879 omni
3008 4816 3192 4882 freno
3217 4819 3482 4882 rationis

1993 4917 2240 4980 relicto.
2258 4921 2466 4987 Quam
2494 4920 2904 4977 calcaverunt
2929 4919 3064 4976 viri
3083 4919 3318 4997 iniqui,
3348 4936 3485 4998 pas·

1996 5017 2208 5079 siones
2248 5014 2678 5078 sensualitatis
2724 5022 2786 5076 et
2832 5014 3152 5095 propriam
3194 5014 3488 5077 volunta-

1998 5124 2119 5178 tem
2154 5115 2220 5177 in
2252 5113 2499 5177 cunctis
2531 5118 2867 5191 sequentes
2904 5128 2918 5172 :
2952 5130 3224 5192 quorum
3257 5113 3362 5177 via
3391 5122 3488 5177 est

1998 5212 2396 5277 conversatio
2447 5210 2696 5285 vitiosa,
2732 5227 2874 5290 quae
2917 5217 3015 5270 est
3058 5209 3177 5273 itcr
3210 5213 3287 5274 ad
3319 5214 3489 5276 dam-

2001 5312 2323 5375 nationem
2353 5318 2676 5373 aetcrnam.
2695 5307 2782 5369 Dc
2809 5306 3044 5387 quihus
3075 5308 3262 5373 Isaias
3289 5312 3480 5375 dicit:
