4309 6259
1194 537 1539 584 manuario
1584 537 1644 582 IN
1688 538 1823 583 CAP.
1872 537 2087 583 XXXVII
2126 535 2251 583 1013.
2299 557 2378 568 -
2420 539 2561 585 ART.
2610 539 2724 585 va

3383 519 3496 585 691

120 716 215 759 ,τοο
238 719 337 768 m.
396 719 642 776 mayna
681 711 743 761 et
780 704 1260 764 inscrutabilia.
1310 704 1437 767 Hoc
1478 723 1670 787 supra
1720 705 1898 766 habi·
1926 703 1975 765 A
2006 725 2087 767 an
2129 705 2258 768 sint
2305 707 2590 772 virtuosa
2631 708 2730 772 vel
2773 708 3002 772 vitiosa
3037 727 3050 770 ε
3089 709 3258 791 quod
3309 709 3500 772 homo

96 1895 363 1944 Bccliaun.

90 1961 153 2000 Η.

112 2022 195 2064 1³⁸.
211 2035 363 2073 cusu,

92 2087 153 2127 16.

394 805 530 859 tum
582 807 679 860 est
727 807 919 880 atque
968 802 1351 884 expositum.
1404 803 1603 884 Opera
1654 803 1895 885 quippe

394 895 530 971 Dei,
553 897 621 958 in
644 915 711 960 se
742 897 899 980 ipsis
929 907 1079 960 sunt
1108 918 1337 981 magna
1367 908 1431 962 et
1455 901 1639 963 nobis
1672 901 1898 983 imper-

392 995 803 1076 scrutabilia3
826 1005 892 1060 et
920 997 1085 1060 sicut
1114 999 1278 1060 Deus
1307 1008 1406 1061 est
1436 999 1898 1082 incomparabi-

394 1091 473 1153 lis
505 1093 839 1174 sapientiae
869 1113 943 1158 ac
988 1096 1289 1177 potentiae
1328 1105 1643 1179 operator,
1676 1098 1769 1161 sic
1800 1097 1895 1159 in-

390 1192 854 1274 comparabilia
884 1202 948 1256 et
986 1194 1475 1276 praeclarissima
1515 1204 1664 1258 sunt
1702 1215 1893 1278 opera

390 1290 557 1371 ejuS,
602 1300 795 1373 prout
842 1292 1033 1356 etiam
1084 1293 1260 1356 Plato
1312 1294 1376 1356 in
1420 1295 1627 1376 primo
1674 1295 1892 1359 Timaei

390 1387 704 1451 insinuat.

474 1489 607 1556 Qui
640 1489 946 1565 proecipit
978 1490 1128 1550 nivi
1166 1499 1239 1550 ut
1272 1493 1611 1552 descendat
1656 1495 1729 1553 in
1768 1501 1891 1552 ter-

390 1608 594 1648 ram:
632 1587 785 1668 quia
836 1589 913 1650 ad
964 1589 1073 1651 Dei
1121 1588 1589 1652 ordinationem
1639 1609 1711 1654 ac
1757 1591 1893 1671 jus-

392 1685 642 1748 sionem
680 1685 791 1747 nix
833 1695 1175 1766 generatur
1221 1687 1287 1748 in
1326 1706 1493 1764 aere,
1530 1687 1892 1769 labiturque

393 1784 718 1861 deorsum,
773 1786 1127 1848 secundum
1180 1785 1340 1848 illud
1388 1785 1817 1849 Ecclesiastici
1873 1803 1887 1847 :

2006 824 2121 885 per
2142 807 2496 870 naturalem
2527 806 2838 870 rationem
2869 807 2935 869 in
2965 807 3256 888 pluribus
3277 825 3502 886 cogno-

2006 919 2184 964 scere
2211 911 2419 983 potest
2459 910 2521 966 et
2561 902 2789 965 noscit.
2823 903 2976 964 Nam
3019 911 3082 964 et
3109 903 3499 966 conscientia

2005 1008 2198 1080 atque
2228 1002 2578 1064 secundum
2611 1001 2845 1064 multos
2887 1001 3270 1084 synderesiS,
3303 1021 3340 1062 a
3374 1003 3498 1066 Deo

2004 1098 2238 1160 rationi
2269 1107 2418 1161 sunt
2449 1099 2688 1162 inditae.
2713 1099 2882 1161 Talis
2904 1107 3116 1162 autem
3148 1099 3499 1180 ingeniatio

2004 1196 2140 1260 sive
2171 1195 2465 1277 signatio,
2501 1197 2691 1260 etiam
2724 1196 2928 1260 brutis
2959 1216 2995 1259 a
3026 1197 3246 1260 divina
3287 1198 3499 1279 provi-

2003 1294 2219 1357 dentia
2276 1296 2742 1375 quodammodo
2795 1302 2890 1357 est
2949 1294 3278 1377 impressa.
3333 1295 3498 1358 Deus

2002 1393 2174 1456 enim
2210 1401 2509 1474 tanquam
2538 1402 2760 1456 auctor
2791 1401 3034 1456 naturae
3075 1400 3139 1455 et
3167 1392 3500 1457 institutor

2000 1492 2247 1554 ordinis
2306 1491 2614 1568 universi,
2669 1491 2939 1572 singulis
2988 1492 3066 1554 de
3123 1491 3498 1554 necessariis

2003 1590 2306 1671 providit,
2341 1599 2404 1653 et
2441 1590 2792 1672 unicuique
2839 1590 3195 1654 naturalem
3228 1590 3500 1654 contulit

2002 1687 2486 1751 inclinationem
2516 1689 2596 1750 ad
2627 1707 2701 1750 ea
2729 1707 2872 1770 quae
2915 1707 3046 1751 suae
3084 1697 3326 1752 naturae
3354 1707 3500 1752 con·

2002 1786 2292 1849 veniunt.
2315 1787 2493 1849 Unde
2514 1787 2908 1849 irrationalia
2939 1787 3212 1849 naturali
3243 1805 3500 1850 moven-

394 1882 670 1964 lmperio
702 1901 815 1946 suo
843 1885 1225 1948 acceleravit
1254 1884 1491 1948 nivem.
1526 1885 1603 1944 Et
1632 1884 1698 1946 in
1726 1884 1894 1946 Psal-
1924 1881 1969 1942 B
2004 1893 2104 1946 tur
2147 1885 2458 1947 instinctu
2502 1886 2579 1947 ad
2621 1904 2814 1967 opera
2855 1885 3296 1948 connaturalia
3345 1885 3492 1948 sibi.

394 1999 501 2042 mo
539 1997 553 2042 :
586 1980 703 2054 Qui
734 1982 843 2043 dat
864 1981 1077 2046 nivem
1102 1983 1265 2046 sicut
1298 1983 1531 2044 lanam.
1558 1981 1761 2064 Opera
1790 2002 1895 2045 au-

393 2084 523 2140 tem
558 2086 801 2142 naturae
834 2088 961 2142 tam
991 2080 1393 2162 particularis
1420 2099 1613 2162 quam
1647 2081 1896 2143 univer-

390 2175 569 2252 saliS,
623 2177 747 2240 Deo
805 2178 1249 2260 principaliter
1298 2179 1768 2255 adscribuntur,
1812 2178 1892 2240 ad

387 2276 860 2338 ostendendum
892 2276 1427 2359 perfectissimam
1460 2277 1890 2356 cognitionem

386 2393 463 2437 ac
494 2375 965 2456 providentiam
998 2377 1136 2458 ejus
1163 2394 1177 2438 :
1201 2378 1373 2458 quod
1402 2377 1594 2440 etiam
1626 2377 1692 2438 in
1726 2376 1893 2439 libro

388 2471 515 2535 isto
560 2473 895 2554 potissime
939 2473 1169 2552 agitur.
1214 2477 1303 2536 Et
1344 2477 1579 2535 hiemis
1610 2477 1886 2552 pluviis,

384 2571 626 2634 Pluviae
655 2571 887 2634 hiemis
926 2572 1353 2654 appellantur,
1388 2573 1544 2654 quia
1582 2581 1735 2635 tunc
1767 2593 1892 2634 ma-

386 2668 485 2750 gis
514 2669 865 2746 abundant,
899 2669 1051 2733 solis
1084 2679 1371 2733 cessante
1411 2670 1643 2747 calore,
1680 2671 1791 2751 qui
1823 2671 1889 2732 in

386 2774 607 2830 aestate
638 2785 904 2849 vapores
935 2765 1307 2848 frequenter
1338 2769 1660 2832 consumit
1687 2776 1752 2831 et
1784 2787 1893 2830 nu·

384 2864 500 2928 hes
531 2865 856 2946 dispergit.
890 2865 999 2927 His
1029 2865 1268 2948 pluviis
1301 2866 1593 2948 praecipit
1624 2866 1787 2928 Deus
1824 2873 1892 2928 ut

386 2967 825 3049 producantur
854 2976 916 3030 et
948 2975 1136 3029 ruant
1164 2967 1229 3028 in
1262 2976 1520 3030 terram.
1556 2971 1641 3030 Et
1670 2969 1891 3029 imbri-

1998 1982 2250 2064 ltaque,
2313 1983 2663 2046 secundum
2728 1983 3218 2060 Damascenum,
3284 1983 3498 2065 potius

1998 2091 2277 2161 aguntur
2314 2099 2506 2163 quam
2547 2089 2756 2162 agant.
2791 2081 2950 2144 Hinc
2988 2081 3282 2145 subditur
3315 2099 3330 2144 z

2080 2180 2498 2255 Inyredietur
2541 2181 2736 2240 bestia
2783 2183 3132 2240 latibulum
3177 2201 3395 2250 suum,
3439 2191 3498 2242 et

2001 2280 2075 2337 in
2104 2287 2294 2338 antro
2321 2298 2434 2338 suo
2464 2280 2846 2338 morabitur.
2881 2276 3080 2339 Certis
3121 2277 3292 2339 enim
3343 2287 3498 2342 tem-

2002 2374 2265 2456 poribus
2309 2374 2530 2438 bestiae
2569 2375 2808 2437 intrant
2849 2393 2996 2436 suas
3037 2375 3398 2456 speluncaS‚
3433 2385 3498 2439 et

2001 2480 2263 2536 manent
2294 2472 2361 2534 in
2391 2473 2484 2536 eis
2513 2472 2773 2536 brevius
2803 2472 2939 2535 sive
2967 2472 3235 2550 diutiuS,
3271 2493 3496 2537 secun-

2001 2571 2151 2632 dum
2204 2569 2488 2632 diversas
2527 2577 2894 2631 naturarum
2933 2589 3190 2632 suarum
3228 2570 3496 2652 disposi-

2002 2667 2224 2730 tiones
2241 2666 2402 2729 Hinc
2433 2666 2500 2728 in
2519 2667 2766 2730 Psalmo
2787 2665 3022 2728 dicitur
3043 2668 3166 2730 Deo
3187 2668 3492 2732 :Posuisti
3524 2681 3602 2726 Pe.
3621 2695 3706 2734 cm,
3721 2683 3790 2728 20.

2000 2765 2316 2841 tenebraS,
2337 2773 2400 2828 et
2421 2764 2589 2827 facta
2615 2772 2712 2827 est
2741 2782 2895 2839 nox;
2922 2764 2986 2826 in
3019 2764 3157 2846 ipsa
3179 2774 3494 2847 pertrans-

2000 2862 2188 2924 ibunt
2230 2881 2452 2926 omnes
2496 2862 2718 2926 bestiae
2757 2863 2956 2926 silvae.
3003 2863 3188 2926 Ortus
3237 2875 3334 2928 est
3371 2866 3488 2944 sol,
3546 2878 3759 2924 man.

2000 2968 2063 3022 et
2111 2961 2476 3040 congregati
2528 2969 2718 3036 sunt;
2755 2970 2821 3024 et
2867 2962 2934 3023 in
2983 2962 3306 3026 cubilibus
3359 2965 3494 3027 suis

388 3067 503 3126 bus
548 3066 969 3145 fortitudinis
1010 3087 1170 3136 suoe,
1201 3065 1265 3127 id
1313 3074 1407 3128 est
1454 3066 1693 3147 pluviis
1743 3085 1889 3128 cum
1926 3065 1971 3130 C
2000 3057 2504 3122 collocabuntur.
2524 3059 2599 3120 Et
2631 3059 2801 3140 apud
2830 3059 3168 3122 Ieremiam
3188 3061 3492 3124 Dominus

388 3163 633 3245 impetu
675 3171 739 3226 et
780 3164 965 3245 copia
1014 3163 1550 3227 descendentibus
1585 3183 1599 3226 ε
1642 3164 1756 3246 qui
1796 3164 1890 3227 di-

386 3272 624 3324 cuntur
672 3262 910 3326 imbres
967 3262 1362 3326 fortitudinis
1420 3263 1551 3340 Dei,
1601 3263 1754 3344 quia
1807 3263 1891 3326 ab

386 3379 463 3423 ea
496 3361 906 3443 proveniunt,
945 3379 1215 3443 eamque
1248 3362 1615 3438 ostendunt,
1651 3360 1890 3442 quibus

387 3459 681 3541 praecipit
712 3459 873 3522 Deus
903 3460 1193 3541 generari
1225 3459 1292 3521 in
1334 3477 1481 3522 aere
1510 3467 1571 3522 et
1602 3459 1843 3522 venire.

470 3559 600 3627 Qui
630 3559 703 3618 in
734 3579 960 3628 manu,
994 3557 1058 3620 id
1096 3566 1192 3620 est
1222 3557 1551 3639 operativa
1581 3557 1883 3639 potentia,

383 3657 679 3716 omnium
714 3658 1055 3717 hominum
1082 3658 1321 3732 siynat‚
1344 3655 1406 3717 id
1436 3663 1555 3732 est,
1579 3655 1886 3737 disponit,

387 3752 739 3833 ingenerat,
758 3752 1093 3835 imprimit,
1111 3760 1286 3834 aptat
1313 3753 1466 3834 quid
1489 3771 1619 3834 quo
1649 3762 1891 3834 tempo—

386 3870 455 3913 re
486 3850 697 3914 facere
723 3851 1019 3914 debeant.
1042 3851 1257 3912 Talem
1292 3851 1463 3912 enim
1496 3850 1889 3932 operativam

386 3949 690 4012 virtutem
720 3949 897 4011 dedit
918 3948 1308 4026 hominibuS‚
1330 3956 1401 4011 ut
1420 3949 1767 4012 secundum
1792 3969 1891 4012 va-

386 4048 645 4110 rietates
692 4055 1052 4130 temporum
1092 4047 1719 4128 dispositionumque
1749 4047 1890 4129 ejus

384 4164 460 4209 ac
487 4145 679 4222 aeris,
713 4146 794 4207 ad
827 4145 1109 4208 diversas
1139 4145 1543 4227 operationes
1573 4145 1655 4207 sit
1686 4145 1887 4226 magis

2001 3157 2286 3239 loquitur
2322 3174 2335 3218 :
2365 3156 2588 3220 Milvus
2621 3157 2687 3218 in
2717 3157 2880 3220 coelo
2915 3159 3214 3238 cognovit
3241 3167 3493 3241 tempus
3521 3178 3616 3222 ιη.
3642 3182 3786 3232 mm.

2000 3274 2232 3330 suum;
2279 3262 2508 3336 turtur,
2545 3262 2608 3317 et
2649 3254 2948 3332 hirundo,
2993 3263 3055 3318 et
3097 3257 3344 3320 ciconia
3391 3277 3496 3320 cu·

2000 3353 2359 3415 stodierunt
2396 3361 2647 3434 tempus
2680 3353 2990 3415 adventus
3023 3354 3147 3416 sui.
3187 3355 3492 3437 Denique,

1998 3451 2348 3514 secundum
2373 3449 2718 3526 Albertum,
2735 3458 3020 3532 tempore
3041 3450 3069 3512 f
3071 3451 3290 3533 rigido,
3307 3473 3498 3534 quan-

2000 3549 2081 3611 do
2136 3557 2476 3629 generatur
2533 3548 2851 3629 phlegma,
2905 3549 3260 3629 ingreditur
3307 3572 3494 3615 suum

2000 3647 2339 3710 latibulum
2373 3646 2676 3729 quaelibet
2704 3647 2905 3710 bestia
2938 3648 3189 3730 frigidm
3217 3651 3496 3732 comple-

2000 3746 2229 3822 xioniS‚
2268 3745 2488 3826 frigidi
2527 3755 2592 3808 et
2627 3746 2857 3810 viscosi
2903 3747 3302 3824 nutrimenti,
3335 3750 3498 3831 spis-

2002 3863 2085 3908 sae
2107 3845 2311 3926 pelliS,
2331 3843 2510 3926 parvi
2533 3843 2762 3907 caloris
2780 3843 3100 3924 digestivi,
3116 3853 3188 3908 ut
3206 3864 3492 3929 serpenS,

2002 3963 2177 4020 rana,
2224 3943 2492 4019 ciconia,
2538 3943 2837 4020 hirundo,
2877 3944 3023 4024 glis,
3076 3945 3395 4023 coturnix,
3437 3954 3502 4008 et

1998 4043 2291 4122 quaedam
2339 4041 2487 4104 alia.
2521 4041 2662 4104 Haec
2705 4041 2879 4104 enim
2921 4042 3203 4107 viscosos
3249 4053 3496 4108 contra-

2000 4140 2163 4202 hunt
2201 4140 2500 4202 humores
2534 4138 2704 4201 circa
2749 4139 2958 4202 locum
2999 4140 3398 4221 digestionis»,
3429 4150 3495 4205 et

387 4242 699 4325 disposita
743 4259 759 4303 ε
797 4242 949 4324 quia
998 4243 1075 4305 ad
1126 4242 1287 4304 alios
1332 4251 1511 4306 actus
1559 4251 1745 4324 aptus
1794 4251 1891 4306 est
1920 4247 1971 4310 D
2002 4239 2123 4301 nisi
2153 4240 2232 4302 ad
2262 4247 2514 4320 tempus
2550 4239 2804 4320 jaceant
2845 4248 2908 4301 et
2944 4239 3289 4317 dormiant,
3323 4240 3494 4304 scili-

388 4341 582 4403 homo
614 4340 679 4402 in
710 4340 835 4416 die,
870 4347 933 4403 et
962 4341 1041 4402 ad
1069 4340 1230 4402 alios
1264 4349 1489 4420 nocte3
1519 4341 1598 4402 ad
1631 4340 1789 4403 alios
1820 4339 1885 4402 in

385 4447 627 4515 aestate,
659 4439 738 4501 ad
784 4438 943 4501 alios
985 4437 1237 4515 hieme3
1281 4440 1359 4501 ad
1390 4438 1553 4502 alios
1604 4447 1887 4521 tempore

386 4535 695 4600 siccitatis
724 4545 789 4598 et
818 4535 1202 4613 serenitatiS,
1220 4543 1413 4616 atque
1439 4537 1516 4598 ad
1539 4536 1699 4598 alios
1729 4545 1887 4599 tem-

385 4653 543 4717 pore
573 4632 1005 4716 pluviositatis
1026 4642 1090 4696 et
1121 4633 1539 4714 tempestatis„
1566 4634 1722 4698 Hinc
1745 4634 1889 4697 sub-

387 4733 584 4810 ditur,
635 4741 709 4792 ut
754 4733 1056 4793 noverint
1100 4733 1355 4809 singuli
1399 4751 1593 4809 opera
1637 4755 1783 4804 sua,
1824 4733 1888 4794 id

388 4839 507 4908 est,
540 4829 779 4912 quibus
809 4829 1113 4911 operibus
1146 4829 1477 4894 intendere
1497 4829 1773 4893 debeant
1794 4830 1889 4892 di-

387 4929 593 4993 versis
633 4927 1051 5011 temporibus,
1089 4929 1344 5005 Iterum,
1378 4947 1605 4990 manus
1647 4948 1760 4992 seu
1790 4929 1889 4992 vis

390 5028 513 5090 ista
540 5027 888 5110 operativa,
924 5026 1287 5108 specialiter
1313 5027 1521 5109 accipi
1560 5036 1769 5109 potest
1798 5047 1889 5090 ra-

392 5125 483 5188 tio
524 5125 805 5207 practica
840 5142 855 5187 ε
890 5125 957 5187 in
999 5145 1126 5207 qua
1175 5126 1339 5189 Deus
1382 5125 1612 5206 signat,
1658 5126 1725 5188 id
1768 5133 1885 5204 est,

390 5225 524 5290 vim
580 5223 987 5288 discretivam
1038 5224 1205 5287 inter
1250 5224 1491 5288 bonum
1539 5233 1603 5289 et
1648 5224 1885 5287 malum

388 5321 745 5400 constituit,
782 5331 851 5385 ut
894 5323 1191 5388 noverint
1232 5323 1467 5404 singuli
1514 5342 1709 5406 opera
1749 5343 1885 5400 sua,

2000 4347 2099 4401 cet
2129 4347 2416 4420 tempore
2434 4336 2863 4416 generationis
2895 4337 3298 4419 phlegmatis,
3324 4346 3395 4400 ut
3425 4338 3490 4401 in

2002 4436 2226 4513 hieme,
2259 4437 2433 4500 calor
2461 4435 2812 4518 digestivus
2842 4435 2908 4497 in
2937 4435 3030 4500 eis
3062 4435 3494 4501 suffocaretur

1998 4543 2062 4598 et
2088 4543 2464 4599 moreretur.
2489 4535 2556 4597 ln
2585 4552 2811 4598 somno
2839 4533 3014 4598 enirn
3043 4535 3220 4600 calor
3249 4535 3494 4600 confor-

1996 4642 2188 4711 tatur,
2243 4643 2306 4698 et
2363 4634 2592 4698 humor
2639 4634 2927 4698 viscosus
2977 4634 3371 4712 subtiliatur,
3423 4644 3494 4698 ut

1999 4732 2288 4796 membra
2327 4731 2530 4814 possit
2567 4732 2838 4796 nutrire.
3331 4724 3357 4732 “

2078 4835 2178 4893 Ab
2207 4833 2654 4902 interioribus,
2671 4831 2736 4894 id
2764 4839 2862 4895 est
2890 4850 2928 4893 a
2955 4830 3108 4914 polo
3143 4830 3492 4894 antarctico

2000 4929 2186 4992 nobis
2225 4948 2476 5011 semper
2513 4930 2787 5007 occulto,
2821 4929 3110 4992 interiori
3153 4937 3348 5012 atque
3385 4929 3494 4993 de-

2001 5045 2241 5110 presso,
2277 5036 2340 5090 et
2367 5047 2404 5090 a
2442 5027 2600 5091 locis
2643 5045 2786 5109 quae
2829 5036 2980 5090 sunt
3007 5045 3227 5091 versus
3269 5027 3492 5110 polum

2000 5128 2193 5203 hune,
2235 5129 2568 5204 eyreditur
2609 5137 2940 5204 tempestas
2973 5144 2996 5188 .·
3033 5125 3189 5208 quia
3234 5125 3317 5189 ab
3362 5124 3492 5187 illis

2001 5224 2160 5289 locis
2190 5223 2459 5287 veniunt
2496 5224 2700 5287 nubes
2738 5231 3184 5307 tempestuosae
3215 5232 3279 5287 et
3315 5231 3495 5286 motu

2003 5322 2422 5388 involutionis
2468 5321 2723 5386 flantes.
2759 5321 3198 5386 Meridionales
3237 5339 3494 5404 quoque
