4309 6259
832 488 949 551 184

1215 505 1563 553 ENARRATIO
1603 506 1665 551 m
1707 505 1844 551 ω.
1892 504 2044 551 xxlx
2083 504 2245 550 unm
2283 504 2455 550 mum
2493 502 3025 550 PARALIPOHENON.
3068 524 3150 535 --
3188 505 3331 552 ΛΒΤ.
3376 505 3527 551 xxix

551 693 800 746 xpm-,xm
831 676 928 739 vis
958 676 1117 739 alter
1145 675 1341 740 fuerit
1369 684 1582 740 custos
1613 676 2056 739 thesaurorum
2085 676 2314 737 domus
2343 673 2395 736 A
2422 694 2565 754 quoe
2608 675 2683 733 in
2716 678 2867 735 coelo
2906 685 3059 736 sunt
3101 684 3163 736 et
3209 676 3281 735 in
3324 684 3518 747 terra,
3570 684 3679 735 cua
3722 686 3903 737 sunt.

539 759 605 800 20.

563 1775 632 1821 Cf.
653 1776 791 1819 Ρνου.

527 1852 614 1889 ιιι,
637 1842 705 1885 15.

553 3830 608 3874 111
623 3835 730 3889 Περ.
747 3849 776 3884 ι,

517 3900 584 3950 3⁹,
603 3900 670 3940 49.

829 775 1102 852 Domini,
1134 774 1314 856 juxta
1338 775 1708 858 praebabita.

907 878 1316 955 Loetatusque
1345 885 1435 936 est
1462 878 1773 954 populati,
1813 895 2016 955 quum
2055 885 2226 944 vota,
2248 873 2312 936 id

823 979 919 1034 est
949 971 1303 1035 oblationes
1324 972 1572 1036 votivas
1592 980 1656 1036 et
1675 980 2078 1055 spontaneas,
2093 984 2313 1051 sponte

813 1072 1288 1147 promitterent,
1313 1070 1612 1135 videlicet
1631 1090 1708 1134 ex
1728 1071 2305 1153 supererogatione.

821 1170 1062 1252 Nempe
1092 1170 1158 1232 in
1189 1188 1265 1234 eo
1295 1171 1464 1253 quod
1508 1172 1699 1235 homo
1743 1170 1896 1233 facit
1936 1170 2210 1233 libenter
2248 1180 2311 1233 et

821 1286 897 1330 ex
935 1268 1149 1331 animo
1191 1277 1382 1351 atque
1420 1268 1782 1332 dilectionis
1822 1268 2093 1345 fervore,
2129 1277 2310 1332 natu-

821 1366 1038 1429 raliter
1066 1367 1438 1430 delectatur.
1463 1367 1702 1431 Idcirco
1724 1368 2075 1430 secundum
2103 1367 2310 1430 Philo-

819 1466 1116 1547 sophum,
1153 1465 1406 1545 signum
1445 1465 1701 1528 virtutis
1740 1485 1851 1528 seu
1894 1465 2147 1527 habitus
2188 1466 2309 1530 vir-

820 1563 988 1625 tuosi
1018 1571 1137 1639 est,
1171 1564 1507 1627 delectatio
1560 1562 1725 1626 siens
1758 1564 1824 1625 in
1862 1583 2076 1646 opere,
2110 1564 2176 1627 id
2212 1572 2308 1627 est

821 1661 1058 1725 actioni
1081 1662 1265 1725 bonae
1295 1681 1560 1725 annexa.
1591 1662 1656 1724 ln
1689 1662 2130 1725 Ecclesiastico
2150 1682 2309 1744 quo-

821 1778 947 1841 que
975 1760 1406 1842 conscriptum
1439 1768 1536 1824 est
1567 1778 1581 1823 :
1615 1761 1925 1823 Gaudium
1971 1770 2067 1823 est
2105 1762 2302 1843 justo,

2430 777 2664 843 Tuum,
2712 774 3007 845 Domine,
3040 793 3359 851 reynum,·
3394 784 3455 835 et
3504 784 3572 835 cu
3612 795 3675 833 es
3709 795 3907 851 super

2420 890 2635 931 omnes
2668 873 3023 949 principes,
3061 876 3213 933 Tuae
3250 874 3529 942 diviciae,
3556 882 3615 932 et
3658 882 3769 932 tua
3808 882 3904 933 est

2412 972 2671 1046 §loricu-
2712 981 2779 1030 tu
2826 973 3190 1031 dominaris
3227 974 3542 1031 omnium.
3572 974 3653 1032 In
3696 992 3902 1032 manu

2422 1078 2533 1128 tua
2566 1071 2777 1130 virtus
2803 1080 2863 1129 et
2888 1072 3225 1146 potencia;
3266 1072 3335 1129 in
3372 1090 3577 1132 manu
3618 1080 3728 1131 tua
3760 1091 3903 1130 ma-

2410 1170 2691 1243 ym'cudo
2739 1178 2800 1228 ec
2849 1171 3197 1245 imperium
3240 1170 3554 1229 omnium.
3604 1168 3899 1232 Omnium

2418 1264 2589 1327 enim
2643 1266 2914 1329 aliorum
2962 1267 3155 1329 robur
3201 1275 3267 1329 et
3311 1266 3635 1343 fortitudo,
3681 1266 3745 1328 in
3786 1276 3903 1329 tua

2416 1364 2883 1447 omnipotentia
2938 1365 3295 1428 consistunt
3343 1375 3407 1429 et
3455 1363 3803 1428 fulciuntur
3834 1374 3901 1427 et

2416 1471 2896 1538 conservantur,
2931 1470 3123 1544 atque
3151 1464 3513 1546 dependent
3540 1482 3617 1526 ex
3646 1471 3723 1539 te,
3758 1463 3901 1526 sine

2415 1560 2599 1641 cujus
2648 1561 3127 1624 manutenentia
3181 1580 3298 1625 nec
3346 1580 3460 1643 per
3508 1570 3899 1625 momentum

2416 1666 2677 1741 posse-nt
2703 1660 2953 1721 durare.
2976 1662 3170 1722 Nunc
3188 1661 3419 1737 iyitur,
3437 1662 3709 1722 Domine
3725 1663 3901 1722 Deus

2416 1768 2651 1827 noster,
2688 1763 3068 1835 confitemur
3090 1760 3250 1829 -tibi,
3281 1758 3539 1840 propria
3582 1758 3745 1820 mala
3781 1758 3902 1819 bu-

823 1857 1035 1921 facere
1061 1859 1251 1940 juste.
1275 1859 1432 1921 Hinc
1464 1859 1756 1921 subditur
1791 1877 1805 1920 :
1841 1863 1999 1938 quia
2029 1870 2149 1921 toto
2179 1881 2309 1922 cor·
2345 1857 2390 1918 B
2416 1854 2655 1918 militer
2677 1856 3207 1936 recognoscendo,
3226 1867 3286 1918 et
3308 1859 3651 1917 laudamus
3668 1876 3899 1916 nomen

820 1960 922 2029 de,
941 1956 1004 2019 id
1035 1965 1130 2019 est
1158 1956 1406 2038 integro
1425 1957 1633 2020 cordis
1661 1956 1923 2035 affectu,
1949 1966 2012 2020 et
2041 1978 2116 2020 ex
2139 1966 2309 2021 recta

819 2055 1088 2132 ratione,
1139 2056 1494 2138 devotaque
1542 2056 1888 2133 voluntate,
1936 2059 2304 2135 offerebant,

819 2153 885 2215 id
936 2162 1052 2231 est,
1093 2152 1334 2217 offerre
1379 2152 1840 2236 proponebant,
1873 2176 1950 2216 ea
1979 2158 2254 2215 Domino
2284 2177 2307 2215 .-

817 2260 880 2315 et
904 2254 1034 2333 jam
1071 2250 1236 2315 forte
1265 2252 1482 2333 aliqua
1520 2259 1852 2335 coeperunt
1881 2252 2122 2316 offerre
2163 2272 2309 2334 quae

816 2369 1032 2413 secum
1067 2350 1408 2413 habehant.
1444 2351 1534 2412 Ex
1575 2351 1676 2411 his
1725 2370 1982 2432 quoque
2027 2350 2301 2427 elicitur,

815 2448 986 2529 quod
1029 2447 1224 2513 David
1278 2466 1404 2511 non
1454 2448 1836 2530 praeparavit
1879 2467 2088 2529 neque
2133 2449 2307 2511 exhi-

815 2545 955 2607 buit
990 2545 1288 2609 universa
1319 2546 1676 2608 necessaria
1712 2564 1828 2628 pro
1861 2546 2087 2628 templi
2117 2555 2179 2609 et
2210 2567 2307 2609 ce-

813 2652 1094 2707 terorum
1125 2644 1184 2707 ei
1213 2643 1622 2706 attinentium
1650 2643 1942 2707 facienda
1969 2654 2303 2708 structura.

812 2741 1066 2823 Alioqui
1096 2760 1224 2805 non
1257 2741 1485 2805 fuisset
1525 2742 1882 2805 necessaria
1910 2742 2152 2807 oblatio
2183 2743 2305 2806 ista

813 2834 1126 2920 maJorinn
1158 2859 1232 2901 ac
1260 2839 1490 2922 plebis.
1512 2844 1642 2902 Sed
1669 2850 1730 2901 et
1749 2844 1968 2901 David
1986 2862 2102 2901 reoe
2135 2847 2305 2903 loeta-

814 2949 914 3000 tus
954 2948 1044 2999 esc
1075 2940 1321 3017 qaudio
1362 2958 1616 3016 ma9n0,
1649 2958 1726 3001 ex
1763 2940 2303 3022 contemplatione

2420 1962 2605 2015 cuum
2638 1957 2985 2031 inclytum,
3016 1954 3082 2016 id
3118 1962 3215 2017 est
3256 1962 3315 2017 te
3357 1953 3567 2036 ipsum
3598 1972 3903 2035 superno-

2416 2050 2825 2127 bilissimum,
2859 2052 2970 2132 qui
3005 2070 3317 2133 nusquam
3348 2072 3385 2113 a
3414 2051 3672 2134 propria
3697 2051 3903 2132 digni-

2418 2158 2543 2212 tate
2573 2151 2940 2231 degeneras,

2498 2251 2654 2318 Quis
2680 2268 2816 2327 eqo,
2844 2260 2904 2310 ec
2943 2252 3089 2329 quis
3112 2254 3395 2327 populus
3426 2270 3624 2319 meus,
3655 2260 3729 2310 ab
3758 2270 3901 2329 pos-

2413 2352 2617 2410 simus
2650 2351 2767 2409 cibi
2794 2352 2929 2411 lzaec
2948 2352 3256 2410 universa
3276 2351 3693 2427 promittere?
3712 2349 3898 2430 quasi

2414 2447 2584 2509 dicat
2612 2448 2703 2508 :A
2735 2446 2920 2510 nobis
2950 2447 3107 2529 ipsis
3136 2447 3228 2509 nil
3249 2446 3401 2511 boni
3432 2448 3899 2523 habemuS‚nec

2413 2545 2657 2626 aliquid
2690 2544 2841 2607 boni
2878 2544 3083 2608 facere
3113 2564 3474 2628 possumus.
3495 2544 3731 2609 Idcirco
3749 2545 3901 2609 sub-

2410 2644 2735 2725 jungitur:
2760 2649 2900 2706 Tua
2918 2655 3071 2706 sunt
3100 2646 3342 2717 omnia,
3359 2644 3505 2725 jure
3532 2645 3893 2723 creationiS,

2411 2742 2913 2806 conservationis
2942 2751 3007 2805 et
3033 2742 3534 2821 gubernationiS‚
3564 2754 3624 2805 et
3650 2765 3791 2825 quoe
3815 2748 3901 2805 de

2411 2862 2611 2901 manu
2648 2850 2786 2910 tua,
2817 2840 2881 2902 id
2921 2848 3038 2917 cst,
3072 2841 3151 2903 de
3197 2849 3304 2902 tua
3344 2840 3802 2923 omnipotentia
3830 2850 3899 2905 et

2412 2937 2880 3015 munificentia,
2912 2941 3297 3016 accepimuS,
3324 2942 3643 3011 dedimuS,
3677 2938 3741 3001 id
3772 2948 3891 3015 est,

811 3036 1050 3114 divina,
1103 3056 1180 3098 ex
1223 3036 1444 3119 populi
1493 3038 1592 3098 sui
1641 3038 2002 3115 devotione,
2047 3057 2124 3100 ex
2175 3039 2299 3101 filii
2336 3033 2382 3097 C
2408 3037 2759 3101 obtulimus
2791 3057 2902 3101 seu
2942 3037 3351 3120 promisimus
3384 3040 3518 3100 tibi.
3550 3042 3897 3117 Per-cyrini

811 3134 909 3197 sui
944 3135 1362 3217 promotione,
1382 3144 1444 3197 et
1473 3154 1548 3198 ex
1580 3136 2000 3218 prosperitate
2031 3137 2130 3199 sui
2162 3157 2302 3219 pro-

810 3233 1003 3316 positi
1038 3233 1116 3295 de
1151 3233 1390 3316 templo
1421 3233 1820 3297 aedisicando.
1857 3237 1944 3296 Ec
1972 3238 2301 3297 benedixit

808 3334 1083 3393 Domino
1115 3331 1560 3395 benedictione
1591 3331 1822 3409 laudiS‚
1856 3332 1919 3394 id
1949 3340 2066 3409 est,
2095 3334 2301 3397 lauda-

809 3429 904 3492 vit
931 3438 994 3491 et
1019 3428 1407 3509 glorificavit
1440 3430 1658 3506 Deum,
1683 3452 1902 3491 coram
1931 3434 2301 3493 multz'tudi-

808 3549 888 3589 ne
919 3530 1223 3589 universa
1257 3528 1343 3590 ibi
1387 3529 1696 3591 adstante.
1723 3529 2195 3608 Verumtamen,
2229 3541 2300 3594 ut

810 3626 1081 3702 videtur,
1118 3626 1267 3687 huic
1297 3626 1772 3706 congregationi
1817 3645 1944 3689 non
1991 3627 2300 3691 interfue-

809 3732 959 3785 runt
995 3723 1149 3787 Joab
1196 3731 1384 3805 atque
1415 3723 1738 3800 Abiathar,
1772 3725 2076 3805 quoniam
2128 3726 2297 3790 istud

810 3820 934 3883 fuit
964 3829 1108 3903 post
1137 3822 1408 3904 primam
1441 3821 1794 3885 Salomonis
1826 3822 2195 3886 unctionem
2230 3825 2296 3886 in

809 3938 1019 4001 regem
1055 3938 1231 4001 :qua
1280 3919 1466 3995 facta,
1519 3920 1730 3982 statim
1780 3920 2161 3984 dissolutum
2202 3932 2297 3985 est

805 4018 1323 4082 conventiculum
1356 4018 1636 4095 Adoniae,
1673 4027 1736 4081 et
1763 4039 1840 4082 ex
1875 4028 2025 4082 tunc
2050 4021 2205 4083 Joab
2234 4029 2297 4084 et

805 4116 1113 4179 Abiathar
1142 4116 1623 4179 declinaverunt
1654 4136 1691 4178 a
1733 4116 1899 4196 regis
1931 4118 2290 4200 praesentia,

2409 3139 2585 3197 eni-m
2614 3158 2838 3198 sumus
2866 3158 3083 3199 coram
3120 3146 3176 3197 te
3218 3148 3277 3197 et
3317 3140 3583 3199 advenoe·
3611 3158 3634 3197 .·
3666 3137 3729 3199 id
3772 3146 3889 3212 est,

2410 3236 2475 3297 in
2526 3235 2657 3298 vita
2695 3236 3014 3317 praesenti,
3050 3245 3113 3298 et.
3158 3235 3224 3296 in
3274 3243 3440 3297 terra
3484 3234 3896 3299 habitationis

2408 3334 2623 3397 saeculi
2657 3334 2870 3415 hujuS,
2897 3333 3227 3397 constituti
3250 3352 3468 3395 sumus
3498 3333 3664 3396 sicut
3695 3333 3759 3395 in
3790 3334 3898 3397 via

2407 3432 2680 3512 quadam
2719 3441 2783 3493 et
2831 3432 2896 3493 in
2942 3432 3188 3507 exsilio,
3234 3441 3425 3513 atque
3464 3431 3529 3493 in
3581 3431 3719 3495 loco
3766 3450 3891 3495 non

2408 3530 2697 3593 mansivo
2738 3550 2809 3592 ac
2850 3530 3086 3606 stabili,
3120 3530 3232 3593 sed
3281 3529 3647 3593 transitorio
3692 3539 3753 3592 et
3798 3529 3895 3591 in-

2405 3636 2596 3704 certo,
2631 3636 2701 3689 ut
2730 3629 2807 3690 ad
2846 3628 3043 3690 alium
3086 3629 3297 3691 locum
3340 3628 3721 3705 mansivum,
3756 3648 3896 3711 per-

2407 3733 2692 3808 petuum,
2746 3726 3065 3808 aliamque
3124 3726 3319 3791 vitam
3378 3724 3657 3801 felicem,
3709 3727 3895 3789 coele-

2405 3833 2589 3899 stem,
2632 3832 2928 3886 aeternam
2975 3825 3331 3901 tendamuS,
3367 3843 3781 3906 properemus
3818 3844 3894 3887 ac

2406 3924 2882 4006 pertingamus3
2921 3926 3087 3985 sicut
3130 3943 3345 3984 omnes
3374 3932 3595 4000 patres
3634 3926 3838 3984 nostri
3868 3945 3893 3983 .·

2404 4022 2705 4103 quoniam
2747 4022 2950 4085 sancti
2981 4030 3191 4103 patres
3221 4029 3283 4084 et
3321 4039 3543 4084 omnes
3574 4020 3760 4084 electi
3800 4021 3893 4084 sic

2403 4121 2502 4181 usi
2526 4128 2675 4181 sunt
2706 4120 2836 4182 vita
2865 4120 3163 4202 praesenti
3192 4129 3255 4182 et
3284 4119 3677 4182 habitatione
3706 4126 3896 4183 terre-

805 4224 876 4278 ut
905 4216 1092 4278 tertio
1120 4216 1362 4296 Regum
1392 4215 1558 4278 libro
1587 4215 1877 4278 habetur.
2328 4219 2377 4281 D
2404 4238 2505 4280 na.
2540 4218 2799 4300 Propter
2827 4220 2997 4300 quod
3026 4219 3216 4281 Jacob
3247 4216 3545 4281 disseruit
3571 4236 3585 4280 :
3612 4218 3755 4281 Dies
3786 4238 3895 4301 pe-
3940 4242 4071 4287 σει..
4090 4260 4233 4295 nm
4287 4276 4289 4279 .

887 4317 971 4375 Et
999 4316 1096 4373 ait
1126 4334 1149 4373 .·
1181 4315 1566 4375 Benedictus
1595 4335 1678 4386 eS,
1713 4316 1988 4375 Domine
2015 4320 2188 4377 Deus
2207 4322 2295 4379 Is·
2404 4315 2849 4395 regrinationis
2882 4315 3027 4379 vitae
3058 4336 3215 4379 meae
3244 4335 3435 4398 super
3468 4325 3719 4393 terram,
3750 4336 3893 4379 cen·
3920 4308 3961 4347 ⁹·

805 4416 945 4473 rael
977 4413 1192 4490 patris
1239 4414 1466 4483 nostri,
1501 4412 1565 4474 id
1613 4420 1730 4489 est,
1785 4421 1850 4474 tu
1902 4415 2066 4476 Deus
2101 4415 2293 4479 Jacob
2405 4423 2535 4476 tum
2570 4414 2831 4495 triginta
2858 4434 3171 4478 annorum
3202 4422 3371 4491 sunt,
3406 4415 3587 4497 parvi
3618 4423 3683 4477 et
3710 4415 3887 4491 mali,

533 4520 777 4573 Gmxxxn.
806 4510 1201 4593 patriarcba),
1250 4509 1362 4591 qui
1411 4510 1537 4573 alio
1587 4510 1846 4574 nominc
1895 4521 2157 4575 vocatus
2197 4523 2294 4576 est
2401 4520 2463 4574 et
2494 4531 2619 4576 non
2655 4522 3081 4594 pervenerunt
3118 4532 3319 4595 usque
3349 4512 3431 4575 ad
3469 4513 3606 4575 dies
3638 4522 3889 4595 patrum

511 4584 778 4636 ²⁸³”¹⁹'¹⁰'
804 4608 1016 4686 lsrael,
1049 4611 1128 4668 ab
1163 4619 1400 4670 oeterno
1431 4628 1468 4671 a
1510 4611 1686 4691 p'arte
1715 4618 1882 4687 ante,
1913 4622 1973 4671 ec
2005 4614 2076 4672 in
2113 4624 2294 4673 ceter·
2402 4629 2717 4687 meorum,
2773 4611 3007 4692 quibus
3068 4610 3453 4693 peregrinati
3502 4618 3653 4673 sunt
3698 4630 3893 4694 super

803 4709 963 4769 nun‘z
1005 4726 1042 4769 a
1081 4714 1262 4790 parte
1304 4714 1467 4790 post.
1508 4710 1644 4769 Tua
1683 4718 1796 4779 est,
1828 4712 2121 4781 Domine,
2157 4734 2293 4773 ma-
2402 4716 2653 4770 terram.
2702 4710 2777 4770 Et
2812 4709 3149 4790 Apostolus
3186 4726 3199 4770 ε
3234 4706 3369 4772 Non
3412 4708 3745 4786 habemuS,
3796 4709 3894 4772 in·
3947 4734 4227 4788 flebam,

794 4806 1202 4883 qnificencia,
1239 4804 1303 4868 id
1346 4813 1444 4868 est
1485 4804 1861 4868 excellentia
1907 4806 1971 4868 in
2017 4809 2284 4888 agendo,
2399 4805 2680 4888 quit,bic
2714 4816 3075 4869 manentem
3106 4806 3581 4885 civitatem,sed
3606 4807 3893 4871 suturam
3924 4800 3993 4839 ¹⁴·

800 4902 952 4984 quia
999 4902 1527 4980 eminentissime,
1571 4903 2038 4986 potentissime,
2082 4913 2146 4967 et
2194 4926 2291 4967 sa-
2398 4902 2807 4984 inquirimus,
2834 4904 2909 4965 Et
2931 4924 3147 4967 rursus
3182 4905 3260 4967 de
3287 4904 3571 4986 antiquis
3603 4906 3893 4987 patribus

535 5010 772 5065 'potentia
800 5000 1202 5083 pientissime
1251 5001 1556 5084 operaris,
1597 5012 1657 5062 et
1688 5012 1964 5079 poteslas
1981 5004 2030 5071 *‚
2084 5002 2146 5063 id
2192 5013 2288 5066 est
2398 5001 2669 5081 loquens
2704 5019 2719 5063 ε
2755 5000 3048 5066 Defuncti
3099 5011 3269 5080 sunt,
3324 5003 3434 5079 ait,
3490 5022 3715 5067 omnes
3756 5004 3889 5080 isti,
3979 5029 4217 5083 unda..

798 5098 1284 5181 omnipotentia,
1333 5098 1635 5162 convenit
1681 5097 1819 5174 tibi,
1855 5108 1916 5158 et
1946 5101 2189 5175 gloria,
2222 5100 2283 5161 id
2396 5117 2522 5162 non
2556 5099 2833 5180 acceptis
2860 5100 3488 5182 repromissionibuS,
3512 5102 3623 5164 sed
3644 5102 3897 5185 alonge
3924 5094 3990 5141 ¹³·
4020 5096 4099 5138 ¹⁴·

794 5206 891 5261 est
936 5198 1157 5261 laetitia
1195 5216 1306 5260 seu
1351 5196 1522 5258 fama
1559 5196 1732 5259 clara
1777 5214 1922 5258 cum
1962 5196 2279 5275 laudibus,
2392 5216 2498 5259 eas
2529 5196 2955 5277 adspicientes
2987 5207 3050 5261 et
3080 5200 3450 5277 salutanteS,
3486 5207 3549 5263 et
3578 5198 3895 5264 confiten—

793 5307 985 5377 atque
1015 5298 1312 5367 victoria,
1355 5305 1416 5356 ec
1461 5296 1580 5355 cibi
1617 5298 1782 5355 laus.
1820 5295 2062 5355 Cuncta
2107 5297 2281 5357 enim
2395 5303 2489 5358 tes
2527 5294 2678 5375 quia
2719 5296 3037 5376 peregrini
3082 5304 3146 5360 et
3182 5297 3467 5380 hospites
3507 5307 3659 5363 sunt
3692 5318 3892 5382 super
