4309 6259
1331 512 1680 559 nummo
1722 512 1785 557 m
1826 512 1961 557 ω.
2013 512 2048 555 v
2087 512 2215 557 soa.
2260 531 2341 543 --
2381 513 2523 558 aar.
2572 513 2653 558 xv
3414 496 3532 559 375

429 700 470 743 a
499 682 632 745 Deo
663 681 1079 765 corporaliter
1108 700 1364 763 quoque
1407 680 1632 744 occidi.
1667 680 1792 743 Nec
1821 679 1935 742 mi·
1962 680 2012 742 A
2041 688 2137 743 est
2170 682 2261 743 ira
2281 700 2469 762 quam
2505 681 2901 764 impatientia
2919 684 3170 759 excitat,
3192 682 3318 745 alia
3335 702 3529 765 quam

431 798 600 857 rum,
637 800 838 861 quum
873 788 1192 843 mereatur
1227 788 1289 843 et
1321 788 1586 843 mortem
1626 779 1934 859 gehennae

425 887 762 942 aternam.
787 878 1098 953 Quoniam
1121 898 1272 942 vero
1303 879 1616 960 sapientia
1641 877 1794 939 facit
1822 878 1934 940 ho-

425 976 676 1040 minem
709 978 778 1039 in
805 978 1106 1041 omnibus
1137 977 1524 1053 ordinatum,
1560 986 1623 1039 et
1667 977 1935 1059 pruden-

427 1075 518 1137 tia
558 1076 772 1139 reddit
817 1076 1187 1153 discretum,
1221 1076 1336 1159 qui
1383 1074 1695 1157 sapientia
1744 1084 1933 1156 atque

425 1176 779 1257 prudentia
824 1184 1018 1253 caret,
1071 1174 1413 1239 confestim
1471 1182 1806 1257 superatur
1853 1174 1932 1237 ab

423 1272 556 1347 ira3
593 1272 866 1355 ipsaque
899 1274 993 1336 ira
1025 1272 1183 1337 facit
1213 1273 1539 1337 hominem
1570 1273 1764 1335 stulto
1795 1292 1933 1335 con-

425 1372 738 1449 similem,
784 1372 1050 1435 rationis
1101 1373 1317 1435 lumen
1367 1372 1777 1435 vehementer
1823 1372 1934 1435 ob-

427 1471 852 1547 tenebrando,
908 1471 998 1533 ita
1041 1472 1211 1552 quod
1264 1470 1456 1533 homo
1507 1470 1708 1532 instar
1757 1470 1932 1533 canis

425 1570 748 1652 impetum
781 1569 1072 1651 sequitur
1110 1569 1448 1652 passionis,
1483 1569 1625 1632 Ideo
1655 1569 1812 1632 dicit
1845 1570 1935 1631 Ja-

135 1683 313 1727 Jaoob.
347 1698 384 1732 ι.
423 1668 631 1732 cobus
669 1686 683 1731 :
722 1670 818 1731 lra
859 1668 1006 1746 viri,
1040 1668 1357 1751 justitiam
1388 1668 1498 1731 Dei
1545 1685 1672 1730 non
1713 1687 1934 1750 opera-

85 1746 382 1855 {ffleffm
425 1776 558 1829 tur.
593 1767 1014 1831 Ecclesiastes
1059 1786 1318 1850 quoque
1352 1784 1366 1828 ε
1400 1767 1488 1829 Ne
1521 1766 1610 1829 sis
1642 1767 1824 1829 velox
1853 1767 1930 1828 ad

2039 780 2213 842 zelus
2247 779 2481 843 format
2515 799 2529 843 :
2566 781 2677 843 illa
2707 801 2782 845 ex
2810 782 2989 858 vitio,
3013 782 3146 847 haec
3177 781 3411 845 virtute
3430 799 3531 862 ge—

2041 886 2320 941 neratur.
2357 878 2421 941 Si
2456 879 2627 941 enim
2667 880 2844 942 nulla
2886 880 2981 942 ira
3020 900 3096 943 ex
3135 880 3369 944 virtute
3396 900 3530 942 sur-

2040 986 2237 1057 geret,
2293 977 2527 1041 divinae
2585 978 3156 1043 animadversionis
3218 979 3527 1061 impetum

2038 1076 2308 1138 Phinees
2339 1095 2453 1159 per
2489 1078 2771 1157 gladium
2820 1097 2946 1141 non
2992 1079 3324 1160 placasset.
3356 1078 3527 1141 Hanc

2041 1174 2201 1236 iram
2232 1175 2380 1256 quia
2410 1175 2543 1237 Heli
2588 1195 2713 1239 non
2752 1176 2999 1253 habuit,
3034 1185 3273 1239 motum
3309 1185 3530 1239 contra

2041 1292 2108 1336 se
2139 1272 2631 1356 implacabiliter
2670 1294 2961 1356 supernae
2998 1275 3261 1338 ultionis
3300 1275 3531 1339 excita-

2041 1371 2154 1434 vit.
2182 1372 2301 1434 Sed
2332 1390 2529 1452 quum
2558 1391 2671 1454 per
2698 1374 2899 1435 zelum
2930 1374 3181 1435 animus
3212 1382 3525 1449 movetur,

2040 1471 2391 1534 curandum
2425 1490 2829 1552 summopere
2858 1481 2975 1548 est,
3011 1491 3091 1535 ne
3120 1472 3215 1534 ira
3244 1491 3384 1554 quae
3414 1490 3531 1554 pro

2041 1570 2472 1632 instrumento
2504 1570 2761 1632 virtutis
2789 1571 3157 1648 assumitur,
3194 1570 3393 1633 menti
3423 1571 3533 1634 do-

2040 1668 2343 1743 minetur,
2369 1687 2485 1730 nec
2516 1668 2701 1749 quasi
2733 1669 2992 1731 domina
3021 1677 3276 1750 praeeat,
3303 1670 3411 1732 sed
3434 1687 3534 1732 ve—

2042 1768 2137 1829 lut
2166 1767 2400 1830 ancilla
2427 1768 2506 1830 ad
2538 1768 2917 1849 obsequium
2937 1776 3175 1849 parata,
3200 1787 3237 1829 a
3268 1766 3531 1830 rationis

87 1872 150 1913 ιο.
421 1862 842 1929 irascendum
869 1890 885 1940 ς
921 1865 1016 1927 ira
1045 1864 1220 1929 enim
1252 1865 1319 1926 in
1351 1865 1495 1926 sinu
1528 1864 1706 1927 stulti
1731 1864 1933 1945 requi·
1963 1865 2010 1927 B
2043 1875 2218 1945 tergo
2250 1884 2577 1947 nunquam
2615 1866 2886 1929 recedat.
2923 1865 3097 1929 Tunc
3136 1866 3308 1928 enim
3347 1865 3533 1929 robu-

85 1985 192 2041 εαρ.
211 1990 378 2035 snas.
419 1963 604 2029 escit.
617 1964 944 2037 Praeterea,
966 1983 1168 2046 quum
1191 1963 1498 2045 scriptum
1521 1962 1719 2039 sit,Tu
1738 1963 1935 2026 domi-

417 2070 638 2139 nator,
675 2061 965 2139 Domine,
999 2082 1146 2125 cum
1168 2062 1628 2143 tranquillitate
1657 2061 1927 2142 judicaS,

417 2162 526 2223 ira
556 2160 715 2224 facit
745 2160 1072 2223 hominem
1106 2160 1172 2222 in
1201 2160 1546 2242 judicando
1568 2159 1933 2241 specialiter

415 2260 558 2323 Deo
579 2258 968 2335 difformem‚
983 2259 1138 2321 dum
1159 2259 1352 2322 homo
1373 2278 1518 2321 cum
1541 2258 1934 2321 turbulentia

411 2359 718 2440 judicat:
747 2359 920 2440 quod
955 2358 1231 2421 maxime
1269 2358 1571 2421 indecens
1602 2364 1719 2420 est.
1755 2357 1932 2419 Unde

414 2457 512 2519 ad
533 2456 696 2520 iram
719 2456 1184 2539 specialissime
1204 2456 1613 2521 devitandam
1634 2457 1933 2519 admonet

109 2577 377 2629 metam,
415 2555 722 2619 Christus
761 2572 774 2617 :
811 2554 1046 2617 Discite
1071 2574 1109 2617 a
1140 2573 1266 2631 me,
1302 2554 1455 2636 quia
1490 2554 1666 2616 mitis
1698 2573 1841 2616 sum
1871 2562 1934 2617 et

89 2644 154 2683 ²⁹·
413 2654 723 2715 humiliS.
755 2654 871 2718 Per
910 2653 1070 2717 iram
1103 2653 1292 2715 etiam
1327 2652 1581 2716 socialis
1614 2652 1746 2716 vita
1788 2671 1934 2716 con-

418 2750 750 2828 funditur,
784 2752 1128 2815 concordia
1144 2751 1512 2834 dissipatur,
1538 2752 1806 2814 societas
1828 2770 1933 2831 ag-

99 2868 379 2919 ennum,
411 2859 756 2931 gravatur,
780 2851 959 2932 juxta
991 2850 1150 2913 illud
1169 2850 1654 2914 Proverbiorum
1691 2868 1706 2911 ε
1742 2849 1933 2932 Spiri-

87 2934 376 3050 ζζζζῗζῐζξ
419 2958 571 3011 tum
621 2949 700 3011 ad
753 2948 1158 3011 irascendum
1199 2947 1452 3012 facilem
1506 2948 1650 3030 quis
1698 2948 1932 3031 poterit

2042 1965 2202 2026 stius
2246 1973 2468 2026 contra
2510 1964 2668 2029 vitia
2710 1964 2995 2043 erigitur,
3031 1984 3229 2045 quum
3275 1964 3533 2027 subdita

2043 2062 2275 2126 rationi
2310 2062 2677 2125 famulatur.

2123 2166 2207 2224 Ει
2238 2166 2621 2239 parvulum,
2656 2182 2800 2224 eum
2851 2161 3169 2237 videlicet,
3206 2161 3318 2242 qui
3357 2180 3425 2224 se
3456 2181 3532 2224 ex

2042 2260 2464 2342 prosperitate
2494 2266 2557 2323 et
2587 2260 2773 2323 bonis
2811 2259 3083 2321 aliorum
3126 2268 3379 2340 reputat
3420 2259 3534 2321 mi-

2044 2360 2280 2437 norari,
2324 2362 2555 2421 occidit
2600 2361 2859 2420 invidia
2890 2379 2913 2421 .·
2953 2378 3095 2439 quae
3137 2367 3233 2421 est
3274 2358 3535 2421 tristitia

2044 2460 2122 2522 de
2173 2460 2343 2521 bono
2387 2457 2669 2533 alteriuS‚
2716 2457 2781 2518 in
2824 2465 3131 2539 quantum
3180 2457 3535 2539 apprehen-

2043 2558 2218 2619 ditur
2240 2564 2307 2619 ut
2338 2556 2581 2638 proprii
2613 2555 2766 2618 boni
2798 2555 3276 2617 minorativum.
3302 2554 3533 2637 Sicque

2044 2655 2360 2730 invidenS,
2386 2672 2499 2735 per
2529 2673 2708 2715 suam
2741 2652 2865 2717 sibi
2898 2653 3205 2715 invidiam
3237 2652 3416 2716 testis
3438 2661 3535 2716 est

2041 2754 2214 2836 quod
2246 2752 2549 2834 parvulus
2573 2752 2676 2829 sit,
2710 2750 2865 2833 quia
2894 2770 2969 2814 ex
2998 2751 3269 2814 aliorum
3290 2750 3535 2830 magni-

2045 2851 2348 2914 ficatione
2379 2868 2447 2912 se
2478 2850 2750 2913 aestimat
2778 2849 3169 2932 parvificari.
3205 2849 3347 2913 Ideo
3378 2848 3536 2912 dicit

2040 2949 2379 3030 Gregorius
2428 2966 2443 3009 t
2491 2948 2777 3011 invidere
2826 2967 2954 3011 non
3004 2966 3366 3030 possumus,
3408 2947 3534 3010 nisi

413 3047 796 3111 sustinere?
829 3046 906 3109 Et
940 3064 953 3108 :
989 3048 1302 3129 Impetum
1334 3047 1598 3129 spiritus
1629 3046 1927 3109 concitati
1964 3048 2010 3113 C
2041 3049 2132 3112 eis
2153 3067 2315 3130 quos
2338 3047 2524 3111 nobis
2554 3047 2620 3109 in
2645 3047 2863 3128 aliquo
2881 3048 3179 3110 meliores
3209 3054 3528 3129 putamus,

411 3146 579 3228 quis
627 3145 1015 3208 sustinebit?
1065 3146 1346 3227 Itemque
1391 3164 1405 3207 :
1447 3145 1589 3208 Noli
1637 3145 1928 3207 assiduus

405 3262 570 3307 esse
601 3263 752 3307 cum
791 3243 1058 3306 homine
1097 3243 1426 3319 iracundo,
1463 3262 1544 3306 ne
1581 3244 1790 3306 discas
1836 3262 1931 3305 se-

406 3342 620 3405 mitas
671 3341 838 3423 ejus,
887 3350 952 3404 et
1007 3360 1222 3403 sumas
1271 3342 1640 3405 scandalum
1699 3342 1929 3404 animai

407 3451 579 3505 tuae.

509 3538 821 3620 Denique,
874 3538 1228 3600 secundum
1278 3538 1605 3615 Thomam,
1656 3557 1783 3601 non
1832 3546 1928 3600 est

406 3638 649 3720 aliqua
696 3636 981 3701 conditio
1031 3636 1388 3713 hominum,
1432 3637 1535 3700 cui
1587 3656 1714 3700 non
1762 3637 1928 3699 adsit

407 3736 652 3817 aliqua
680 3734 966 3818 pronitas
1005 3736 1084 3798 ad
1130 3744 1481 3816 peccatum.
1517 3736 1676 3798 Sunt
1715 3744 1926 3798 autem

405 3836 574 3898 duae
613 3833 948 3896 hominum
987 3832 1412 3896 conditiones,
1462 3833 1728 3907 Quidam
1779 3841 1928 3895 sunt

405 3930 648 4013 magni
669 3930 953 4011 elatique
970 3931 1192 4007 animi,
1219 3931 1330 4013 qui
1365 3931 1552 3994 facile
1582 3951 1929 4014 provocan-

409 4041 532 4094 tur
565 4030 645 4091 ad
677 4030 861 4105 iram,
881 4029 1186 4110 quoniam
1215 4030 1310 4092 ira
1329 4038 1425 4092 est
1453 4032 1773 4112 appetitus
1795 4030 1929 4094 vin-

405 4129 618 4193 dictae
659 4146 735 4190 ex
771 4127 1154 4210 praecedenti
1197 4127 1454 4191 offensa
1490 4129 1871 4211 proveniens
1909 4146 1922 4189 ε

407 4234 674 4309 quanto
732 4233 946 4289 autem
1001 4225 1148 4307 quis
1211 4224 1406 4288 fuerit
1468 4227 1666 4288 animi
1725 4226 1926 4305 magis
1955 4230 2006 4292 D

407 4324 605 4401 elati,
623 4332 802 4387 tanto
828 4340 906 4386 ex
939 4324 1163 4388 leviori
1194 4343 1387 4386 causa
1417 4344 1484 4387 se
1516 4333 1694 4405 putat
1724 4324 1930 4388 offen-

409 4442 600 4487 sum.
647 4420 862 4485 Talem
913 4440 1064 4486 vero
1106 4422 1393 4486 nominat
1443 4424 1730 4497 stultum,
1777 4423 1930 4505 quia

415 4540 546 4605 per
600 4519 967 4601 superbiam
1004 4520 1195 4582 homo
1237 4521 1559 4601 praecipue
1597 4530 1795 4583 metas
1836 4541 1932 4583 ra-

415 4618 630 4683 tionis
661 4618 930 4695 excedit,
955 4626 1019 4681 et
1041 4618 1373 4680 humilitas
1405 4618 1572 4682 viam
1605 4620 1932 4700 sapientias

413 4724 632 4801 parat.
653 4716 935 4778 Stultitia
955 4734 1213 4798 quoque
1237 4716 1584 4779 iracundiae
1606 4717 1933 4798 competit,

415 4814 746 4898 quoniam
777 4814 846 4875 in
877 4814 1125 4877 ultione
1155 4814 1414 4877 modum
1451 4814 1714 4877 rationis
1733 4823 1937 4877 trans-

417 4912 736 4996 greditur.
758 4912 1027 4986 Quidam
1058 4920 1268 4975 autem
1301 4921 1450 4975 sunt
1468 4914 1932 4995 pusillanimeS,

421 5022 492 5079 ct.
537 5010 609 5073 hi
648 5011 730 5072 ad
777 5010 1084 5074 invidiam
1128 5011 1314 5093 proni
1349 5020 1499 5073 sunt
1533 5029 1548 5072 ε
1585 5011 1663 5074 de
1704 5012 1936 5093 quibus

421 5108 654 5175 statim
687 5108 958 5173 dicetur.
992 5108 1314 5171 Postremo
1351 5109 1737 5173 advertenda
1765 5120 1934 5185 sunt,

423 5227 585 5292 quae
605 5207 710 5271 hic
740 5207 966 5270 scribit
983 5206 1322 5289 Gregorius
1341 5209 1420 5270 de
1451 5208 1546 5269 ira
1567 5227 1680 5289 per
1708 5210 1937 5271 zelum.

431 5306 742 5382 Solerter,
790 5304 1027 5385 inquit,
1071 5304 1402 5367 sciendum
1448 5312 1563 5381 est,
1607 5306 1776 5387 quod
1819 5306 1946 5368 alia

2038 3146 2345 3210 Parvulus
2394 3164 2545 3226 ergo
2594 3152 2709 3221 est,
2756 3145 2869 3226 qui
2918 3145 3119 3208 livore
3167 3144 3527 3208 occiditur:

2039 3245 2345 3327 quoniam
2383 3245 2519 3326 ipse
2566 3243 2689 3305 sibi
2737 3243 3171 3306 testimonium
3212 3244 3527 3326 perhibet,

2036 3345 2210 3426 quod
2240 3362 2316 3406 eo
2348 3342 2556 3405 minor
2584 3342 2671 3403 sit
2697 3341 2880 3423 cujus
2904 3348 3233 3424 torquetur
3261 3342 3525 3405 invidia.

2036 3442 2249 3517 Porro,
2282 3460 2483 3523 quum
2521 3439 2749 3502 caritas
2780 3439 2862 3501 sit
2906 3439 3145 3502 directe
3175 3439 3526 3521 spiritualis

2037 3540 2169 3603 vita
2212 3538 2462 3615 animae,
2505 3537 2803 3620 princeps
2834 3546 2897 3600 et
2941 3535 3148 3599 forma
3188 3537 3519 3614 virtutum,

2038 3637 2281 3701 invidia
2314 3655 2455 3717 quae
2494 3635 2553 3698 ei
2592 3635 2832 3698 directe
2864 3634 3231 3717 opponitur,
3265 3643 3362 3698 est
3389 3654 3526 3717 pes-

2037 3737 2271 3799 simum
2301 3735 2552 3812 vitium,
2579 3732 2814 3797 occisio
2844 3734 3098 3809 mentiS‚
3118 3740 3181 3796 et
3209 3735 3524 3816 corporali

2036 3854 2293 3917 quoque
2322 3833 2467 3897 vitae
2501 3833 2769 3894 multum
2804 3831 3051 3907 nociva,
3080 3831 3415 3895 Salomone
3434 3832 3525 3895 di-

2037 3941 2220 3996 cente
2254 3950 2267 3993 :
2301 3930 2445 3994 Vita
2488 3930 2798 4012 carnium,
2848 3928 3083 3991 sanitas
3126 3930 3369 4005 cordis;
3417 3950 3525 4012 pu-

3570 1002 3709 1045 Num.
3721 1016 3817 1053 xxv,

3555 1067 3595 1117 7,
3613 1068 3653 1115 8,
3674 1067 3809 1108 11-13.

3596 1190 3740 1243 tneo.
3758 1204 3816 1240 ιιι,

3558 1255 3624 1305 ιε,
3647 1254 3713 1296 ιι.

3580 3960 3713 4003 Pron.
3730 3971 3815 4010 xxv,

2039 4031 2216 4093 tredo
2250 4029 2511 4105 ossium,
2555 4026 2819 4091 invidia.
2852 4026 3053 4091 lnvidi
3094 4027 3356 4109 insuper
3385 4048 3525 4109 spe-
3552 4025 3619 4064 ³⁰·

2037 4130 2284 4193 cialiter
2341 4126 2673 4189 imitantur
2726 4125 3069 4200 diabolum,
3119 4125 3297 4206 juxta
3352 4127 3521 4207 quod

2039 4226 2303 4308 Sapiens
2341 4223 2569 4287 asserit
2600 4241 2614 4285 ε
2649 4222 2894 4287 Invidia
2933 4222 3171 4285 diaboli
3214 4241 3383 4286 mors
3432 4222 3524 4284 in-

2037 4325 2257 4388 troivit
2287 4325 2352 4386 in
2394 4324 2613 4387 orbem
2654 4330 3009 4396 terrarum3
3044 4321 3376 4384 imitantur
3413 4341 3525 4384 au-

2041 4434 2167 4487 tem
2209 4424 2413 4499 illum,
2450 4421 2561 4503 qui
2598 4428 2747 4483 sunt
2786 4440 2860 4483 ex
2902 4428 3081 4503 parte
3118 4422 3279 4502 ejuS.

2119 4522 2322 4597 Quum
2371 4522 2586 4602 itaque
2638 4520 3081 4601 unusquisque
3122 4529 3407 4583 nostrum
3453 4541 3529 4584 ex

2041 4620 2319 4685 naturali
2358 4620 2777 4701 dispositione
2810 4638 2919 4681 seu
2952 4618 3421 4683 assuefactione
3453 4621 3532 4683 ad

2041 4719 2304 4801 aliquod
2342 4717 2619 4800 speciale
2649 4716 2875 4780 vitium
2913 4716 3259 4781 inclinetur
3292 4726 3355 4780 et
3392 4736 3536 4800 pro-

2044 4837 2167 4879 nus
2197 4816 2301 4893 sit,
2336 4816 2525 4879 debet
2553 4822 2774 4877 contra
2809 4813 2967 4876 illud
3009 4814 3536 4896 specialissimam

2046 4934 2328 4998 pugnam
2353 4932 2691 4988 assumere,
2710 4913 2905 4975 Deum
2926 4912 3163 4993 jugiter
3183 4931 3300 4995 pro
3323 4914 3539 4976 trium-

2047 5013 2288 5095 phandi
2320 5010 2525 5091 gratia
2550 5010 2965 5091 implorando,
2988 5010 3233 5092 aptiora
3262 5012 3543 5075 remedia

2049 5111 2459 5193 inquirendo,
2494 5127 2689 5190 seque
2728 5108 2805 5169 ad
2844 5108 3143 5171 virtutem
3180 5110 3539 5190 oppositam

2051 5206 2511 5272 cordialissime
2544 5205 2944 5287 applicando.
2978 5205 3155 5267 Unde
3186 5207 3295 5287 qui
3326 5206 3542 5286 singu-

2055 5307 2273 5369 lariter
2315 5305 2394 5367 ad
2455 5303 2817 5385 superbiam
2866 5322 2978 5365 seu
3031 5303 3188 5365 iram
3236 5305 3539 5387 proclivis

3569 4244 3679 4299 Sap.
3690 4256 3734 4296 u,
3746 4244 3815 4294 24,

3550 4310 3619 4350 25.
