4309 6259
61 1096 206 1151 δορὴ.
215 1110 286 1145 ιιι,
295 1100 316 1139 1
327 1099 368 1139 5.

1247 526 1596 573 mannum
1638 526 1698 571 m
1744 525 1880 571 cu.
1928 525 1993 571 xi
2031 526 2159 574 son.
2203 548 2286 557 —
2325 530 2467 576 aar.
2514 532 2684 578 xxvn
3384 516 3503 579 469

409 691 661 772 putavit
689 692 990 774 cuiquam
1024 694 1264 758 auferri
1298 696 1420 758 nisi
1456 716 1571 779 pro
1602 699 1804 779 culpa.
1821 700 1908 759 Et
1937 696 1990 757 A
2021 721 2223 782 usque
2268 702 2346 766 ad
2397 704 2744 786 perfectam
2788 704 2980 768 diem.
3016 709 3099 768 Ec
3137 708 3391 767 habebis
3428 712 3503 783 fi-

407 809 536 850 non
572 792 828 851 timebis
861 793 1369 857 adversariorum
1413 796 1728 859 incursus.
1771 796 1900 873 Vel,
2015 806 2307 873 (luciam,
2352 804 2415 866 id
2462 813 2558 867 est
2606 805 2815 868 cordis
2862 805 3330 881 certitudinem,
3375 824 3505 868 cer·

407 886 540 950 Non
591 888 852 952 timebis
897 892 1094 954 Deum
1140 894 1368 957 timore
1416 896 1656 957 servili.
1695 896 1761 957 In
1803 896 1906 959 die
2018 908 2276 981 tamque
2306 902 2762 966 confidentiam
2807 905 2885 965 de
2926 902 3141 967 futuro
3181 903 3349 966 bono
3390 924 3502 966 seu

406 1005 667 1068 quoque
713 988 942 1069 judicii
991 990 1118 1053 eris
1167 1012 1430 1056 securus
1485 1012 1499 1055 :
1555 994 1904 1057 secundum
2017 1000 2278 1081 praemio
2327 1010 2469 1082 post
2518 1011 2807 1079 mortem,
2848 1005 3180 1081 proposita
3232 1004 3349 1063 tibi
3395 1024 3503 1081 spe

407 1084 568 1147 illud
601 1084 963 1169 Sophoniae,
988 1090 1294 1153 Dominus
1327 1092 1391 1154 in
1423 1093 1632 1155 medio
1662 1094 1753 1155 tui
1785 1104 1899 1171 est,
2015 1098 2385 1179 hujusmodi
2429 1101 2601 1177 boni,
2638 1120 2750 1164 seu
2788 1121 2900 1183 spe
2940 1101 3193 1183 pietatis
3231 1121 3304 1164 ac
3344 1101 3502 1164 libe-

409 1202 537 1245 non
573 1185 830 1249 timebis
862 1188 1105 1252 malum
1138 1190 1326 1253 ultra.
2015 1197 2284 1260 ralitatis
2328 1198 2563 1262 divinae
2603 1220 2617 1264 :
2663 1210 2851 1282 prout
2894 1202 2972 1263 ad
3008 1199 3301 1263 Hebraeos
3343 1200 3501 1263 dicit

489 1286 780 1347 Mi'serioe
807 1308 1076 1367 quoque,
1107 1290 1171 1351 id
1201 1298 1297 1351 est
1326 1290 1558 1371 prioris
1587 1292 1905 1353 calamita·
2015 1295 2381 1377 ApostoluS‚
2442 1298 2903 1361 Firmissimum
2972 1299 3279 1361 habemus
3338 1300 3501 1361 sola-
3570 1324 3712 1369 eaor.
3732 1339 3788 1375 vn,

407 1380 490 1443 tis
535 1391 600 1445 et
641 1383 868 1465 plagae,
904 1405 1098 1467 quam
1143 1408 1348 1469 usque
1390 1409 1559 1452 nunc
1600 1392 1898 1468 sustines,
2017 1396 2199 1471 tium,
2243 1395 2352 1476 qui
2398 1396 2804 1477 confugimus
2852 1400 2931 1461 ad
2974 1400 3313 1461 tenendam
3356 1418 3501 1481 pro-
3530 1389 3595 1429 ¹⁸·

406 1484 810 1543 oblivisceris
835 1503 967 1566 prae
997 1484 1392 1549 abundantia
1421 1489 1897 1570 prosperitatis:
2015 1494 2287 1575 positam
2320 1494 2505 1557 nobis
2536 1516 2737 1578 spem.

231 1608 258 1634 Δ
353 1624 368 1635 .
405 1582 950 1661 quemadmodum
992 1583 1224 1666 Ioseph
1272 1594 1556 1663 testatur,
1599 1585 1902 1651 Oblivisci
2081 1592 2387 1674 Deinceps
2410 1594 2740 1675 subjungit
2770 1597 2849 1658 de
2878 1597 3168 1659 mercede
3186 1597 3502 1677 aequitatis

81 3382 256 3424 locun.
265 3392 374 3429 xva,

79 5251 392 5301 Prot-“³¹⁸-

405 1698 512 1741 me
553 1677 710 1741 fecit
749 1680 912 1743 Deus
956 1682 1245 1745 omnium
1289 1683 1577 1747 laborum
1618 1705 1900 1749 meorum
2015 1699 2159 1772 post
2187 1700 2478 1753 mortem.
2510 1696 2597 1753 Ec
2622 1695 2935 1772 defossus,
2968 1694 3029 1757 id
3064 1703 3161 1757 est
3190 1696 3499 1777 sepultuS‚

404 1786 468 1841 et
499 1779 734 1840 domus
766 1780 963 1860 patris
995 1782 1144 1843 mei.
1171 1783 1246 1844 Et
1269 1782 1402 1845 haec
1433 1782 1674 1847 oblivio
1704 1786 1906 1867 dupli·
2013 1809 2273 1849 securus
2304 1789 2383 1851 ab
2414 1790 2693 1853 hostium
2726 1791 3085 1856 afflictione
3113 1796 3389 1855 dormies
3416 1814 3505 1856 re-

405 1875 567 1938 citer
614 1875 890 1957 intelligi
936 1887 1164 1961 potest.
1199 1881 1428 1958 Primo,
1465 1884 1636 1963 quod
1673 1883 1903 1965 prioris
1940 1874 1987 1939 Β
2014 1889 2167 1969 quie
2213 1888 2582 1951 Sanctorum
2630 1891 2694 1952 in
2741 1891 2941 1955 limbo
2988 1900 3261 1973 patrum,
3303 1893 3505 1955 donec

405 1974 814 2037 adversitatis
864 1996 993 2039 non
1043 1978 1164 2041 erit
1209 1981 1518 2043 memoria
1569 1981 1636 2043 in
1687 2000 1907 2062 grava-
2015 2006 2128 2069 per
2168 1986 2487 2049 Christum
2529 1989 2603 2049 ad
2647 1990 2917 2071 patriam
2950 1990 3279 2052 Beatorum
3317 1991 3505 2053 deve-

405 2091 580 2148 men,
618 2074 730 2135 sed
761 2074 962 2155 magis
1004 2076 1070 2137 in
1111 2078 1414 2158 gaudium
1451 2096 1465 2140 :
1501 2080 1654 2160 quia
1681 2079 1908 2161 jucun·
2016 2086 2175 2147 nias.
2210 2089 2581 2164 Reqm‘esces
2628 2088 2691 2149 in
2738 2108 2871 2169 spe,
2921 2089 3122 2151 donec
3169 2087 3400 2151 fruaris
3440 2098 3505 2151 et

405 2172 562 2233 dum
611 2180 708 2235 est
753 2173 1148 2255 patientibus
1193 2177 1574 2241 sustinuisse
1617 2179 1902 2256 adversa,
2017 2200 2105 2259 re,
2141 2192 2203 2245 et
2235 2184 2300 2245 in
2334 2183 2521 2247 bonis
2554 2185 2661 2247 Dei
2700 2188 2955 2249 tandem
2994 2187 3376 2250 aeternaliter
3410 2206 3505 2249 re-

351 2312 370 2331 .
404 2269 666 2333 dicente
696 2271 1028 2335 Psalmista
1063 2291 1076 2335 τ
1112 2274 1328 2336 Laetati
1371 2296 1590 2338 sumus
1629 2295 1745 2360 pro
1785 2278 1909 2341 die·
2015 2282 2337 2363 quiesce33
2365 2294 2424 2343 et
2456 2305 2579 2344 non
2614 2288 2741 2345 erit
2768 2287 2887 2364 qui
2917 2296 2973 2345 te
3002 2296 3333 2355 exterreat,
3354 2286 3505 2368 quia

408 2370 531 2433 bus
579 2370 820 2452 quibus
862 2392 978 2435 nos
1025 2374 1399 2451 humiliasti,
1443 2376 1629 2437 annis
1671 2377 1907 2459 quibus
2015 2380 2219 2443 Beatis
2270 2388 2331 2443 et
2389 2381 2767 2461 glorificatis
2827 2382 3004 2445 nulla
3065 2390 3271 2465 potest
3317 2402 3507 2466 poena

407 2470 696 2533 vidimus
755 2472 946 2534 mala.
1001 2472 1310 2549 Secund0‚
1372 2476 1542 2555 quod
1601 2476 1908 2538 memoria
2017 2478 2326 2553 accidere,
2370 2487 2645 2560 suntque
2688 2488 2995 2561 perpetuo
3040 2481 3385 2543 assecurati
3428 2482 3507 2544 de

409 2568 561 2631 talis
607 2569 1078 2648 absorbebitur,
1127 2590 1198 2635 ac
1244 2572 1518 2635 cessabit
1565 2593 1681 2656 per
1726 2594 1910 2637 occu·
2016 2594 2131 2637 sua
2194 2575 2521 2638 felicitate.
2578 2580 2659 2638 Et
2706 2580 3224 2655 deprecabuntur
3270 2580 3507 2657 faciem

409 2668 740 2749 pationem
775 2668 842 2730 in
875 2668 1268 2732 abundantia
1298 2672 1774 2753 prosperitatis:
1799 2674 1911 2735 sic·
2021 2685 2201 2735 tuam
2224 2677 2535 2751 plurimi,
2572 2675 2635 2737 id
2666 2684 2797 2765 est,
2842 2675 3030 2737 multi
3076 2684 3251 2739 tuum
3296 2686 3508 2758 patro-

405 2784 539 2847 que
568 2764 824 2829 videtur
855 2766 1100 2849 Sophar
1125 2769 1257 2849 jam
1290 2770 1486 2851 loqui.
1511 2770 1661 2833 Nam
1698 2771 1912 2833 subdi·
2018 2772 2259 2835 ciuium
2295 2773 2704 2851 invocabunt,
2741 2782 2803 2836 et
2836 2782 2896 2836 te
2926 2780 2995 2835 ut
3025 2774 3507 2838 intercessorem

407 2872 516 2926 tur
551 2882 564 2925 :
600 2875 662 2925 ec
691 2868 882 2943 quasi
910 2887 1231 2946 aquarum
1263 2890 1406 2947 quoe
1425 2872 1905 2945 proecerierum,
2023 2871 2335 2952 rogabunt
2372 2888 2385 2933 :
2421 2873 2771 2935 secundum
2811 2874 2980 2954 quod
3021 2873 3296 2936 viatores
3336 2873 3507 2936 soliti

408 2984 540 3025 non
572 2967 1034 3035 recordaberiS,
1069 2964 1132 3026 id
1173 2975 1290 3042 est,
1334 2986 1576 3029 memor
1618 2986 1744 3031 non
1785 2970 1909 3031 eris
2021 2978 2171 3031 sunt
2201 2970 2573 3032 Sanctorum
2605 2970 2946 3053 implorare
2978 2971 3307 3033 auxilium.
3330 2972 3508 3035 Unde

409 3061 650 3144 prioris
695 3062 1100 3126 adversitatis
1139 3082 1150 3125 :
1191 3065 1354 3127 sicut
1402 3065 1592 3128 homo
1640 3065 1911 3130 faciliter
1946 3058 1992 3123 C
2021 3076 2084 3130 et
2113 3087 2305 3149 supra
2337 3068 2598 3151 Eliphaz
2628 3069 2788 3131 dixit
2816 3071 2895 3131 ad
2922 3070 3037 3133 Joh
3064 3087 3077 3132 ε
3106 3070 3198 3132 Ad
3229 3070 3507 3152 aliquem
3561 3092 3647 3136 10⁶
3666 3094 3765 3143 ω.

408 3160 824 3225 obliviscitur
855 3161 1092 3243 pluviae
1120 3182 1262 3243 quae
1292 3164 1545 3242 cecidit,
1581 3164 1682 3227 vel
1723 3165 1911 3230 fluvii
2023 3165 2394 3229 Sanctorum
2426 3173 2819 3230 convertere.

411 3259 526 3341 qui
561 3260 802 3322 cursim
837 3252 1222 3323 transflu‘xit.
1241 3262 1424 3325 Juxta
1453 3263 1620 3326 hunc
1653 3264 1908 3327 modum
2105 3267 2293 3327 Oculi
2322 3275 2537 3326 autem
2568 3266 2924 3342 impiorum
2947 3269 3271 3344 deficient,
3294 3267 3358 3328 id
3392 3275 3508 3343 est,

411 3358 728 3440 loquendi
761 3360 850 3421 ait
878 3360 1166 3423 Christus
1203 3361 1464 3423 :Mulier
1493 3382 1691 3443 quum
1724 3364 1907 3445 parit,
2023 3362 2196 3425 oculi
2243 3381 2461 3425 eorum
2515 3362 2870 3438 interioreS,
2927 3362 3167 3425 bonum
3225 3373 3512 3445 optatum

411 3458 748 3521 tristitiam
799 3458 1011 3535 habet,
1066 3460 1218 3539 quia
1275 3460 1452 3523 venit
1509 3461 1664 3524 hora
1715 3462 1853 3543 ejus
1895 3487 1910 3537 ;
2027 3469 2170 3543 post
2219 3468 2483 3523 mortem
2536 3479 2664 3523 non
2726 3460 3130 3538 obtinebunt,
3186 3463 3339 3543 quia
3386 3482 3513 3527 non

410 3576 618 3639 quum
659 3565 876 3619 autem
913 3558 1233 3639 pepererit
1274 3578 1565 3641 puerum,
1609 3562 1739 3641 jam
1788 3580 1913 3623 non
2026 3579 2185 3641 pure
2228 3567 2289 3622 et
2334 3578 2484 3622 vere
2526 3559 2686 3621 illud
2733 3559 3168 3637 intendebant,
3206 3562 3314 3623 sed
3358 3581 3518 3644 prae-

411 3655 718 3718 meminit
749 3674 1064 3737 pressurae
1095 3666 1355 3739 propter
1385 3658 1711 3738 gaudium.
2026 3658 2233 3721 sentia
2270 3666 2755 3740 praeposuerunt
2795 3658 3025 3719 futuris
3052 3682 3067 3734 3
3106 3670 3167 3720 et
3198 3663 3516 3737 effuqium

509 3756 600 3815 Ec
641 3756 836 3833 quasi
879 3757 1286 3815 meridianus
1324 3758 1548 3834 fulqor
1585 3769 1916 3835 consumet
2017 3758 2261 3834 peribit
2297 3759 2377 3817 ab
2420 3758 2535 3826 eia,
2582 3756 2645 3817 id
2696 3764 2813 3833 est,
2860 3757 3333 3820 damnationem
3385 3777 3512 3820 non

413 3856 542 3913 tibi
577 3856 668 3913 ad
709 3872 1059 3929 vesperam.
1109 3851 1374 3916 Claritas
1419 3855 1572 3917 solis
1618 3855 1682 3916 in
1731 3856 1918 3919 meri·
2026 3854 2335 3918 valebunt
2382 3854 2669 3929 evadere,
2724 3855 3261 3934 quemadmodum
3311 3855 3517 3937 loqui-

413 3952 526 4014 die
559 3950 917 4013 fortissima
945 3960 1063 4027 est,
1100 3959 1431 4034 totumque
1463 3954 1686 4035 implet
1717 3954 1918 4017 hemi-
2028 3962 2130 4014 tur
2160 3952 2348 4014 lsaias
2384 3970 2397 4013 ε
2431 3951 2590 4025 Quid
2623 3951 2873 4014 facietis
2908 3952 2972 4013 in
3004 3952 3108 4015 die
3136 3953 3513 4015 calamitatis
3566 3974 3755 4026 1s.x‚a.

414 4049 928 4131 sphaerium.Pcr
949 4048 1122 4112 hunc
1142 4068 1292 4130 ergo
1321 4050 1632 4132 fulgorem
1664 4061 1918 4115 notatur
2027 4052 2106 4113 de
2136 4051 2323 4130 longe
2351 4050 2703 4114 venientis?
2730 4051 2806 4112 ad
2840 4051 3022 4132 eujus
3057 4050 3316 4132 fugietis
3348 4052 3518 4112 auxi-

413 4156 621 4211 status
673 4146 969 4226 floriduS,
1014 4149 1336 4231 praecipue
1375 4152 1812 4233 prosperitatis
1851 4152 1916 4213 in
2030 4150 2228 4211 lium?
2259 4150 2336 4210 Et
2370 4148 2647 4211 secundo
2688 4148 3182 4212 Machabaeorum
3226 4149 3389 4212 libro
3427 4150 3518 4211 ait

415 4246 609 4309 bonis
671 4246 902 4308 animae
959 4255 1022 4309 et
1075 4248 1380 4329 corporiS,
1434 4268 1624 4329 quem
1677 4249 1918 4332 Sophar
1954 4249 2001 4309 D
2029 4248 2126 4311 vir
2170 4248 2504 4311 timoratus
2551 4265 2565 4309 :
2608 4247 2857 4309 Manum
2900 4246 3365 4329 omnipotentis
3409 4268 3520 4311 ne·
3547 4258 3808 4310 urach-vu.

415 4344 730 4407 disseruit
765 4344 882 4407 Job
931 4344 1199 4426 praefata
1241 4347 1477 4427 agenti,
1521 4346 1588 4408 in
1627 4367 1913 4429 vespera,
2027 4365 2154 4429 que
2191 4346 2401 4421 vivuS,
2436 4364 2643 4426 neque
2688 4344 3029 4407 defunctus
3067 4344 3399 4426 effugiam.
3436 4350 3519 4409 Ec
3546 4326 3613 4366 ²⁰·

419 4443 486 4506 id
527 4452 625 4506 est
667 4442 734 4504 in
776 4452 1104 4506 senectute
1142 4464 1277 4522 sua,
1312 4445 1700 4508 donandum.
1743 4445 1918 4519 Quod
2026 4464 2163 4521 spes
2204 4447 2468 4503 illorum
2518 4462 2679 4505 vana
2729 4451 2793 4505 et
2834 4443 3016 4521 falsa,
3057 4464 3187 4525 qua
3228 4464 3521 4527 sperave-

418 4548 897 4623 consequenter
936 4541 1120 4622 quasi
1172 4542 1452 4624 exponit.
1500 4546 1582 4605 Et
1621 4565 1817 4622 quum
1865 4556 1921 4605 te
2028 4552 2179 4605 runt
2210 4542 2433 4605 nonin
2465 4542 2733 4618 De0,sed
2765 4542 2829 4603 in
2862 4551 3177 4619 recreata,
3197 4542 3519 4607 etbonum

415 4649 868 4717 consumptum
907 4644 1272 4717 putaveris,
1323 4641 1383 4702 id
1433 4650 1529 4703 est
1576 4660 1689 4723 per
1739 4642 1922 4703 infir·
2030 4644 2341 4705 caducum
2389 4639 2674 4703 finaliter
2720 4640 3133 4722 quaesierunt.
3186 4642 3329 4705 Haec
3375 4661 3519 4724 spes

419 4738 712 4801 mitatem
748 4743 812 4800 et
849 4738 1300 4801 adversitatem
1330 4738 1460 4820 jam
1499 4739 1832 4817 defecisse,
1860 4750 1922 4803 et
2032 4758 2159 4803 non
2191 4748 2287 4802 est
2319 4738 2599 4802 theorica
2626 4739 2989 4816 virtus‚imo
3017 4758 3133 4802 nec
3162 4740 3387 4817 virtus,
3408 4741 3519 4803 sed

421 4836 724 4920 protinus
757 4835 1163 4914 moriturum,
1197 4840 1428 4898 orieris
1457 4848 1530 4899 uc
1561 4839 1819 4916 lucifer,
1857 4839 1920 4902 id
2033 4838 2227 4900 fallax
2258 4837 2537 4901 fiducia:
2562 4838 2641 4900 de
2671 4857 2798 4919 qua
2822 4837 3058 4901 dicitur
3088 4837 3151 4899 in
3181 4838 3521 4920 Sapientiae

421 4944 542 5012 est,
583 4934 814 5013 grandi
852 4935 1081 4998 decore
1122 4936 1568 5018 temporalium
1609 4936 1918 5014 fulcieriS,
2033 4938 2221 5014 libr0,
2246 4936 2400 5018 Spes
2432 4937 2614 5019 impii
2647 4945 2949 5020 tanquam
2983 4937 3212 5017 lanugo
3242 4946 3519 5017 cst,quae
3566 4959 3816 5014 Saffum.

421 5042 488 5097 et
537 5032 966 5115 spiritualiter
1013 5034 1442 5112 renovaberiS,
1497 5044 1557 5097 et
1606 5036 1792 5117 quasi
1845 5037 1923 5099 de
2032 5056 2069 5099 a
2109 5043 2300 5099 vento
2346 5035 2610 5111 tollitur,
2655 5044 2718 5097 et
2754 5042 3058 5115 tanquam
3097 5053 3344 5115 spuma.
3380 5035 3521 5097 Haec

425 5150 598 5195 novo
654 5130 1051 5213 splendiflue
1105 5152 1326 5213 surges
1385 5153 1456 5197 ac
1516 5134 1850 5196 reflorebis
1906 5152 1919 5196 ε
2033 5135 2251 5214 itaque
2272 5152 2415 5215 spes
2443 5133 2713 5207 illorum,
2738 5141 2833 5194 est
2853 5135 3245 5193 abominatio
3264 5134 3525 5203 animoe,

425 5232 610 5313 juxta
639 5229 803 5291 illud
831 5230 1334 5308 proverbiorum,
1352 5232 1670 5295 Iustorum
1703 5233 1928 5295 semita
2037 5233 2100 5294 id
2135 5238 2252 5307 est,
2289 5229 2782 5293 abominabilem
2811 5230 2937 5293 Deo
2976 5238 3167 5310 atque
3197 5230 3525 5293 damnabi-

429 5328 620 5409 quasi
671 5328 784 5390 lux
833 5328 1202 5419 splendens,
1256 5330 1542 5411 procedit
1589 5339 1651 5392 et
1701 5331 1929 5395 crescit
2039 5332 2165 5393 lem
2213 5327 2425 5391 efficit
2470 5328 2771 5403 animam,
2819 5338 3041 5409 estque
3083 5328 3260 5391 omni
3294 5328 3524 5393 animae
