<?xml version="1.0" encoding="UTF-8"?>
<!DOCTYPE html PUBLIC "-//W3C//DTD XHTML 1.0 Transitional//EN"
    "http://www.w3.org/TR/xhtml1/DTD/xhtml1-transitional.dtd">
<html xmlns="http://www.w3.org/1999/xhtml" xml:lang="en" lang="en">
 <head>
  <title>
</title>
<meta http-equiv="Content-Type" content="text/html;charset=utf-8" />
  <meta name='ocr-system' content='tesseract 3.04.00' />
  <meta name='ocr-capabilities' content='ocr_page ocr_carea ocr_par ocr_line ocrx_word'/>
</head>
<body>
  <div class='ocr_page' id='page_1' title='image "./doctorisecstati06unkngoog_0210.png"; bbox 0 0 4309 6259; ppageno 0'>
   <div class='ocr_carea' id='block_1_1' title="bbox 608 976 868 1091">
    <p class='ocr_par' dir='ltr' id='par_1_1' title="bbox 608 976 868 1091">
     <span class='ocr_line' id='line_1_1' title="bbox 645 976 868 1035; baseline 0 -14"><span class='ocrx_word' id='word_1_1' title='bbox 645 976 700 1021; x_wconf 85' lang='lat'><strong>111</strong></span> <span class='ocrx_word' id='word_1_2' title='bbox 713 980 825 1035; x_wconf 68' lang='lat' dir='ltr'><strong>Rea.</strong></span> <span class='ocrx_word' id='word_1_3' title='bbox 839 992 868 1030; x_wconf 82' lang='lat' dir='ltr'><strong>t,</strong></span> 
     </span>
     <span class='ocr_line' id='line_1_2' title="bbox 608 1044 764 1091; baseline 0.013 -8"><span class='ocrx_word' id='word_1_4' title='bbox 608 1044 676 1091; x_wconf 72' lang='lat'><strong>28.</strong></span> <span class='ocrx_word' id='word_1_5' title='bbox 696 1045 764 1085; x_wconf 78' lang='lat'><strong>39.</strong></span> 
     </span>
    </p>
   </div>
   <div class='ocr_carea' id='block_1_2' title="bbox 607 1657 868 1764">
    <p class='ocr_par' dir='ltr' id='par_1_2' title="bbox 607 1657 868 1764">
     <span class='ocr_line' id='line_1_3' title="bbox 619 1657 868 1711; baseline -0.004 -11"><span class='ocrx_word' id='word_1_6' title='bbox 619 1657 740 1701; x_wconf 71' lang='lat' dir='ltr'><strong>loia.</strong></span> <span class='ocrx_word' id='word_1_7' title='bbox 753 1660 868 1711; x_wconf 64' lang='grc'><strong>1137,</strong></span> 
     </span>
     <span class='ocr_line' id='line_1_4' title="bbox 607 1724 674 1764; baseline 0.015 -1"><span class='ocrx_word' id='word_1_8' title='bbox 607 1724 674 1764; x_wconf 77' lang='lat'><strong>35.</strong></span> 
     </span>
    </p>
   </div>
   <div class='ocr_carea' id='block_1_3' title="bbox 609 2844 873 2895">
    <p class='ocr_par' dir='ltr' id='par_1_3' title="bbox 609 2844 873 2895">
     <span class='ocr_line' id='line_1_5' title="bbox 609 2844 873 2895; baseline 0.004 -7"><span class='ocrx_word' id='word_1_9' title='bbox 609 2844 734 2889; x_wconf 70' lang='lat' dir='ltr'><strong>thid.</strong></span> <span class='ocrx_word' id='word_1_10' title='bbox 749 2847 873 2895; x_wconf 80' lang='lat'><strong>1‚5‚7.</strong></span> 
     </span>
    </p>
   </div>
   <div class='ocr_carea' id='block_1_4' title="bbox 897 478 1016 543">
    <p class='ocr_par' dir='ltr' id='par_1_4' title="bbox 897 478 1016 543">
     <span class='ocr_line' id='line_1_6' title="bbox 897 478 1016 543; baseline 0.017 -2"><span class='ocrx_word' id='word_1_11' title='bbox 897 478 1016 543; x_wconf 82' lang='lat'><strong>186</strong></span> 
     </span>
    </p>
   </div>
   <div class='ocr_carea' id='block_1_5' title="bbox 1281 498 3593 548">
    <p class='ocr_par' dir='ltr' id='par_1_5' title="bbox 1281 498 3593 548">
     <span class='ocr_line' id='line_1_7' title="bbox 1281 498 3593 548; baseline 0.001 -3"><span class='ocrx_word' id='word_1_12' title='bbox 1281 498 1630 546; x_wconf 61' lang='lat' dir='ltr'><strong>mantnano</strong></span> <span class='ocrx_word' id='word_1_13' title='bbox 1671 500 1734 545; x_wconf 83' lang='lat' dir='ltr'><strong>IN</strong></span> <span class='ocrx_word' id='word_1_14' title='bbox 1775 500 1912 546; x_wconf 71' lang='grc' dir='ltr'><strong>ω.</strong></span> <span class='ocrx_word' id='word_1_15' title='bbox 1958 500 2111 546; x_wconf 81' lang='lat' dir='ltr'>xxlx</span> <span class='ocrx_word' id='word_1_16' title='bbox 2151 498 2311 547; x_wconf 75' lang='lat' dir='ltr'><strong>unm</strong></span> <span class='ocrx_word' id='word_1_17' title='bbox 2350 500 2520 547; x_wconf 73' lang='lat' dir='ltr'><strong>mm</strong></span> <span class='ocrx_word' id='word_1_18' title='bbox 2559 500 3089 548; x_wconf 62' lang='lat' dir='ltr'><strong>ranam’onmon.</strong></span> <span class='ocrx_word' id='word_1_19' title='bbox 3134 521 3215 533; x_wconf 89' lang='lat'><em>-</em></span> <span class='ocrx_word' id='word_1_20' title='bbox 3254 502 3399 548; x_wconf 73' lang='lat' dir='ltr'><strong>Am.</strong></span> <span class='ocrx_word' id='word_1_21' title='bbox 3443 501 3593 548; x_wconf 81' lang='lat' dir='ltr'><strong>xm</strong></span> 
     </span>
    </p>
   </div>
   <div class='ocr_carea' id='block_1_6' title="bbox 899 666 3981 751">
    <p class='ocr_par' dir='ltr' id='par_1_6' title="bbox 899 666 3981 751">
     <span class='ocr_line' id='line_1_8' title="bbox 899 666 3981 751; baseline 0.002 -23"><span class='ocrx_word' id='word_1_22' title='bbox 899 666 1036 731; x_wconf 83' lang='lat' dir='ltr'><strong>sive</strong></span> <span class='ocrx_word' id='word_1_23' title='bbox 1075 667 1248 731; x_wconf 89' lang='lat' dir='ltr'><strong>aliud</strong></span> <span class='ocrx_word' id='word_1_24' title='bbox 1285 668 1530 751; x_wconf 88' lang='lat' dir='ltr'><strong>aliquid</strong></span> <span class='ocrx_word' id='word_1_25' title='bbox 1570 668 1803 747; x_wconf 90' lang='lat' dir='ltr'><strong>facitis,</strong></span> <span class='ocrx_word' id='word_1_26' title='bbox 1838 669 2055 734; x_wconf 86' lang='lat' dir='ltr'><strong>omnia</strong></span> <span class='ocrx_word' id='word_1_27' title='bbox 2088 670 2153 733; x_wconf 89' lang='lat' dir='ltr'><strong>in</strong></span> <span class='ocrx_word' id='word_1_28' title='bbox 2193 671 2388 751; x_wconf 89' lang='lat' dir='ltr'><strong>glori-</strong></span> <span class='ocrx_word' id='word_1_29' title='bbox 2415 671 2467 734; x_wconf 77' lang='lat' dir='ltr'>A</span> <span class='ocrx_word' id='word_1_30' title='bbox 2491 676 2853 735; x_wconf 81' lang='lat' dir='ltr'><strong><em>Jerusalem</em></strong></span> <span class='ocrx_word' id='word_1_31' title='bbox 2881 675 3077 735; x_wconf 85' lang='lat' dir='ltr'><strong>annis</strong></span> <span class='ocrx_word' id='word_1_32' title='bbox 3116 676 3389 751; x_wconf 74' lang='lat' dir='ltr'><strong>criyinta</strong></span> <span class='ocrx_word' id='word_1_33' title='bbox 3430 675 3651 734; x_wconf 80' lang='lat' dir='ltr'><strong>tribus.</strong></span> <span class='ocrx_word' id='word_1_34' title='bbox 3688 676 3771 735; x_wconf 79' lang='grc' dir='ltr'><strong>Ει</strong></span> <span class='ocrx_word' id='word_1_35' title='bbox 3808 693 3981 733; x_wconf 89' lang='lat' dir='ltr'><strong>mor-</strong></span> 
     </span>
    </p>
   </div>
   <div class='ocr_carea' id='block_1_7' title="bbox 897 765 2397 3019">
    <p class='ocr_par' dir='ltr' id='par_1_7' title="bbox 897 765 2397 3019">
     <span class='ocr_line' id='line_1_9' title="bbox 899 765 2385 833; baseline 0.003 -6"><span class='ocrx_word' id='word_1_36' title='bbox 899 784 1000 828; x_wconf 85' lang='lat' dir='ltr'><strong>am</strong></span> <span class='ocrx_word' id='word_1_37' title='bbox 1033 766 1142 828; x_wconf 88' lang='lat' dir='ltr'><strong>Dei</strong></span> <span class='ocrx_word' id='word_1_38' title='bbox 1176 765 1388 831; x_wconf 85' lang='lat' dir='ltr'><strong>facite.</strong></span> <span class='ocrx_word' id='word_1_39' title='bbox 1417 772 1501 831; x_wconf 73' lang='lat' dir='ltr'><strong>Ec</strong></span> <span class='ocrx_word' id='word_1_40' title='bbox 1536 780 1869 831; x_wconf 66' lang='lat' dir='ltr'><strong>unxerunt</strong></span> <span class='ocrx_word' id='word_1_41' title='bbox 1896 774 2171 831; x_wconf 83' lang='lat' dir='ltr'><strong>seeundo</strong></span> <span class='ocrx_word' id='word_1_42' title='bbox 2202 774 2385 833; x_wconf 82' lang='lat' dir='ltr'><strong>Salo-</strong></span> 
     </span>
     <span class='ocr_line' id='line_1_10' title="bbox 899 870 2383 951; baseline 0.005 -24"><span class='ocrx_word' id='word_1_43' title='bbox 899 886 1148 928; x_wconf 81' lang='lat' dir='ltr'><em>monem</em></span> <span class='ocrx_word' id='word_1_44' title='bbox 1175 871 1396 945; x_wconf 77' lang='lat' dir='ltr'><strong>filium</strong></span> <span class='ocrx_word' id='word_1_45' title='bbox 1424 872 1646 932; x_wconf 81' lang='lat' dir='ltr'><strong>David</strong></span> <span class='ocrx_word' id='word_1_46' title='bbox 1673 870 1743 931; x_wconf 89' lang='lat' dir='ltr'><strong>in</strong></span> <span class='ocrx_word' id='word_1_47' title='bbox 1771 888 2005 951; x_wconf 88' lang='lat' dir='ltr'><strong>regem.</strong></span> <span class='ocrx_word' id='word_1_48' title='bbox 2036 870 2175 933; x_wconf 85' lang='lat' dir='ltr'><strong>Jam</strong></span> <span class='ocrx_word' id='word_1_49' title='bbox 2212 872 2383 935; x_wconf 90' lang='lat' dir='ltr'><strong>enim</strong></span> 
     </span>
     <span class='ocr_line' id='line_1_11' title="bbox 899 965 2386 1051; baseline 0.004 -26"><span class='ocrx_word' id='word_1_50' title='bbox 899 965 1096 1028; x_wconf 89' lang='lat' dir='ltr'><strong>semel</strong></span> <span class='ocrx_word' id='word_1_51' title='bbox 1137 974 1370 1029; x_wconf 88' lang='lat' dir='ltr'><strong>unctus</strong></span> <span class='ocrx_word' id='word_1_52' title='bbox 1410 966 1533 1029; x_wconf 87' lang='lat' dir='ltr'><strong>fuit</strong></span> <span class='ocrx_word' id='word_1_53' title='bbox 1571 966 1636 1029; x_wconf 90' lang='lat' dir='ltr'><strong>in</strong></span> <span class='ocrx_word' id='word_1_54' title='bbox 1674 966 1880 1031; x_wconf 91' lang='lat' dir='ltr'><strong>Gihon</strong></span> <span class='ocrx_word' id='word_1_55' title='bbox 1919 987 2034 1051; x_wconf 91' lang='lat' dir='ltr'><strong>per</strong></span> <span class='ocrx_word' id='word_1_56' title='bbox 2075 968 2276 1033; x_wconf 87' lang='lat' dir='ltr'><strong>Sadoc</strong></span> <span class='ocrx_word' id='word_1_57' title='bbox 2322 977 2386 1032; x_wconf 91' lang='lat' dir='ltr'><strong>et</strong></span> 
     </span>
     <span class='ocr_line' id='line_1_12' title="bbox 899 1062 2386 1148; baseline 0.003 -23"><span class='ocrx_word' id='word_1_58' title='bbox 899 1062 1142 1126; x_wconf 78' lang='lat' dir='ltr'><strong>Nathan</strong></span> <span class='ocrx_word' id='word_1_59' title='bbox 1169 1082 1184 1126; x_wconf 76' lang='grc' dir='ltr'>ε</span> <span class='ocrx_word' id='word_1_60' title='bbox 1209 1084 1324 1147; x_wconf 93' lang='lat' dir='ltr'><strong>per</strong></span> <span class='ocrx_word' id='word_1_61' title='bbox 1350 1084 1513 1148; x_wconf 90' lang='lat' dir='ltr'><strong>quos</strong></span> <span class='ocrx_word' id='word_1_62' title='bbox 1541 1074 1605 1129; x_wconf 93' lang='lat' dir='ltr'><strong>et</strong></span> <span class='ocrx_word' id='word_1_63' title='bbox 1635 1065 1758 1128; x_wconf 87' lang='lat' dir='ltr'><strong>ista</strong></span> <span class='ocrx_word' id='word_1_64' title='bbox 1786 1068 2114 1132; x_wconf 89' lang='lat' dir='ltr'><strong>renovatio</strong></span> <span class='ocrx_word' id='word_1_65' title='bbox 2143 1088 2217 1131; x_wconf 91' lang='lat' dir='ltr'><strong>ac</strong></span> <span class='ocrx_word' id='word_1_66' title='bbox 2246 1087 2386 1131; x_wconf 89' lang='lat' dir='ltr'><strong>con·</strong></span> 
     </span>
     <span class='ocr_line' id='line_1_13' title="bbox 902 1159 2379 1245; baseline 0.005 -23"><span class='ocrx_word' id='word_1_67' title='bbox 902 1159 1184 1225; x_wconf 77' lang='lat' dir='ltr'><strong>firmatio</strong></span> <span class='ocrx_word' id='word_1_68' title='bbox 1231 1163 1462 1245; x_wconf 90' lang='lat' dir='ltr'><strong>prioris</strong></span> <span class='ocrx_word' id='word_1_69' title='bbox 1507 1164 1830 1229; x_wconf 90' lang='lat' dir='ltr'><strong>unctionis</strong></span> <span class='ocrx_word' id='word_1_70' title='bbox 1867 1166 2149 1229; x_wconf 89' lang='lat' dir='ltr'><strong>creditur</strong></span> <span class='ocrx_word' id='word_1_71' title='bbox 2192 1165 2379 1229; x_wconf 86' lang='lat' dir='ltr'><strong>facta.</strong></span> 
     </span>
     <span class='ocr_line' id='line_1_14' title="bbox 911 1263 2385 1345; baseline 0.005 -24"><span class='ocrx_word' id='word_1_72' title='bbox 911 1263 1252 1323; x_wconf 77' lang='lat' dir='ltr'><strong>Unoeerunt</strong></span> <span class='ocrx_word' id='word_1_73' title='bbox 1296 1274 1508 1325; x_wconf 78' lang='lat' dir='ltr'><strong>autem</strong></span> <span class='ocrx_word' id='word_1_74' title='bbox 1561 1285 1710 1326; x_wconf 88' lang='lat' dir='ltr'><strong>eum</strong></span> <span class='ocrx_word' id='word_1_75' title='bbox 1759 1269 2034 1327; x_wconf 80' lang='lat' dir='ltr'><strong>Domino</strong></span> <span class='ocrx_word' id='word_1_76' title='bbox 2081 1268 2154 1327; x_wconf 80' lang='lat' dir='ltr'><strong>in</strong></span> <span class='ocrx_word' id='word_1_77' title='bbox 2194 1268 2385 1345; x_wconf 80' lang='lat' dir='ltr'><strong>prin-</strong></span> 
     </span>
     <span class='ocr_line' id='line_1_15' title="bbox 899 1361 2386 1439; baseline 0.005 -20"><span class='ocrx_word' id='word_1_78' title='bbox 899 1362 1132 1437; x_wconf 81' lang='lat' dir='ltr'><strong>cipem,</strong></span> <span class='ocrx_word' id='word_1_79' title='bbox 1166 1361 1230 1423; x_wconf 89' lang='lat' dir='ltr'><strong>id</strong></span> <span class='ocrx_word' id='word_1_80' title='bbox 1276 1370 1394 1439; x_wconf 90' lang='lat' dir='ltr'><strong>est,</strong></span> <span class='ocrx_word' id='word_1_81' title='bbox 1437 1362 1514 1424; x_wconf 90' lang='lat' dir='ltr'><strong>ad</strong></span> <span class='ocrx_word' id='word_1_82' title='bbox 1562 1362 1670 1426; x_wconf 89' lang='lat' dir='ltr'><strong>Dei</strong></span> <span class='ocrx_word' id='word_1_83' title='bbox 1713 1364 2018 1427; x_wconf 84' lang='lat' dir='ltr'><strong>honorem</strong></span> <span class='ocrx_word' id='word_1_84' title='bbox 2065 1374 2386 1428; x_wconf 85' lang='lat' dir='ltr'><strong>unxerunt</strong></span> 
     </span>
     <span class='ocr_line' id='line_1_16' title="bbox 900 1454 2388 1541; baseline 0.004 -24"><span class='ocrx_word' id='word_1_85' title='bbox 900 1454 1302 1521; x_wconf 83' lang='lat' dir='ltr'>Salomonem</span> <span class='ocrx_word' id='word_1_86' title='bbox 1345 1458 1412 1521; x_wconf 93' lang='lat' dir='ltr'><strong>in</strong></span> <span class='ocrx_word' id='word_1_87' title='bbox 1457 1477 1693 1540; x_wconf 90' lang='lat' dir='ltr'><strong>regem,</strong></span> <span class='ocrx_word' id='word_1_88' title='bbox 1725 1471 1786 1522; x_wconf 79' lang='lat' dir='ltr'><strong>et</strong></span> <span class='ocrx_word' id='word_1_89' title='bbox 1815 1465 2026 1524; x_wconf 82' lang='lat' dir='ltr'><strong>Sadoc</strong></span> <span class='ocrx_word' id='word_1_90' title='bbox 2061 1465 2134 1523; x_wconf 85' lang='lat' dir='ltr'><strong>in</strong></span> <span class='ocrx_word' id='word_1_91' title='bbox 2169 1466 2388 1541; x_wconf 82' lang='lat' dir='ltr'><strong>ponti-</strong></span> 
     </span>
     <span class='ocr_line' id='line_1_17' title="bbox 897 1556 2386 1642; baseline 0.007 -28"><span class='ocrx_word' id='word_1_92' title='bbox 897 1558 1105 1631; x_wconf 75' lang='lat' dir='ltr'><strong>ficem.</strong></span> <span class='ocrx_word' id='word_1_93' title='bbox 1145 1556 1446 1620; x_wconf 86' lang='lat' dir='ltr'><strong>Abiathar</strong></span> <span class='ocrx_word' id='word_1_94' title='bbox 1485 1577 1760 1641; x_wconf 90' lang='lat' dir='ltr'><strong>namque</strong></span> <span class='ocrx_word' id='word_1_95' title='bbox 1797 1560 1928 1642; x_wconf 87' lang='lat' dir='ltr'><strong>jam</strong></span> <span class='ocrx_word' id='word_1_96' title='bbox 1968 1561 2312 1625; x_wconf 78' lang='lat' dir='ltr'>declinavit</span> <span class='ocrx_word' id='word_1_97' title='bbox 2348 1581 2386 1624; x_wconf 88' lang='lat' dir='ltr'><strong>a</strong></span> 
     </span>
     <span class='ocr_line' id='line_1_18' title="bbox 901 1650 2387 1743; baseline 0.006 -30"><span class='ocrx_word' id='word_1_98' title='bbox 901 1650 1258 1732; x_wconf 90' lang='lat' dir='ltr'><strong>Salomone,</strong></span> <span class='ocrx_word' id='word_1_99' title='bbox 1312 1664 1376 1720; x_wconf 92' lang='lat' dir='ltr'><strong>et</strong></span> <span class='ocrx_word' id='word_1_100' title='bbox 1412 1676 1489 1721; x_wconf 90' lang='lat' dir='ltr'><strong>eo</strong></span> <span class='ocrx_word' id='word_1_101' title='bbox 1533 1678 1571 1721; x_wconf 90' lang='lat' dir='ltr'><strong>a</strong></span> <span class='ocrx_word' id='word_1_102' title='bbox 1607 1658 1988 1741; x_wconf 86' lang='lat' dir='ltr'><strong>pontificatu</strong></span> <span class='ocrx_word' id='word_1_103' title='bbox 2029 1661 2235 1741; x_wconf 89' lang='lat' dir='ltr'><strong>ejecto</strong></span> <span class='ocrx_word' id='word_1_104' title='bbox 2273 1680 2387 1743; x_wconf 90' lang='lat' dir='ltr'><strong>per</strong></span> 
     </span>
     <span class='ocr_line' id='line_1_19' title="bbox 903 1748 2387 1841; baseline 0.007 -30"><span class='ocrx_word' id='word_1_105' title='bbox 903 1748 1324 1831; x_wconf 81' lang='lat' dir='ltr'><strong>Salomonem,</strong></span> <span class='ocrx_word' id='word_1_106' title='bbox 1373 1764 1604 1819; x_wconf 88' lang='lat' dir='ltr'><strong>unctus</strong></span> <span class='ocrx_word' id='word_1_107' title='bbox 1654 1765 1750 1819; x_wconf 90' lang='lat' dir='ltr'><strong>est</strong></span> <span class='ocrx_word' id='word_1_108' title='bbox 1791 1757 1990 1821; x_wconf 90' lang='lat' dir='ltr'><strong>Sadoc</strong></span> <span class='ocrx_word' id='word_1_109' title='bbox 2039 1758 2106 1821; x_wconf 87' lang='lat' dir='ltr'><strong>in</strong></span> <span class='ocrx_word' id='word_1_110' title='bbox 2150 1778 2387 1841; x_wconf 79' lang='lat' dir='ltr'><strong>praesu-</strong></span> 
     </span>
     <span class='ocr_line' id='line_1_20' title="bbox 901 1848 2275 1935; baseline 0.007 -25"><span class='ocrx_word' id='word_1_111' title='bbox 901 1848 1052 1926; x_wconf 89' lang='lat' dir='ltr'><strong>lem,</strong></span> <span class='ocrx_word' id='word_1_112' title='bbox 1088 1859 1159 1913; x_wconf 90' lang='lat' dir='ltr'><strong>ut</strong></span> <span class='ocrx_word' id='word_1_113' title='bbox 1191 1853 1377 1917; x_wconf 90' lang='lat' dir='ltr'><strong>tertio</strong></span> <span class='ocrx_word' id='word_1_114' title='bbox 1408 1854 1571 1919; x_wconf 90' lang='lat' dir='ltr'><strong>libro</strong></span> <span class='ocrx_word' id='word_1_115' title='bbox 1604 1856 1840 1935; x_wconf 87' lang='lat' dir='ltr'><strong>Regum</strong></span> <span class='ocrx_word' id='word_1_116' title='bbox 1871 1857 2275 1921; x_wconf 81' lang='lat' dir='ltr'><strong>describitur.</strong></span> 
     </span>
     <span class='ocr_line' id='line_1_21' title="bbox 983 1950 2393 2031; baseline 0.004 -22"><span class='ocrx_word' id='word_1_117' title='bbox 983 1950 1290 2030; x_wconf 81' lang='lat' dir='ltr'><strong>Seditque</strong></span> <span class='ocrx_word' id='word_1_118' title='bbox 1317 1955 1623 2014; x_wconf 80' lang='lat' dir='ltr'><strong>Salomon</strong></span> <span class='ocrx_word' id='word_1_119' title='bbox 1645 1974 1837 2031; x_wconf 79' lang='lat' dir='ltr'><strong>super</strong></span> <span class='ocrx_word' id='word_1_120' title='bbox 1863 1958 2101 2017; x_wconf 85' lang='lat' dir='ltr'><strong>solium</strong></span> <span class='ocrx_word' id='word_1_121' title='bbox 2118 1957 2393 2018; x_wconf 78' lang='lat' dir='ltr'><strong>Domini</strong></span> 
     </span>
     <span class='ocr_line' id='line_1_22' title="bbox 903 2047 2393 2136; baseline 0.007 -32"><span class='ocrx_word' id='word_1_122' title='bbox 903 2047 976 2105; x_wconf 84' lang='lat' dir='ltr'><strong>in</strong></span> <span class='ocrx_word' id='word_1_123' title='bbox 1007 2066 1216 2124; x_wconf 72' lang='lat' dir='ltr'><strong>reyem</strong></span> <span class='ocrx_word' id='word_1_124' title='bbox 1225 2068 1350 2127; x_wconf 82' lang='lat' dir='ltr'><strong>pro</strong></span> <span class='ocrx_word' id='word_1_125' title='bbox 1371 2052 1588 2112; x_wconf 85' lang='lat' dir='ltr'><strong>David</strong></span> <span class='ocrx_word' id='word_1_126' title='bbox 1607 2062 1798 2130; x_wconf 78' lang='lat' dir='ltr'><strong>patre</strong></span> <span class='ocrx_word' id='word_1_127' title='bbox 1823 2074 1964 2124; x_wconf 91' lang='lat' dir='ltr'><strong>suo,</strong></span> <span class='ocrx_word' id='word_1_128' title='bbox 1981 2053 2044 2115; x_wconf 89' lang='lat' dir='ltr'><strong>id</strong></span> <span class='ocrx_word' id='word_1_129' title='bbox 2075 2062 2172 2117; x_wconf 83' lang='lat' dir='ltr'><strong>est</strong></span> <span class='ocrx_word' id='word_1_130' title='bbox 2202 2073 2393 2136; x_wconf 83' lang='lat' dir='ltr'><strong>super</strong></span> 
     </span>
     <span class='ocr_line' id='line_1_23' title="bbox 907 2144 2393 2235; baseline 0.007 -30"><span class='ocrx_word' id='word_1_131' title='bbox 907 2144 1185 2224; x_wconf 79' lang='lat' dir='ltr'><strong>regalem</strong></span> <span class='ocrx_word' id='word_1_132' title='bbox 1237 2147 1538 2212; x_wconf 86' lang='lat' dir='ltr'><strong>thronum</strong></span> <span class='ocrx_word' id='word_1_133' title='bbox 1585 2151 1780 2215; x_wconf 90' lang='lat' dir='ltr'><strong>David</strong></span> <span class='ocrx_word' id='word_1_134' title='bbox 1832 2153 2030 2235; x_wconf 86' lang='lat' dir='ltr'><strong>patris</strong></span> <span class='ocrx_word' id='word_1_135' title='bbox 2074 2153 2175 2216; x_wconf 91' lang='lat' dir='ltr'><strong>sui</strong></span> <span class='ocrx_word' id='word_1_136' title='bbox 2218 2172 2233 2217; x_wconf 78' lang='lat' dir='ltr'><strong><em>z</em></strong></span> <span class='ocrx_word' id='word_1_137' title='bbox 2280 2154 2393 2235; x_wconf 90' lang='lat' dir='ltr'><strong>qui</strong></span> 
     </span>
     <span class='ocr_line' id='line_1_24' title="bbox 905 2242 2397 2332; baseline 0.009 -28"><span class='ocrx_word' id='word_1_138' title='bbox 905 2242 1176 2306; x_wconf 86' lang='lat' dir='ltr'><strong>thronus</strong></span> <span class='ocrx_word' id='word_1_139' title='bbox 1215 2244 1338 2309; x_wconf 85' lang='lat' dir='ltr'><strong>fuit</strong></span> <span class='ocrx_word' id='word_1_140' title='bbox 1377 2247 1610 2312; x_wconf 89' lang='lat' dir='ltr'><strong>solium</strong></span> <span class='ocrx_word' id='word_1_141' title='bbox 1639 2250 1774 2329; x_wconf 90' lang='lat' dir='ltr'><strong>Dei,</strong></span> <span class='ocrx_word' id='word_1_142' title='bbox 1806 2252 2107 2332; x_wconf 89' lang='lat' dir='ltr'><strong>quoniam</strong></span> <span class='ocrx_word' id='word_1_143' title='bbox 2143 2251 2269 2315; x_wconf 84' lang='lat' dir='ltr'><strong>fuit</strong></span> <span class='ocrx_word' id='word_1_144' title='bbox 2298 2272 2397 2317; x_wconf 92' lang='lat' dir='ltr'><strong>so-</strong></span> 
     </span>
     <span class='ocr_line' id='line_1_25' title="bbox 904 2340 2391 2433; baseline 0.009 -31"><span class='ocrx_word' id='word_1_145' title='bbox 904 2340 1061 2403; x_wconf 88' lang='lat' dir='ltr'><strong>lium</strong></span> <span class='ocrx_word' id='word_1_146' title='bbox 1104 2344 1272 2426; x_wconf 83' lang='lat' dir='ltr'><strong>regis</strong></span> <span class='ocrx_word' id='word_1_147' title='bbox 1315 2344 1556 2425; x_wconf 79' lang='lat' dir='ltr'><strong>ridelis,</strong></span> <span class='ocrx_word' id='word_1_148' title='bbox 1589 2349 1704 2430; x_wconf 90' lang='lat' dir='ltr'><strong>qui</strong></span> <span class='ocrx_word' id='word_1_149' title='bbox 1743 2349 2143 2431; x_wconf 78' lang='lat' dir='ltr'><strong>praesidendo</strong></span> <span class='ocrx_word' id='word_1_150' title='bbox 2180 2370 2254 2413; x_wconf 90' lang='lat' dir='ltr'><strong>ac</strong></span> <span class='ocrx_word' id='word_1_151' title='bbox 2290 2351 2391 2433; x_wconf 90' lang='lat' dir='ltr'><strong>ju-</strong></span> 
     </span>
     <span class='ocr_line' id='line_1_26' title="bbox 902 2439 2388 2532; baseline 0.008 -31"><span class='ocrx_word' id='word_1_152' title='bbox 902 2439 1175 2505; x_wconf 85' lang='lat' dir='ltr'><strong>dicando</strong></span> <span class='ocrx_word' id='word_1_153' title='bbox 1207 2441 1332 2506; x_wconf 91' lang='lat' dir='ltr'><strong>fuit</strong></span> <span class='ocrx_word' id='word_1_154' title='bbox 1361 2446 1638 2509; x_wconf 82' lang='lat' dir='ltr'><strong>vicarius</strong></span> <span class='ocrx_word' id='word_1_155' title='bbox 1668 2448 1778 2511; x_wconf 91' lang='lat' dir='ltr'><strong>Dei</strong></span> <span class='ocrx_word' id='word_1_156' title='bbox 1810 2456 1874 2510; x_wconf 92' lang='lat' dir='ltr'><strong>et</strong></span> <span class='ocrx_word' id='word_1_157' title='bbox 1903 2449 2111 2512; x_wconf 87' lang='lat' dir='ltr'><strong>cultor</strong></span> <span class='ocrx_word' id='word_1_158' title='bbox 2149 2449 2388 2532; x_wconf 84' lang='lat' dir='ltr'><strong>ipsius3</strong></span> 
     </span>
     <span class='ocr_line' id='line_1_27' title="bbox 902 2543 2395 2619; baseline 0.008 -20"><span class='ocrx_word' id='word_1_159' title='bbox 902 2548 964 2599; x_wconf 81' lang='lat' dir='ltr'><strong>et</strong></span> <span class='ocrx_word' id='word_1_160' title='bbox 991 2543 1240 2601; x_wconf 75' lang='lat' dir='ltr'><strong>cunctis</strong></span> <span class='ocrx_word' id='word_1_161' title='bbox 1258 2545 1538 2619; x_wconf 75' lang='lat' dir='ltr'><strong>placuit,</strong></span> <span class='ocrx_word' id='word_1_162' title='bbox 1574 2544 1637 2607; x_wconf 88' lang='lat' dir='ltr'><strong>id</strong></span> <span class='ocrx_word' id='word_1_163' title='bbox 1677 2554 1774 2609; x_wconf 85' lang='lat' dir='ltr'><strong>est</strong></span> <span class='ocrx_word' id='word_1_164' title='bbox 1813 2546 2035 2610; x_wconf 89' lang='lat' dir='ltr'><strong>multis</strong></span> <span class='ocrx_word' id='word_1_165' title='bbox 2073 2548 2153 2610; x_wconf 86' lang='lat' dir='ltr'><strong>de</strong></span> <span class='ocrx_word' id='word_1_166' title='bbox 2196 2549 2395 2611; x_wconf 85' lang='lat' dir='ltr'><strong>omni·-</strong></span> 
     </span>
     <span class='ocr_line' id='line_1_28' title="bbox 906 2634 2393 2721; baseline 0.008 -23"><span class='ocrx_word' id='word_1_167' title='bbox 906 2634 1046 2713; x_wconf 84' lang='lat' dir='ltr'><strong>bus,</strong></span> <span class='ocrx_word' id='word_1_168' title='bbox 1067 2646 1129 2700; x_wconf 90' lang='lat' dir='ltr'><strong>et</strong></span> <span class='ocrx_word' id='word_1_169' title='bbox 1151 2658 1314 2721; x_wconf 89' lang='lat' dir='ltr'><strong>pene</strong></span> <span class='ocrx_word' id='word_1_170' title='bbox 1335 2641 1650 2707; x_wconf 88' lang='lat' dir='ltr'><strong>universis</strong></span> <span class='ocrx_word' id='word_1_171' title='bbox 1667 2668 1682 2719; x_wconf 84' lang='lat'>3</span> <span class='ocrx_word' id='word_1_172' title='bbox 1701 2662 1828 2707; x_wconf 90' lang='lat' dir='ltr'><strong>non</strong></span> <span class='ocrx_word' id='word_1_173' title='bbox 1850 2653 2062 2709; x_wconf 84' lang='lat' dir='ltr'><strong>tamen</strong></span> <span class='ocrx_word' id='word_1_174' title='bbox 2093 2646 2393 2710; x_wconf 90' lang='lat' dir='ltr'><strong>omnibus</strong></span> 
     </span>
     <span class='ocr_line' id='line_1_29' title="bbox 905 2736 2393 2826; baseline 0.008 -29"><span class='ocrx_word' id='word_1_175' title='bbox 905 2736 1215 2813; x_wconf 90' lang='lat' dir='ltr'><strong>absolute,</strong></span> <span class='ocrx_word' id='word_1_176' title='bbox 1271 2739 1494 2803; x_wconf 89' lang='lat' dir='ltr'><strong>saltem</strong></span> <span class='ocrx_word' id='word_1_177' title='bbox 1545 2740 1610 2803; x_wconf 89' lang='lat' dir='ltr'><strong>in</strong></span> <span class='ocrx_word' id='word_1_178' title='bbox 1661 2743 2000 2826; x_wconf 87' lang='lat' dir='ltr'><strong>principio,</strong></span> <span class='ocrx_word' id='word_1_179' title='bbox 2051 2744 2209 2826; x_wconf 85' lang='lat' dir='ltr'><strong>quia</strong></span> <span class='ocrx_word' id='word_1_180' title='bbox 2262 2764 2393 2809; x_wconf 90' lang='lat' dir='ltr'><strong>non</strong></span> 
     </span>
     <span class='ocr_line' id='line_1_30' title="bbox 905 2834 2387 2923; baseline 0.008 -28"><span class='ocrx_word' id='word_1_181' title='bbox 905 2834 1145 2916; x_wconf 79' lang='lat' dir='ltr'><strong>placuit</strong></span> <span class='ocrx_word' id='word_1_182' title='bbox 1173 2836 1454 2915; x_wconf 83' lang='lat' dir='ltr'><strong>Adoniae,</strong></span> <span class='ocrx_word' id='word_1_183' title='bbox 1481 2858 1597 2903; x_wconf 89' lang='lat' dir='ltr'><strong>nec</strong></span> <span class='ocrx_word' id='word_1_184' title='bbox 1629 2841 1770 2923; x_wconf 87' lang='lat' dir='ltr'><strong>ejus</strong></span> <span class='ocrx_word' id='word_1_185' title='bbox 1801 2840 2183 2921; x_wconf 77' lang='lat' dir='ltr'><strong>fautoribuS,</strong></span> <span class='ocrx_word' id='word_1_186' title='bbox 2210 2844 2387 2921; x_wconf 86' lang='lat' dir='ltr'><strong>Joab,</strong></span> 
     </span>
     <span class='ocr_line' id='line_1_31' title="bbox 904 2932 2395 3019; baseline 0.005 -25"><span class='ocrx_word' id='word_1_187' title='bbox 904 2932 1229 3012; x_wconf 86' lang='lat' dir='ltr'><strong>Abiathar,</strong></span> <span class='ocrx_word' id='word_1_188' title='bbox 1274 2944 1337 2999; x_wconf 90' lang='lat' dir='ltr'><strong>et</strong></span> <span class='ocrx_word' id='word_1_189' title='bbox 1384 2938 1872 3017; x_wconf 69' lang='lat' dir='ltr'><strong>consimilibus}</strong></span> <span class='ocrx_word' id='word_1_190' title='bbox 1921 2951 1981 3001; x_wconf 77' lang='lat' dir='ltr'><strong>ec</strong></span> <span class='ocrx_word' id='word_1_191' title='bbox 2011 2945 2245 3019; x_wconf 73' lang='lat' dir='ltr'><strong>paruit</strong></span> <span class='ocrx_word' id='word_1_192' title='bbox 2286 2944 2395 3002; x_wconf 79' lang='lat' dir='ltr'><strong>illi</strong></span> 
     </span>
    </p>
   </div>
   <div class='ocr_carea' id='block_1_8' title="bbox 2492 772 3981 1050">
    <p class='ocr_par' dir='ltr' id='par_1_8' title="bbox 2492 772 3981 1050">
     <span class='ocr_line' id='line_1_32' title="bbox 2498 772 3981 842; baseline 0.001 -11"><span class='ocrx_word' id='word_1_193' title='bbox 2498 782 2645 831; x_wconf 80' lang='lat' dir='ltr'><strong>tuus</strong></span> <span class='ocrx_word' id='word_1_194' title='bbox 2685 781 2775 832; x_wconf 77' lang='lat' dir='ltr'><strong>est</strong></span> <span class='ocrx_word' id='word_1_195' title='bbox 2817 774 3039 834; x_wconf 84' lang='lat' dir='ltr'><strong>David</strong></span> <span class='ocrx_word' id='word_1_196' title='bbox 3080 774 3155 832; x_wconf 83' lang='lat' dir='ltr'><strong>in</strong></span> <span class='ocrx_word' id='word_1_197' title='bbox 3196 782 3511 834; x_wconf 77' lang='lat' dir='ltr'><strong>senectute</strong></span> <span class='ocrx_word' id='word_1_198' title='bbox 3550 774 3734 842; x_wconf 81' lang='lat' dir='ltr'><strong>bona,</strong></span> <span class='ocrx_word' id='word_1_199' title='bbox 3772 772 3833 833; x_wconf 91' lang='lat' dir='ltr'><strong>id</strong></span> <span class='ocrx_word' id='word_1_200' title='bbox 3882 780 3981 834; x_wconf 82' lang='lat' dir='ltr'><strong>est</strong></span> 
     </span>
     <span class='ocr_line' id='line_1_33' title="bbox 2496 870 3980 953; baseline -0.001 -20"><span class='ocrx_word' id='word_1_201' title='bbox 2496 870 2796 947; x_wconf 86' lang='lat' dir='ltr'><strong>virtuosa,</strong></span> <span class='ocrx_word' id='word_1_202' title='bbox 2818 878 2880 933; x_wconf 89' lang='lat' dir='ltr'><strong>et</strong></span> <span class='ocrx_word' id='word_1_203' title='bbox 2900 870 3437 953; x_wconf 82' lang='lat' dir='ltr'><strong>septuagenarius,</strong></span> <span class='ocrx_word' id='word_1_204' title='bbox 3448 875 3681 949; x_wconf 82' lang='lat' dir='ltr'><strong>plenus</strong></span> <span class='ocrx_word' id='word_1_205' title='bbox 3697 873 3980 940; x_wconf 77' lang='lat' dir='ltr'><strong>dierum,</strong></span> 
     </span>
     <span class='ocr_line' id='line_1_34' title="bbox 2492 968 3977 1050; baseline 0.001 -21"><span class='ocrx_word' id='word_1_206' title='bbox 2492 968 2795 1050; x_wconf 88' lang='lat' dir='ltr'><strong>quoniam</strong></span> <span class='ocrx_word' id='word_1_207' title='bbox 2828 988 3041 1045; x_wconf 85' lang='lat' dir='ltr'><strong>senex,</strong></span> <span class='ocrx_word' id='word_1_208' title='bbox 3074 977 3138 1031; x_wconf 91' lang='lat' dir='ltr'><strong>et</strong></span> <span class='ocrx_word' id='word_1_209' title='bbox 3165 970 3301 1032; x_wconf 91' lang='lat' dir='ltr'><strong>dies</strong></span> <span class='ocrx_word' id='word_1_210' title='bbox 3332 987 3479 1032; x_wconf 89' lang='lat' dir='ltr'><strong>suos</strong></span> <span class='ocrx_word' id='word_1_211' title='bbox 3513 968 3833 1032; x_wconf 82' lang='lat' dir='ltr'><strong>fructuose</strong></span> <span class='ocrx_word' id='word_1_212' title='bbox 3862 988 3977 1031; x_wconf 84' lang='lat' dir='ltr'><strong>ex-</strong></span> 
     </span>
    </p>
   </div>
   <div class='ocr_carea' id='block_1_9' title="bbox 2494 1067 4231 1150">
    <p class='ocr_par' dir='ltr' id='par_1_9' title="bbox 2494 1067 4231 1150">
     <span class='ocr_line' id='line_1_35' title="bbox 2494 1067 4231 1150; baseline 0.001 -21"><span class='ocrx_word' id='word_1_213' title='bbox 2494 1067 2737 1150; x_wconf 87' lang='lat' dir='ltr'><strong>pendit,</strong></span> <span class='ocrx_word' id='word_1_214' title='bbox 2774 1067 2839 1130; x_wconf 92' lang='lat' dir='ltr'><strong>in</strong></span> <span class='ocrx_word' id='word_1_215' title='bbox 2870 1067 3104 1149; x_wconf 89' lang='lat' dir='ltr'><strong>quibus</strong></span> <span class='ocrx_word' id='word_1_216' title='bbox 3138 1068 3261 1130; x_wconf 91' lang='lat' dir='ltr'><strong>sibi</strong></span> <span class='ocrx_word' id='word_1_217' title='bbox 3304 1068 3748 1132; x_wconf 85' lang='lat' dir='ltr'><strong>thesaurizavit</strong></span> <span class='ocrx_word' id='word_1_218' title='bbox 3776 1067 3980 1131; x_wconf 84' lang='lat' dir='ltr'><strong>virtu·</strong></span> <span class='ocrx_word' id='word_1_219' title='bbox 4034 1087 4231 1136; x_wconf 61' lang='lat' dir='ltr'><strong>namn,</strong></span> 
     </span>
    </p>
   </div>
   <div class='ocr_carea' id='block_1_10' title="bbox 2493 1152 4071 1828">
    <p class='ocr_par' dir='ltr' id='par_1_10' title="bbox 2493 1152 4071 1442">
     <span class='ocr_line' id='line_1_36' title="bbox 2496 1152 4071 1248; baseline 0 -21"><span class='ocrx_word' id='word_1_220' title='bbox 2496 1173 2631 1227; x_wconf 90' lang='lat' dir='ltr'><strong>tum</strong></span> <span class='ocrx_word' id='word_1_221' title='bbox 2660 1164 2919 1228; x_wconf 87' lang='lat' dir='ltr'><strong>divitias</strong></span> <span class='ocrx_word' id='word_1_222' title='bbox 2950 1175 3013 1229; x_wconf 88' lang='lat' dir='ltr'><strong>et</strong></span> <span class='ocrx_word' id='word_1_223' title='bbox 3043 1166 3271 1229; x_wconf 88' lang='lat' dir='ltr'><strong>merita</strong></span> <span class='ocrx_word' id='word_1_224' title='bbox 3310 1166 3568 1248; x_wconf 89' lang='lat' dir='ltr'><strong>copiosa</strong></span> <span class='ocrx_word' id='word_1_225' title='bbox 3598 1183 3613 1227; x_wconf 75' lang='grc' dir='ltr'>ε</span> <span class='ocrx_word' id='word_1_226' title='bbox 3646 1165 3787 1229; x_wconf 88' lang='lat' dir='ltr'><strong>ideo</strong></span> <span class='ocrx_word' id='word_1_227' title='bbox 3822 1165 3981 1227; x_wconf 86' lang='lat' dir='ltr'><strong>sub-</strong></span> <span class='ocrx_word' id='word_1_228' title='bbox 4006 1152 4071 1192; x_wconf 70' lang='lat'><strong>¹⁰·</strong></span> 
     </span>
     <span class='ocr_line' id='line_1_37' title="bbox 2493 1264 3981 1343; baseline -0.002 -17"><span class='ocrx_word' id='word_1_229' title='bbox 2493 1264 2689 1341; x_wconf 89' lang='lat' dir='ltr'><strong>ditur,</strong></span> <span class='ocrx_word' id='word_1_230' title='bbox 2738 1274 2799 1325; x_wconf 80' lang='lat' dir='ltr'><strong>et</strong></span> <span class='ocrx_word' id='word_1_231' title='bbox 2844 1266 3104 1326; x_wconf 80' lang='lat' dir='ltr'><strong>divitiis</strong></span> <span class='ocrx_word' id='word_1_232' title='bbox 3158 1274 3219 1325; x_wconf 76' lang='lat' dir='ltr'><strong>et</strong></span> <span class='ocrx_word' id='word_1_233' title='bbox 3257 1267 3496 1343; x_wconf 72' lang='lat' dir='ltr'><strong>yloria.</strong></span> <span class='ocrx_word' id='word_1_234' title='bbox 3552 1267 3634 1326; x_wconf 77' lang='lat' dir='ltr'><strong>Et</strong></span> <span class='ocrx_word' id='word_1_235' title='bbox 3680 1266 3981 1341; x_wconf 73' lang='lat' dir='ltr'><strong>requavit</strong></span> 
     </span>
     <span class='ocr_line' id='line_1_38' title="bbox 2494 1364 3446 1442; baseline 0 -18"><span class='ocrx_word' id='word_1_236' title='bbox 2494 1366 2803 1424; x_wconf 81' lang='lat' dir='ltr'><strong>Salomon</strong></span> <span class='ocrx_word' id='word_1_237' title='bbox 2831 1364 3015 1441; x_wconf 78' lang='lat' dir='ltr'><strong>filius</strong></span> <span class='ocrx_word' id='word_1_238' title='bbox 3040 1365 3182 1442; x_wconf 82' lang='lat' dir='ltr'><strong>ejus</strong></span> <span class='ocrx_word' id='word_1_239' title='bbox 3203 1383 3327 1441; x_wconf 83' lang='lat' dir='ltr'><strong>pro</strong></span> <span class='ocrx_word' id='word_1_240' title='bbox 3354 1384 3446 1425; x_wconf 92' lang='lat' dir='ltr'><strong>e0.</strong></span> 
     </span>
    </p>

    <p class='ocr_par' dir='ltr' id='par_1_11' title="bbox 2494 1464 3985 1828">
     <span class='ocr_line' id='line_1_39' title="bbox 2578 1464 3983 1539; baseline -0.001 -16"><span class='ocrx_word' id='word_1_241' title='bbox 2578 1464 2763 1523; x_wconf 81' lang='lat' dir='ltr'><strong>Gesta</strong></span> <span class='ocrx_word' id='word_1_242' title='bbox 2804 1472 3021 1523; x_wconf 74' lang='lat' dir='ltr'><strong>autem</strong></span> <span class='ocrx_word' id='word_1_243' title='bbox 3051 1464 3271 1523; x_wconf 77' lang='lat' dir='ltr'><strong>David</strong></span> <span class='ocrx_word' id='word_1_244' title='bbox 3307 1464 3474 1539; x_wconf 69' lang='lat' dir='ltr'><strong>reqis</strong></span> <span class='ocrx_word' id='word_1_245' title='bbox 3510 1464 3735 1539; x_wconf 83' lang='lat' dir='ltr'><strong>priora</strong></span> <span class='ocrx_word' id='word_1_246' title='bbox 3767 1470 3827 1522; x_wconf 77' lang='lat' dir='ltr'><strong>et</strong></span> <span class='ocrx_word' id='word_1_247' title='bbox 3868 1482 3983 1522; x_wconf 82' lang='lat' dir='ltr'><strong>no-</strong></span> 
     </span>
     <span class='ocr_line' id='line_1_40' title="bbox 2494 1558 3983 1643; baseline 0 -22"><span class='ocrx_word' id='word_1_248' title='bbox 2494 1561 2784 1633; x_wconf 80' lang='lat' dir='ltr'><strong>vissima,</strong></span> <span class='ocrx_word' id='word_1_249' title='bbox 2808 1579 2951 1641; x_wconf 81' lang='lat' dir='ltr'><strong>quae</strong></span> <span class='ocrx_word' id='word_1_250' title='bbox 2983 1558 3227 1623; x_wconf 88' lang='lat' dir='ltr'><strong>scilicet</strong></span> <span class='ocrx_word' id='word_1_251' title='bbox 3256 1580 3293 1622; x_wconf 91' lang='lat' dir='ltr'><strong>a</strong></span> <span class='ocrx_word' id='word_1_252' title='bbox 3323 1559 3639 1643; x_wconf 91' lang='lat' dir='ltr'><strong>principio</strong></span> <span class='ocrx_word' id='word_1_253' title='bbox 3669 1559 3843 1640; x_wconf 86' lang='lat' dir='ltr'><strong>regni</strong></span> <span class='ocrx_word' id='word_1_254' title='bbox 3878 1560 3983 1621; x_wconf 89' lang='lat' dir='ltr'><strong>sui</strong></span> 
     </span>
     <span class='ocr_line' id='line_1_41' title="bbox 2498 1657 3985 1742; baseline -0.001 -22"><span class='ocrx_word' id='word_1_255' title='bbox 2498 1677 2702 1740; x_wconf 82' lang='lat' dir='ltr'><strong>usque</strong></span> <span class='ocrx_word' id='word_1_256' title='bbox 2750 1659 2829 1721; x_wconf 91' lang='lat' dir='ltr'><strong>ad</strong></span> <span class='ocrx_word' id='word_1_257' title='bbox 2875 1657 3073 1722; x_wconf 84' lang='lat' dir='ltr'><strong>finem</strong></span> <span class='ocrx_word' id='word_1_258' title='bbox 3124 1658 3388 1742; x_wconf 81' lang='lat' dir='ltr'><strong>peregit,</strong></span> <span class='ocrx_word' id='word_1_259' title='bbox 3430 1661 3671 1737; x_wconf 77' lang='lat' dir='ltr'><strong>scripta</strong></span> <span class='ocrx_word' id='word_1_260' title='bbox 3710 1668 3862 1719; x_wconf 78' lang='lat' dir='ltr'><strong>sunt</strong></span> <span class='ocrx_word' id='word_1_261' title='bbox 3908 1660 3985 1719; x_wconf 79' lang='lat' dir='ltr'><strong>in</strong></span> 
     </span>
     <span class='ocr_line' id='line_1_42' title="bbox 2497 1755 3985 1828; baseline 0 -11"><span class='ocrx_word' id='word_1_262' title='bbox 2497 1759 2660 1818; x_wconf 78' lang='lat' dir='ltr'><strong>libro</strong></span> <span class='ocrx_word' id='word_1_263' title='bbox 2708 1759 3037 1819; x_wconf 84' lang='lat' dir='ltr'><strong>Samuelis</strong></span> <span class='ocrx_word' id='word_1_264' title='bbox 3078 1759 3385 1828; x_wconf 78' lang='lat' dir='ltr'><strong>videntis,</strong></span> <span class='ocrx_word' id='word_1_265' title='bbox 3424 1757 3488 1818; x_wconf 90' lang='lat' dir='ltr'><strong>id</strong></span> <span class='ocrx_word' id='word_1_266' title='bbox 3540 1763 3636 1819; x_wconf 86' lang='lat' dir='ltr'><strong>est</strong></span> <span class='ocrx_word' id='word_1_267' title='bbox 3681 1756 3749 1818; x_wconf 92' lang='lat' dir='ltr'><strong>in</strong></span> <span class='ocrx_word' id='word_1_268' title='bbox 3794 1755 3985 1818; x_wconf 86' lang='lat' dir='ltr'><strong>libris</strong></span> 
     </span>
    </p>
   </div>
   <div class='ocr_carea' id='block_1_11' title="bbox 2420 1853 3986 1938">
    <p class='ocr_par' dir='ltr' id='par_1_12' title="bbox 2420 1853 3986 1938">
     <span class='ocr_line' id='line_1_43' title="bbox 2420 1853 3986 1938; baseline -0.004 -15"><span class='ocrx_word' id='word_1_269' title='bbox 2420 1862 2465 1923; x_wconf 94' lang='lat' dir='ltr'>B</span> <span class='ocrx_word' id='word_1_270' title='bbox 2496 1856 2735 1936; x_wconf 81' lang='lat' dir='ltr'><strong>Regum</strong></span> <span class='ocrx_word' id='word_1_271' title='bbox 2767 1855 2976 1938; x_wconf 89' lang='lat' dir='ltr'><strong>primo</strong></span> <span class='ocrx_word' id='word_1_272' title='bbox 3006 1863 3069 1919; x_wconf 89' lang='lat' dir='ltr'><strong>et</strong></span> <span class='ocrx_word' id='word_1_273' title='bbox 3098 1856 3379 1919; x_wconf 89' lang='lat' dir='ltr'><strong>secundo</strong></span> <span class='ocrx_word' id='word_1_274' title='bbox 3415 1875 3452 1918; x_wconf 98' lang='lat' dir='ltr'><strong>a</strong></span> <span class='ocrx_word' id='word_1_275' title='bbox 3491 1853 3779 1919; x_wconf 86' lang='lat' dir='ltr'><strong>Samuele</strong></span> <span class='ocrx_word' id='word_1_276' title='bbox 3808 1872 3986 1919; x_wconf 88' lang='lat' dir='ltr'><strong>com-</strong></span> 
     </span>
    </p>
   </div>
   <div class='ocr_carea' id='block_1_12' title="bbox 2498 1953 3991 3021">
    <p class='ocr_par' dir='ltr' id='par_1_13' title="bbox 2498 1953 3991 3021">
     <span class='ocr_line' id='line_1_44' title="bbox 2499 1953 3983 2037; baseline -0.001 -20"><span class='ocrx_word' id='word_1_277' title='bbox 2499 1953 2749 2037; x_wconf 77' lang='lat' dir='ltr'><strong>positiS‚</strong></span> <span class='ocrx_word' id='word_1_278' title='bbox 2783 1962 2973 2037; x_wconf 90' lang='lat' dir='ltr'><strong>prout</strong></span> <span class='ocrx_word' id='word_1_279' title='bbox 3004 1953 3228 2017; x_wconf 89' lang='lat' dir='ltr'><strong>fertur.</strong></span> <span class='ocrx_word' id='word_1_280' title='bbox 3263 1953 3375 2017; x_wconf 87' lang='lat' dir='ltr'><strong>Vel</strong></span> <span class='ocrx_word' id='word_1_281' title='bbox 3408 1954 3534 2017; x_wconf 93' lang='lat' dir='ltr'><strong>duo</strong></span> <span class='ocrx_word' id='word_1_282' title='bbox 3564 1953 3713 2016; x_wconf 89' lang='lat' dir='ltr'><strong>libri</strong></span> <span class='ocrx_word' id='word_1_283' title='bbox 3742 1954 3983 2034; x_wconf 80' lang='lat' dir='ltr'><strong>Regum</strong></span> 
     </span>
     <span class='ocr_line' id='line_1_45' title="bbox 2499 2052 3987 2134; baseline -0.001 -18"><span class='ocrx_word' id='word_1_284' title='bbox 2499 2052 2749 2116; x_wconf 88' lang='lat' dir='ltr'><strong>collecti</strong></span> <span class='ocrx_word' id='word_1_285' title='bbox 2798 2060 2945 2115; x_wconf 91' lang='lat' dir='ltr'><strong>sunt</strong></span> <span class='ocrx_word' id='word_1_286' title='bbox 3000 2072 3077 2115; x_wconf 85' lang='lat' dir='ltr'><strong>ex</strong></span> <span class='ocrx_word' id='word_1_287' title='bbox 3133 2052 3458 2117; x_wconf 81' lang='lat' dir='ltr'><strong>volumine</strong></span> <span class='ocrx_word' id='word_1_288' title='bbox 3507 2052 3813 2115; x_wconf 84' lang='lat' dir='ltr'><strong>Samuelis</strong></span> <span class='ocrx_word' id='word_1_289' title='bbox 3864 2070 3987 2134; x_wconf 88' lang='lat' dir='ltr'><strong>pro</strong></span> 
     </span>
     <span class='ocr_line' id='line_1_46' title="bbox 2498 2150 3986 2233; baseline -0.001 -20"><span class='ocrx_word' id='word_1_290' title='bbox 2498 2150 2775 2213; x_wconf 83' lang='lat' dir='ltr'><strong>maxima</strong></span> <span class='ocrx_word' id='word_1_291' title='bbox 2822 2160 3023 2233; x_wconf 84' lang='lat' dir='ltr'><strong>parte,</strong></span> <span class='ocrx_word' id='word_1_292' title='bbox 3076 2152 3427 2214; x_wconf 90' lang='lat' dir='ltr'><strong>secundum</strong></span> <span class='ocrx_word' id='word_1_293' title='bbox 3475 2170 3582 2214; x_wconf 89' lang='lat' dir='ltr'><strong>eos</strong></span> <span class='ocrx_word' id='word_1_294' title='bbox 3630 2151 3741 2233; x_wconf 91' lang='lat' dir='ltr'><strong>qui</strong></span> <span class='ocrx_word' id='word_1_295' title='bbox 3784 2150 3986 2213; x_wconf 89' lang='lat' dir='ltr'><strong>libros</strong></span> 
     </span>
     <span class='ocr_line' id='line_1_47' title="bbox 2500 2250 3985 2332; baseline -0.001 -20"><span class='ocrx_word' id='word_1_296' title='bbox 2500 2250 2737 2331; x_wconf 84' lang='lat' dir='ltr'><strong>Regum</strong></span> <span class='ocrx_word' id='word_1_297' title='bbox 2768 2250 2991 2313; x_wconf 88' lang='lat' dir='ltr'><strong>dicunt</strong></span> <span class='ocrx_word' id='word_1_298' title='bbox 3020 2270 3057 2312; x_wconf 91' lang='lat' dir='ltr'><strong>a</strong></span> <span class='ocrx_word' id='word_1_299' title='bbox 3082 2250 3354 2314; x_wconf 84' lang='lat' dir='ltr'><strong>Jeremia</strong></span> <span class='ocrx_word' id='word_1_300' title='bbox 3380 2250 3793 2332; x_wconf 88' lang='lat' dir='ltr'><strong>conscriptos.</strong></span> <span class='ocrx_word' id='word_1_301' title='bbox 3826 2250 3985 2313; x_wconf 87' lang='lat' dir='ltr'><strong>Nam</strong></span> 
     </span>
     <span class='ocr_line' id='line_1_48' title="bbox 2500 2347 3990 2431; baseline -0.001 -19"><span class='ocrx_word' id='word_1_302' title='bbox 2500 2356 2563 2412; x_wconf 90' lang='lat' dir='ltr'><strong>et</strong></span> <span class='ocrx_word' id='word_1_303' title='bbox 2591 2348 2844 2412; x_wconf 90' lang='lat' dir='ltr'><strong>Samuel</strong></span> <span class='ocrx_word' id='word_1_304' title='bbox 2877 2367 2992 2431; x_wconf 91' lang='lat' dir='ltr'><strong>per</strong></span> <span class='ocrx_word' id='word_1_305' title='bbox 3022 2355 3273 2431; x_wconf 89' lang='lat' dir='ltr'><strong>tempus</strong></span> <span class='ocrx_word' id='word_1_306' title='bbox 3310 2347 3591 2412; x_wconf 83' lang='lat' dir='ltr'><strong>notabile</strong></span> <span class='ocrx_word' id='word_1_307' title='bbox 3629 2358 3729 2412; x_wconf 88' lang='lat' dir='ltr'><strong>est</strong></span> <span class='ocrx_word' id='word_1_308' title='bbox 3762 2347 3990 2411; x_wconf 89' lang='lat' dir='ltr'><strong>defun-</strong></span> 
     </span>
     <span class='ocr_line' id='line_1_49' title="bbox 2498 2447 3991 2528; baseline -0.001 -18"><span class='ocrx_word' id='word_1_309' title='bbox 2498 2455 2660 2524; x_wconf 81' lang='lat' dir='ltr'><strong>ctuS‚</strong></span> <span class='ocrx_word' id='word_1_310' title='bbox 2695 2455 3035 2528; x_wconf 88' lang='lat' dir='ltr'><strong>antequam</strong></span> <span class='ocrx_word' id='word_1_311' title='bbox 3066 2447 3435 2511; x_wconf 89' lang='lat' dir='ltr'><strong>acciderunt</strong></span> <span class='ocrx_word' id='word_1_312' title='bbox 3462 2448 3753 2528; x_wconf 65' lang='lat' dir='ltr'><strong>quasdam</strong></span> <span class='ocrx_word' id='word_1_313' title='bbox 3782 2447 3857 2509; x_wconf 86' lang='lat' dir='ltr'><strong>ad</strong></span> <span class='ocrx_word' id='word_1_314' title='bbox 3890 2466 3991 2509; x_wconf 79' lang='lat' dir='ltr'><strong>sc-</strong></span> 
     </span>
     <span class='ocr_line' id='line_1_50' title="bbox 2500 2545 3989 2627; baseline -0.002 -18"><span class='ocrx_word' id='word_1_315' title='bbox 2500 2546 2781 2610; x_wconf 86' lang='lat' dir='ltr'><strong>cundum</strong></span> <span class='ocrx_word' id='word_1_316' title='bbox 2821 2545 3055 2607; x_wconf 89' lang='lat' dir='ltr'><strong>librum</strong></span> <span class='ocrx_word' id='word_1_317' title='bbox 3096 2546 3333 2625; x_wconf 87' lang='lat' dir='ltr'><strong>Regum</strong></span> <span class='ocrx_word' id='word_1_318' title='bbox 3374 2546 3746 2627; x_wconf 85' lang='lat' dir='ltr'><strong>spectantia.</strong></span> <span class='ocrx_word' id='word_1_319' title='bbox 3786 2548 3871 2607; x_wconf 77' lang='lat' dir='ltr'><strong>Ec</strong></span> <span class='ocrx_word' id='word_1_320' title='bbox 3912 2550 3989 2607; x_wconf 79' lang='lat' dir='ltr'><strong>in</strong></span> 
     </span>
     <span class='ocr_line' id='line_1_51' title="bbox 2500 2634 3991 2725; baseline -0.001 -20"><span class='ocrx_word' id='word_1_321' title='bbox 2500 2634 2662 2705; x_wconf 63' lang='lat' dir='ltr'><strong>libio</strong></span> <span class='ocrx_word' id='word_1_322' title='bbox 2686 2646 2955 2705; x_wconf 74' lang='lat' dir='ltr'><strong>Nathan</strong></span> <span class='ocrx_word' id='word_1_323' title='bbox 2976 2647 3327 2721; x_wconf 65' lang='lat' dir='ltr'><strong>prophetae,</strong></span> <span class='ocrx_word' id='word_1_324' title='bbox 3340 2656 3532 2725; x_wconf 78' lang='lat' dir='ltr'><strong>atque</strong></span> <span class='ocrx_word' id='word_1_325' title='bbox 3554 2647 3629 2705; x_wconf 83' lang='lat' dir='ltr'><strong>in</strong></span> <span class='ocrx_word' id='word_1_326' title='bbox 3660 2648 3869 2706; x_wconf 85' lang='lat' dir='ltr'><strong>volum</strong></span> <span class='ocrx_word' id='word_1_327' title='bbox 3879 2647 3991 2705; x_wconf 81' lang='lat' dir='ltr'><strong>ine</strong></span> 
     </span>
     <span class='ocr_line' id='line_1_52' title="bbox 2504 2741 3989 2825; baseline 0 -20"><span class='ocrx_word' id='word_1_328' title='bbox 2504 2746 2647 2805; x_wconf 82' lang='lat' dir='ltr'><strong>Gad</strong></span> <span class='ocrx_word' id='word_1_329' title='bbox 2676 2744 2977 2803; x_wconf 78' lang='lat' dir='ltr'><strong>videntis.</strong></span> <span class='ocrx_word' id='word_1_330' title='bbox 3012 2742 3119 2804; x_wconf 85' lang='lat' dir='ltr'><strong>Isti</strong></span> <span class='ocrx_word' id='word_1_331' title='bbox 3158 2741 3307 2805; x_wconf 91' lang='lat' dir='ltr'><strong>libri</strong></span> <span class='ocrx_word' id='word_1_332' title='bbox 3347 2742 3697 2805; x_wconf 89' lang='lat' dir='ltr'><strong>secundum</strong></span> <span class='ocrx_word' id='word_1_333' title='bbox 3737 2742 3989 2825; x_wconf 89' lang='lat' dir='ltr'><strong>aliquos</strong></span> 
     </span>
     <span class='ocr_line' id='line_1_53' title="bbox 2500 2839 3991 2924; baseline 0.001 -21"><span class='ocrx_word' id='word_1_334' title='bbox 2500 2858 2629 2905; x_wconf 90' lang='lat' dir='ltr'><strong>non</strong></span> <span class='ocrx_word' id='word_1_335' title='bbox 2666 2839 2924 2904; x_wconf 83' lang='lat' dir='ltr'><strong>fuerunt</strong></span> <span class='ocrx_word' id='word_1_336' title='bbox 2955 2842 3311 2905; x_wconf 81' lang='lat' dir='ltr'><strong>conservati</strong></span> <span class='ocrx_word' id='word_1_337' title='bbox 3351 2840 3419 2903; x_wconf 91' lang='lat' dir='ltr'><strong>in</strong></span> <span class='ocrx_word' id='word_1_338' title='bbox 3459 2860 3620 2919; x_wconf 87' lang='lat' dir='ltr'><strong>esse,</strong></span> <span class='ocrx_word' id='word_1_339' title='bbox 3656 2860 3773 2904; x_wconf 82' lang='lat' dir='ltr'><strong>nec</strong></span> <span class='ocrx_word' id='word_1_340' title='bbox 3812 2861 3991 2924; x_wconf 86' lang='lat' dir='ltr'><strong>repa-</strong></span> 
     </span>
     <span class='ocr_line' id='line_1_54' title="bbox 2500 2938 3991 3021; baseline 0.001 -19"><span class='ocrx_word' id='word_1_341' title='bbox 2500 2940 2622 3002; x_wconf 91' lang='lat' dir='ltr'><strong>rati</strong></span> <span class='ocrx_word' id='word_1_342' title='bbox 2668 2956 2781 3021; x_wconf 88' lang='lat' dir='ltr'><strong>per</strong></span> <span class='ocrx_word' id='word_1_343' title='bbox 2817 2938 3103 3002; x_wconf 87' lang='lat' dir='ltr'><strong>Esdram.</strong></span> <span class='ocrx_word' id='word_1_344' title='bbox 3138 2940 3283 3003; x_wconf 89' lang='lat' dir='ltr'><strong>Ideo</strong></span> <span class='ocrx_word' id='word_1_345' title='bbox 3324 2958 3452 3003; x_wconf 88' lang='lat' dir='ltr'><strong>non</strong></span> <span class='ocrx_word' id='word_1_346' title='bbox 3493 2938 3827 3016; x_wconf 88' lang='lat' dir='ltr'><strong>habentur,</strong></span> <span class='ocrx_word' id='word_1_347' title='bbox 3866 2959 3991 3003; x_wconf 87' lang='lat' dir='ltr'><strong>nec</strong></span> 
     </span>
    </p>
   </div>
   <div class='ocr_carea' id='block_1_13' title="bbox 619 3034 4005 4400">
    <p class='ocr_par' dir='ltr' id='par_1_14' title="bbox 896 3034 3995 3317">
     <span class='ocr_line' id='line_1_55' title="bbox 903 3034 3993 3121; baseline 0.004 -30"><span class='ocrx_word' id='word_1_348' title='bbox 903 3034 1114 3093; x_wconf 82' lang='lat' dir='ltr'><strong>omnis</strong></span> <span class='ocrx_word' id='word_1_349' title='bbox 1139 3036 1366 3097; x_wconf 83' lang='lat' dir='ltr'><strong>Israel.</strong></span> <span class='ocrx_word' id='word_1_350' title='bbox 1401 3039 1532 3098; x_wconf 78' lang='lat' dir='ltr'><strong>Sed</strong></span> <span class='ocrx_word' id='word_1_351' title='bbox 1559 3048 1619 3100; x_wconf 73' lang='lat' dir='ltr'><strong>et</strong></span> <span class='ocrx_word' id='word_1_352' title='bbox 1647 3042 1942 3100; x_wconf 79' lang='lat' dir='ltr'><strong>universi</strong></span> <span class='ocrx_word' id='word_1_353' title='bbox 1960 3044 2294 3118; x_wconf 80' lang='lat' dir='ltr'><strong>principes</strong></span> <span class='ocrx_word' id='word_1_354' title='bbox 2333 3052 2393 3103; x_wconf 78' lang='lat' dir='ltr'><strong>ec</strong></span> <span class='ocrx_word' id='word_1_355' title='bbox 2424 3044 2467 3106; x_wconf 91' lang='lat' dir='ltr'>C</span> <span class='ocrx_word' id='word_1_356' title='bbox 2502 3039 2671 3121; x_wconf 89' lang='lat' dir='ltr'><strong>apud</strong></span> <span class='ocrx_word' id='word_1_357' title='bbox 2700 3037 3080 3115; x_wconf 80' lang='lat' dir='ltr'><strong>CatholioOS,</strong></span> <span class='ocrx_word' id='word_1_358' title='bbox 3106 3057 3223 3101; x_wconf 86' lang='lat' dir='ltr'><strong>nec</strong></span> <span class='ocrx_word' id='word_1_359' title='bbox 3250 3038 3419 3120; x_wconf 88' lang='lat' dir='ltr'><strong>apud</strong></span> <span class='ocrx_word' id='word_1_360' title='bbox 3450 3037 3765 3101; x_wconf 58' lang='lat' dir='ltr'><strong>Hebraeos,</strong></span> <span class='ocrx_word' id='word_1_361' title='bbox 3798 3038 3993 3102; x_wconf 86' lang='lat' dir='ltr'><strong>Porro</strong></span> 
     </span>
     <span class='ocr_line' id='line_1_56' title="bbox 896 3135 3995 3219; baseline 0.001 -26"><span class='ocrx_word' id='word_1_362' title='bbox 896 3141 1204 3209; x_wconf 80' lang='lat' dir='ltr'><strong>potentes,</strong></span> <span class='ocrx_word' id='word_1_363' title='bbox 1257 3144 1316 3195; x_wconf 79' lang='lat' dir='ltr'><strong>ec</strong></span> <span class='ocrx_word' id='word_1_364' title='bbox 1364 3139 1584 3197; x_wconf 78' lang='lat' dir='ltr'><strong>cuncti</strong></span> <span class='ocrx_word' id='word_1_365' title='bbox 1627 3139 1764 3215; x_wconf 78' lang='lat' dir='ltr'><strong>filii</strong></span> <span class='ocrx_word' id='word_1_366' title='bbox 1809 3142 1978 3216; x_wconf 74' lang='lat' dir='ltr'><strong>reqis</strong></span> <span class='ocrx_word' id='word_1_367' title='bbox 2027 3142 2250 3201; x_wconf 84' lang='lat' dir='ltr'><strong>David</strong></span> <span class='ocrx_word' id='word_1_368' title='bbox 2301 3139 2391 3201; x_wconf 92' lang='lat' dir='ltr'><strong>ibi</strong></span> <span class='ocrx_word' id='word_1_369' title='bbox 2502 3136 2703 3199; x_wconf 88' lang='lat' dir='ltr'><strong>Rabbi</strong></span> <span class='ocrx_word' id='word_1_370' title='bbox 2732 3135 2963 3199; x_wconf 90' lang='lat' dir='ltr'><strong>Paulus</strong></span> <span class='ocrx_word' id='word_1_371' title='bbox 2994 3135 3104 3213; x_wconf 91' lang='lat' dir='ltr'><strong>ait,</strong></span> <span class='ocrx_word' id='word_1_372' title='bbox 3137 3137 3309 3218; x_wconf 88' lang='lat' dir='ltr'><strong>quod</strong></span> <span class='ocrx_word' id='word_1_373' title='bbox 3345 3136 3511 3199; x_wconf 84' lang='lat' dir='ltr'><strong>sicut</strong></span> <span class='ocrx_word' id='word_1_374' title='bbox 3550 3136 3797 3219; x_wconf 87' lang='lat' dir='ltr'><strong>primus</strong></span> <span class='ocrx_word' id='word_1_375' title='bbox 3828 3136 3995 3199; x_wconf 86' lang='lat' dir='ltr'><strong>liber</strong></span> 
     </span>
     <span class='ocr_line' id='line_1_57' title="bbox 908 3234 3995 3317; baseline 0.002 -27"><span class='ocrx_word' id='word_1_376' title='bbox 908 3238 1274 3311; x_wconf 80' lang='lat' dir='ltr'><strong>praesenteS‚</strong></span> <span class='ocrx_word' id='word_1_377' title='bbox 1321 3236 1644 3297; x_wconf 79' lang='lat' dir='ltr'><strong>dederunt</strong></span> <span class='ocrx_word' id='word_1_378' title='bbox 1703 3256 1974 3298; x_wconf 86' lang='lat' dir='ltr'><strong>manum</strong></span> <span class='ocrx_word' id='word_1_379' title='bbox 2018 3248 2078 3298; x_wconf 80' lang='lat' dir='ltr'><strong>et</strong></span> <span class='ocrx_word' id='word_1_380' title='bbox 2125 3240 2396 3317; x_wconf 77' lang='lat' dir='ltr'><strong>subjecti</strong></span> <span class='ocrx_word' id='word_1_381' title='bbox 2509 3237 2745 3316; x_wconf 89' lang='lat' dir='ltr'><strong>Regum</strong></span> <span class='ocrx_word' id='word_1_382' title='bbox 2782 3234 3167 3298; x_wconf 88' lang='lat' dir='ltr'><strong>adscribitur</strong></span> <span class='ocrx_word' id='word_1_383' title='bbox 3208 3234 3509 3312; x_wconf 87' lang='lat' dir='ltr'><strong>Samneli,</strong></span> <span class='ocrx_word' id='word_1_384' title='bbox 3544 3235 3633 3298; x_wconf 88' lang='lat' dir='ltr'><strong>ita</strong></span> <span class='ocrx_word' id='word_1_385' title='bbox 3674 3236 3995 3299; x_wconf 87' lang='lat' dir='ltr'><strong>secundus</strong></span> 
     </span>
    </p>

    <p class='ocr_par' dir='ltr' id='par_1_15' title="bbox 907 3332 3999 3514">
     <span class='ocr_line' id='line_1_58' title="bbox 907 3332 3996 3417; baseline 0.003 -30"><span class='ocrx_word' id='word_1_386' title='bbox 907 3339 1095 3390; x_wconf 83' lang='lat' dir='ltr'><strong>erant</strong></span> <span class='ocrx_word' id='word_1_387' title='bbox 1139 3333 1480 3395; x_wconf 80' lang='lat' dir='ltr'><strong>Salomoni</strong></span> <span class='ocrx_word' id='word_1_388' title='bbox 1521 3337 1680 3411; x_wconf 73' lang='lat' dir='ltr'><strong>reyi,</strong></span> <span class='ocrx_word' id='word_1_389' title='bbox 1725 3334 1788 3399; x_wconf 91' lang='lat' dir='ltr'><strong>id</strong></span> <span class='ocrx_word' id='word_1_390' title='bbox 1833 3343 1950 3411; x_wconf 89' lang='lat' dir='ltr'><strong>cst,</strong></span> <span class='ocrx_word' id='word_1_391' title='bbox 1997 3336 2397 3400; x_wconf 88' lang='lat' dir='ltr'><strong>concorditer</strong></span> <span class='ocrx_word' id='word_1_392' title='bbox 2506 3343 2569 3398; x_wconf 89' lang='lat' dir='ltr'><strong>et</strong></span> <span class='ocrx_word' id='word_1_393' title='bbox 2622 3333 2841 3397; x_wconf 88' lang='lat' dir='ltr'><strong>tertius</strong></span> <span class='ocrx_word' id='word_1_394' title='bbox 2892 3332 3355 3396; x_wconf 84' lang='lat' dir='ltr'><strong>rationabiliter</strong></span> <span class='ocrx_word' id='word_1_395' title='bbox 3402 3342 3673 3417; x_wconf 88' lang='lat' dir='ltr'><strong>possunt</strong></span> <span class='ocrx_word' id='word_1_396' title='bbox 3716 3334 3996 3397; x_wconf 85' lang='lat' dir='ltr'><strong>adscribi</strong></span> 
     </span>
     <span class='ocr_line' id='line_1_59' title="bbox 911 3429 3999 3514; baseline 0.002 -26"><span class='ocrx_word' id='word_1_397' title='bbox 911 3438 1374 3493; x_wconf 86' lang='lat' dir='ltr'><strong>consenserunt</strong></span> <span class='ocrx_word' id='word_1_398' title='bbox 1412 3432 1798 3513; x_wconf 91' lang='lat' dir='ltr'><strong>promotioni</strong></span> <span class='ocrx_word' id='word_1_399' title='bbox 1833 3432 2209 3498; x_wconf 83' lang='lat' dir='ltr'><strong>Salomonis.</strong></span> <span class='ocrx_word' id='word_1_400' title='bbox 2243 3434 2396 3497; x_wconf 90' lang='lat' dir='ltr'><strong>Nar·</strong></span> <span class='ocrx_word' id='word_1_401' title='bbox 2507 3432 2751 3496; x_wconf 87' lang='lat' dir='ltr'><strong>Nathan</strong></span> <span class='ocrx_word' id='word_1_402' title='bbox 2810 3429 3135 3514; x_wconf 85' lang='lat' dir='ltr'><strong>prophetae</strong></span> <span class='ocrx_word' id='word_1_403' title='bbox 3185 3450 3299 3495; x_wconf 89' lang='lat' dir='ltr'><strong>seu</strong></span> <span class='ocrx_word' id='word_1_404' title='bbox 3344 3430 3475 3494; x_wconf 90' lang='lat' dir='ltr'><strong>Gad</strong></span> <span class='ocrx_word' id='word_1_405' title='bbox 3522 3430 3787 3509; x_wconf 83' lang='lat' dir='ltr'><strong>videnti,</strong></span> <span class='ocrx_word' id='word_1_406' title='bbox 3838 3432 3999 3514; x_wconf 81' lang='lat' dir='ltr'><strong>qnia</strong></span> 
     </span>
    </p>

    <p class='ocr_par' dir='ltr' id='par_1_16' title="bbox 619 3528 4002 4207">
     <span class='ocr_line' id='line_1_60' title="bbox 671 3528 3999 3614; baseline 0.002 -29"><span class='ocrx_word' id='word_1_407' title='bbox 671 3530 784 3573; x_wconf 74' lang='lat' dir='ltr'><strong>nist.</strong></span> <span class='ocrx_word' id='word_1_408' title='bbox 803 3529 881 3573; x_wconf 76' lang='lat' dir='ltr'><strong>lib·</strong></span> <span class='ocrx_word' id='word_1_409' title='bbox 911 3532 1010 3586; x_wconf 88' lang='lat' dir='ltr'><strong>rat</strong></span> <span class='ocrx_word' id='word_1_410' title='bbox 1036 3534 1248 3590; x_wconf 90' lang='lat' dir='ltr'><strong>autem</strong></span> <span class='ocrx_word' id='word_1_411' title='bbox 1269 3528 1560 3611; x_wconf 84' lang='lat' dir='ltr'><strong>Magister</strong></span> <span class='ocrx_word' id='word_1_412' title='bbox 1590 3530 1658 3593; x_wconf 93' lang='lat' dir='ltr'><strong>in</strong></span> <span class='ocrx_word' id='word_1_413' title='bbox 1688 3531 1988 3610; x_wconf 83' lang='lat' dir='ltr'><strong>historiiS,</strong></span> <span class='ocrx_word' id='word_1_414' title='bbox 2008 3533 2181 3614; x_wconf 90' lang='lat' dir='ltr'><strong>quod</strong></span> <span class='ocrx_word' id='word_1_415' title='bbox 2201 3532 2399 3597; x_wconf 86' lang='lat' dir='ltr'><strong>David</strong></span> <span class='ocrx_word' id='word_1_416' title='bbox 2510 3530 2771 3593; x_wconf 84' lang='lat' dir='ltr'><strong>fuerunt</strong></span> <span class='ocrx_word' id='word_1_417' title='bbox 2800 3528 3127 3612; x_wconf 83' lang='lat' dir='ltr'><strong>prophetae</strong></span> <span class='ocrx_word' id='word_1_418' title='bbox 3158 3530 3674 3612; x_wconf 88' lang='lat' dir='ltr'><strong>contemporanei</strong></span> <span class='ocrx_word' id='word_1_419' title='bbox 3704 3530 3899 3595; x_wconf 79' lang='lat' dir='ltr'><strong>David</strong></span> <span class='ocrx_word' id='word_1_420' title='bbox 3930 3540 3999 3593; x_wconf 89' lang='lat' dir='ltr'><strong>et</strong></span> 
     </span>
     <span class='ocr_line' id='line_1_61' title="bbox 619 3594 3997 3711; baseline 0.001 -25"><span class='ocrx_word' id='word_1_421' title='bbox 619 3594 882 3653; x_wconf 67' lang='lat' dir='ltr'><strong>¹¹¹R⁸⁸&#39;⁰‘²</strong></span> <span class='ocrx_word' id='word_1_422' title='bbox 915 3624 1162 3704; x_wconf 86' lang='lat' dir='ltr'><strong>rogavit</strong></span> <span class='ocrx_word' id='word_1_423' title='bbox 1201 3626 1377 3691; x_wconf 88' lang='lat' dir='ltr'><strong>filios</strong></span> <span class='ocrx_word' id='word_1_424' title='bbox 1419 3647 1590 3707; x_wconf 82' lang='lat' dir='ltr'><strong>suoS,</strong></span> <span class='ocrx_word' id='word_1_425' title='bbox 1626 3650 1706 3693; x_wconf 91' lang='lat' dir='ltr'><strong>ne</strong></span> <span class='ocrx_word' id='word_1_426' title='bbox 1746 3648 1910 3711; x_wconf 80' lang='lat' dir='ltr'><strong>aegre</strong></span> <span class='ocrx_word' id='word_1_427' title='bbox 1955 3630 2197 3695; x_wconf 86' lang='lat' dir='ltr'><strong>ferrent</strong></span> <span class='ocrx_word' id='word_1_428' title='bbox 2230 3632 2401 3695; x_wconf 92' lang='lat' dir='ltr'><strong>Salo-</strong></span> <span class='ocrx_word' id='word_1_429' title='bbox 2510 3628 2853 3693; x_wconf 89' lang='lat' dir='ltr'><strong>Salomoni.</strong></span> <span class='ocrx_word' id='word_1_430' title='bbox 2888 3627 3341 3691; x_wconf 84' lang='lat' dir='ltr'><strong>Verumtamen</strong></span> <span class='ocrx_word' id='word_1_431' title='bbox 3380 3635 3649 3705; x_wconf 88' lang='lat' dir='ltr'><strong>constat,</strong></span> <span class='ocrx_word' id='word_1_432' title='bbox 3680 3628 3851 3711; x_wconf 90' lang='lat' dir='ltr'><strong>quod</strong></span> <span class='ocrx_word' id='word_1_433' title='bbox 3878 3630 3997 3691; x_wconf 90' lang='lat' dir='ltr'><strong>diu</strong></span> 
     </span>
     <span class='ocr_line' id='line_1_62' title="bbox 917 3725 4001 3812; baseline 0.001 -26"><span class='ocrx_word' id='word_1_434' title='bbox 917 3742 1171 3788; x_wconf 89' lang='lat' dir='ltr'><strong>monem</strong></span> <span class='ocrx_word' id='word_1_435' title='bbox 1204 3725 1418 3789; x_wconf 87' lang='lat' dir='ltr'><strong>filium</strong></span> <span class='ocrx_word' id='word_1_436' title='bbox 1453 3748 1638 3791; x_wconf 88' lang='lat' dir='ltr'><strong>suum</strong></span> <span class='ocrx_word' id='word_1_437' title='bbox 1674 3729 2034 3807; x_wconf 90' lang='lat' dir='ltr'><strong>minimum,</strong></span> <span class='ocrx_word' id='word_1_438' title='bbox 2070 3729 2134 3793; x_wconf 90' lang='lat' dir='ltr'><strong>id</strong></span> <span class='ocrx_word' id='word_1_439' title='bbox 2174 3738 2269 3792; x_wconf 91' lang='lat' dir='ltr'><strong>est</strong></span> <span class='ocrx_word' id='word_1_440' title='bbox 2306 3732 2402 3812; x_wconf 88' lang='lat' dir='ltr'><strong>ju·</strong></span> <span class='ocrx_word' id='word_1_441' title='bbox 2510 3726 2798 3790; x_wconf 80' lang='lat' dir='ltr'><strong>defuncti</strong></span> <span class='ocrx_word' id='word_1_442' title='bbox 2832 3726 2961 3788; x_wconf 91' lang='lat' dir='ltr'><strong>sint</strong></span> <span class='ocrx_word' id='word_1_443' title='bbox 2991 3735 3331 3807; x_wconf 86' lang='lat' dir='ltr'><strong>antequam</strong></span> <span class='ocrx_word' id='word_1_444' title='bbox 3370 3727 3773 3806; x_wconf 88' lang='lat' dir='ltr'><strong>contigerunt</strong></span> <span class='ocrx_word' id='word_1_445' title='bbox 3810 3726 4001 3809; x_wconf 85' lang='lat' dir='ltr'><strong>plura</strong></span> 
     </span>
     <span class='ocr_line' id='line_1_63' title="bbox 916 3821 4000 3910; baseline 0 -26"><span class='ocrx_word' id='word_1_446' title='bbox 916 3821 1184 3903; x_wconf 87' lang='lat' dir='ltr'><strong>niorem,</strong></span> <span class='ocrx_word' id='word_1_447' title='bbox 1221 3825 1316 3888; x_wconf 89' lang='lat' dir='ltr'><strong>eis</strong></span> <span class='ocrx_word' id='word_1_448' title='bbox 1354 3846 1492 3890; x_wconf 91' lang='lat' dir='ltr'><strong>esse</strong></span> <span class='ocrx_word' id='word_1_449' title='bbox 1532 3826 1883 3910; x_wconf 81' lang='lat' dir='ltr'><strong>praelatum,</strong></span> <span class='ocrx_word' id='word_1_450' title='bbox 1925 3828 2078 3910; x_wconf 90' lang='lat' dir='ltr'><strong>quia</strong></span> <span class='ocrx_word' id='word_1_451' title='bbox 2109 3829 2274 3891; x_wconf 90' lang='lat' dir='ltr'><strong>Deus</strong></span> <span class='ocrx_word' id='word_1_452' title='bbox 2315 3829 2404 3891; x_wconf 89' lang='lat' dir='ltr'><strong>ita</strong></span> <span class='ocrx_word' id='word_1_453' title='bbox 2512 3825 2695 3891; x_wconf 86' lang='lat' dir='ltr'><strong>valde</strong></span> <span class='ocrx_word' id='word_1_454' title='bbox 2724 3844 2869 3907; x_wconf 78' lang='lat' dir='ltr'><strong>quae</strong></span> <span class='ocrx_word' id='word_1_455' title='bbox 2899 3824 3087 3888; x_wconf 88' lang='lat' dir='ltr'><strong>tertio</strong></span> <span class='ocrx_word' id='word_1_456' title='bbox 3107 3824 3345 3905; x_wconf 89' lang='lat' dir='ltr'><strong>Regum</strong></span> <span class='ocrx_word' id='word_1_457' title='bbox 3376 3824 3712 3887; x_wconf 86' lang='lat' dir='ltr'><strong>habentur.</strong></span> <span class='ocrx_word' id='word_1_458' title='bbox 3742 3828 4000 3887; x_wconf 79' lang='lat' dir='ltr'><strong>Univer-</strong></span> 
     </span>
     <span class='ocr_line' id='line_1_64' title="bbox 651 3923 4000 4009; baseline 0 -25"><span class='ocrx_word' id='word_1_459' title='bbox 651 3927 884 3984; x_wconf 50' lang='lat' dir='ltr'><strong>meam,</strong></span> <span class='ocrx_word' id='word_1_460' title='bbox 915 3923 1261 4001; x_wconf 86' lang='lat' dir='ltr'><strong>mandavit,</strong></span> <span class='ocrx_word' id='word_1_461' title='bbox 1297 3925 1464 3989; x_wconf 90' lang='lat' dir='ltr'><strong>sicut</strong></span> <span class='ocrx_word' id='word_1_462' title='bbox 1491 3934 1556 3989; x_wconf 91' lang='lat' dir='ltr'><strong>et</strong></span> <span class='ocrx_word' id='word_1_463' title='bbox 1584 3926 1721 4009; x_wconf 88' lang='lat' dir='ltr'><strong>ipse</strong></span> <span class='ocrx_word' id='word_1_464' title='bbox 1752 3926 2058 3989; x_wconf 89' lang='lat' dir='ltr'><strong>minimus</strong></span> <span class='ocrx_word' id='word_1_465' title='bbox 2089 3927 2258 3990; x_wconf 87' lang='lat' dir='ltr'><strong>inter</strong></span> <span class='ocrx_word' id='word_1_466' title='bbox 2286 3926 2405 3991; x_wconf 84' lang='lat' dir='ltr'><strong>fra·</strong></span> <span class='ocrx_word' id='word_1_467' title='bbox 2510 3928 2690 4007; x_wconf 83' lang='lat' dir='ltr'><strong>sique</strong></span> <span class='ocrx_word' id='word_1_468' title='bbox 2728 3926 2917 4002; x_wconf 72' lang='lat' dir='ltr'><strong>reyni</strong></span> <span class='ocrx_word' id='word_1_469' title='bbox 2958 3926 3125 4002; x_wconf 83' lang='lat' dir='ltr'><strong>ejus,</strong></span> <span class='ocrx_word' id='word_1_470' title='bbox 3170 3924 3415 3987; x_wconf 84' lang='lat' dir='ltr'><strong>scilicet</strong></span> <span class='ocrx_word' id='word_1_471' title='bbox 3463 3924 3661 3989; x_wconf 80' lang='lat' dir='ltr'><strong>David</strong></span> <span class='ocrx_word' id='word_1_472' title='bbox 3700 3932 3893 4005; x_wconf 85' lang='lat' dir='ltr'><strong>gesta,</strong></span> <span class='ocrx_word' id='word_1_473' title='bbox 3936 3936 4000 3985; x_wconf 80' lang='lat' dir='ltr'><strong>et</strong></span> 
     </span>
     <span class='ocr_line' id='line_1_65' title="bbox 625 3994 4000 4108; baseline 0.001 -27"><span class='ocrx_word' id='word_1_474' title='bbox 625 3994 691 4034; x_wconf 60' lang='grc' dir='ltr'><strong>ἰ’</strong></span> <span class='ocrx_word' id='word_1_475' title='bbox 913 4028 1042 4083; x_wconf 82' lang='lat' dir='ltr'><strong>tres</strong></span> <span class='ocrx_word' id='word_1_476' title='bbox 1086 4041 1234 4091; x_wconf 82' lang='lat' dir='ltr'><strong>Suos</strong></span> <span class='ocrx_word' id='word_1_477' title='bbox 1279 4022 1404 4087; x_wconf 82' lang='lat' dir='ltr'><strong>fuit</strong></span> <span class='ocrx_word' id='word_1_478' title='bbox 1444 4024 1538 4088; x_wconf 85' lang='lat' dir='ltr'><strong>eis</strong></span> <span class='ocrx_word' id='word_1_479' title='bbox 1584 4026 1962 4108; x_wconf 80' lang='lat' dir='ltr'><strong>praepositus</strong></span> <span class='ocrx_word' id='word_1_480' title='bbox 2009 4027 2088 4089; x_wconf 82' lang='lat' dir='ltr'><strong>ad</strong></span> <span class='ocrx_word' id='word_1_481' title='bbox 2138 4044 2406 4106; x_wconf 82' lang='lat' dir='ltr'><strong>regnan·</strong></span> <span class='ocrx_word' id='word_1_482' title='bbox 2512 4025 2950 4105; x_wconf 71' lang='lat' dir='ltr'><strong>fortitudinis,</strong></span> <span class='ocrx_word' id='word_1_483' title='bbox 2968 4032 3027 4083; x_wconf 73' lang='lat' dir='ltr'><strong>et</strong></span> <span class='ocrx_word' id='word_1_484' title='bbox 3062 4033 3415 4101; x_wconf 84' lang='lat' dir='ltr'><strong>temporum</strong></span> <span class='ocrx_word' id='word_1_485' title='bbox 3433 4044 3577 4103; x_wconf 82' lang='lat' dir='ltr'><strong>quoe</strong></span> <span class='ocrx_word' id='word_1_486' title='bbox 3599 4025 4000 4085; x_wconf 73' lang='lat' dir='ltr'><strong>transierunt</strong></span> 
     </span>
     <span class='ocr_line' id='line_1_66' title="bbox 915 4119 4002 4207; baseline 0 -26"><span class='ocrx_word' id='word_1_487' title='bbox 915 4119 1105 4195; x_wconf 88' lang='lat' dir='ltr'><strong>dum;</strong></span> <span class='ocrx_word' id='word_1_488' title='bbox 1141 4128 1204 4183; x_wconf 87' lang='lat' dir='ltr'><strong>et</strong></span> <span class='ocrx_word' id='word_1_489' title='bbox 1233 4130 1387 4185; x_wconf 89' lang='lat' dir='ltr'><strong>tunc</strong></span> <span class='ocrx_word' id='word_1_490' title='bbox 1425 4122 1550 4184; x_wconf 87' lang='lat' dir='ltr'><strong>filii</strong></span> <span class='ocrx_word' id='word_1_491' title='bbox 1590 4123 2070 4205; x_wconf 80' lang='lat' dir='ltr'><strong>acquieverunt,</strong></span> <span class='ocrx_word' id='word_1_492' title='bbox 2103 4133 2297 4207; x_wconf 79' lang='lat' dir='ltr'><strong>atque</strong></span> <span class='ocrx_word' id='word_1_493' title='bbox 2336 4131 2406 4185; x_wconf 90' lang='lat' dir='ltr'><strong>ut</strong></span> <span class='ocrx_word' id='word_1_494' title='bbox 2512 4125 2630 4183; x_wconf 82' lang='lat' dir='ltr'><strong>sub</strong></span> <span class='ocrx_word' id='word_1_495' title='bbox 2670 4142 2764 4193; x_wconf 87' lang='lat' dir='ltr'><strong>e0,</strong></span> <span class='ocrx_word' id='word_1_496' title='bbox 2792 4124 2930 4181; x_wconf 81' lang='lat' dir='ltr'><strong>sive</strong></span> <span class='ocrx_word' id='word_1_497' title='bbox 2970 4122 3044 4182; x_wconf 84' lang='lat' dir='ltr'><strong>in</strong></span> <span class='ocrx_word' id='word_1_498' title='bbox 3081 4123 3314 4191; x_wconf 84' lang='lat' dir='ltr'><strong>Israel,</strong></span> <span class='ocrx_word' id='word_1_499' title='bbox 3342 4123 3475 4181; x_wconf 74' lang='lat' dir='ltr'><strong>sive</strong></span> <span class='ocrx_word' id='word_1_500' title='bbox 3517 4124 3589 4182; x_wconf 83' lang='lat' dir='ltr'><strong>in</strong></span> <span class='ocrx_word' id='word_1_501' title='bbox 3630 4123 3875 4183; x_wconf 77' lang='lat' dir='ltr'><strong>cunctis</strong></span> <span class='ocrx_word' id='word_1_502' title='bbox 3898 4143 4002 4182; x_wconf 87' lang='lat' dir='ltr'><strong>re-</strong></span> 
     </span>
    </p>

    <p class='ocr_par' dir='ltr' id='par_1_17' title="bbox 917 4215 4005 4400">
     <span class='ocr_line' id='line_1_67' title="bbox 917 4215 3999 4304; baseline 0.001 -25"><span class='ocrx_word' id='word_1_503' title='bbox 917 4215 1142 4295; x_wconf 83' lang='lat' dir='ltr'><strong>fertur,</strong></span> <span class='ocrx_word' id='word_1_504' title='bbox 1187 4220 1619 4302; x_wconf 89' lang='lat' dir='ltr'><strong>promiserunt</strong></span> <span class='ocrx_word' id='word_1_505' title='bbox 1657 4230 1768 4283; x_wconf 88' lang='lat' dir='ltr'><strong>aut</strong></span> <span class='ocrx_word' id='word_1_506' title='bbox 1806 4222 2201 4302; x_wconf 85' lang='lat' dir='ltr'><strong>juraverunt,</strong></span> <span class='ocrx_word' id='word_1_507' title='bbox 2237 4223 2404 4304; x_wconf 92' lang='lat' dir='ltr'><strong>quod</strong></span> <span class='ocrx_word' id='word_1_508' title='bbox 2436 4233 2485 4295; x_wconf 81' lang='grc' dir='ltr'><strong>ι)</strong></span> <span class='ocrx_word' id='word_1_509' title='bbox 2506 4222 2661 4298; x_wconf 66' lang='lat' dir='ltr'><strong>⁴qnis</strong></span> <span class='ocrx_word' id='word_1_510' title='bbox 2692 4230 3015 4280; x_wconf 83' lang='lat' dir='ltr'><strong>terrarum</strong></span> <span class='ocrx_word' id='word_1_511' title='bbox 3048 4240 3071 4278; x_wconf 91' lang='grc'><strong>.·</strong></span> <span class='ocrx_word' id='word_1_512' title='bbox 3101 4218 3167 4281; x_wconf 91' lang='lat' dir='ltr'><strong>id</strong></span> <span class='ocrx_word' id='word_1_513' title='bbox 3199 4226 3315 4296; x_wconf 90' lang='lat' dir='ltr'><strong>est,</strong></span> <span class='ocrx_word' id='word_1_514' title='bbox 3353 4218 3419 4280; x_wconf 91' lang='lat' dir='ltr'><strong>in</strong></span> <span class='ocrx_word' id='word_1_515' title='bbox 3452 4218 3633 4280; x_wconf 88' lang='lat' dir='ltr'><strong>libris</strong></span> <span class='ocrx_word' id='word_1_516' title='bbox 3667 4219 3909 4281; x_wconf 87' lang='lat' dir='ltr'><strong>Nathan</strong></span> <span class='ocrx_word' id='word_1_517' title='bbox 3936 4229 3999 4282; x_wconf 88' lang='lat' dir='ltr'><strong>et</strong></span> 
     </span>
     <span class='ocr_line' id='line_1_68' title="bbox 918 4314 4005 4400; baseline 0.001 -23"><span class='ocrx_word' id='word_1_518' title='bbox 918 4314 1241 4380; x_wconf 87' lang='lat' dir='ltr'><strong>Salomoni</strong></span> <span class='ocrx_word' id='word_1_519' title='bbox 1275 4316 1558 4381; x_wconf 86' lang='lat' dir='ltr'><strong>fideliter</strong></span> <span class='ocrx_word' id='word_1_520' title='bbox 1587 4318 1934 4382; x_wconf 87' lang='lat' dir='ltr'><strong>obedirent.</strong></span> <span class='ocrx_word' id='word_1_521' title='bbox 1950 4323 2408 4398; x_wconf 74' lang='lat' dir='ltr'><strong>Maqnifi&#39;cavit</strong></span> <span class='ocrx_word' id='word_1_522' title='bbox 2512 4318 2641 4381; x_wconf 90' lang='lat' dir='ltr'><strong>Gad</strong></span> <span class='ocrx_word' id='word_1_523' title='bbox 2674 4318 2993 4400; x_wconf 88' lang='lat' dir='ltr'><strong>descripta</strong></span> <span class='ocrx_word' id='word_1_524' title='bbox 3021 4324 3173 4379; x_wconf 89' lang='lat' dir='ltr'><strong>sunt</strong></span> <span class='ocrx_word' id='word_1_525' title='bbox 3201 4316 3580 4399; x_wconf 89' lang='lat' dir='ltr'><strong>principalia</strong></span> <span class='ocrx_word' id='word_1_526' title='bbox 3601 4336 3673 4380; x_wconf 89' lang='lat' dir='ltr'><strong>ac</strong></span> <span class='ocrx_word' id='word_1_527' title='bbox 3694 4317 4005 4380; x_wconf 85' lang='lat' dir='ltr'><strong>notabilia</strong></span> 
     </span>
    </p>
   </div>
   <div class='ocr_carea' id='block_1_14' title="bbox 919 4416 2413 5088">
    <p class='ocr_par' dir='ltr' id='par_1_18' title="bbox 919 4416 2413 5088">
     <span class='ocr_line' id='line_1_69' title="bbox 920 4416 2404 4496; baseline 0.003 -23"><span class='ocrx_word' id='word_1_528' title='bbox 920 4433 1067 4490; x_wconf 70' lang='lat' dir='ltr'><strong>erqo</strong></span> <span class='ocrx_word' id='word_1_529' title='bbox 1111 4416 1430 4477; x_wconf 79' lang='lat' dir='ltr'><strong>Dominus</strong></span> <span class='ocrx_word' id='word_1_530' title='bbox 1471 4420 1880 4479; x_wconf 85' lang='lat' dir='ltr'><strong>Salomonem</strong></span> <span class='ocrx_word' id='word_1_531' title='bbox 1917 4438 2113 4496; x_wconf 83' lang='lat' dir='ltr'><strong>super</strong></span> <span class='ocrx_word' id='word_1_532' title='bbox 2153 4439 2404 4479; x_wconf 86' lang='lat' dir='ltr'><strong>omnem</strong></span> 
     </span>
     <span class='ocr_line' id='line_1_70' title="bbox 919 4515 2404 4596; baseline 0.003 -24"><span class='ocrx_word' id='word_1_533' title='bbox 919 4515 1150 4583; x_wconf 82' lang='lat' dir='ltr'><strong>Israel,</strong></span> <span class='ocrx_word' id='word_1_534' title='bbox 1177 4524 1238 4574; x_wconf 78' lang='lat' dir='ltr'><strong>ec</strong></span> <span class='ocrx_word' id='word_1_535' title='bbox 1266 4516 1444 4575; x_wconf 79' lang='lat' dir='ltr'><strong>dedic</strong></span> <span class='ocrx_word' id='word_1_536' title='bbox 1475 4516 1584 4575; x_wconf 79' lang='lat' dir='ltr'><strong>illi</strong></span> <span class='ocrx_word' id='word_1_537' title='bbox 1605 4516 1888 4592; x_wconf 73' lang='lat' dir='ltr'><strong>qloriam</strong></span> <span class='ocrx_word' id='word_1_538' title='bbox 1917 4517 2124 4593; x_wconf 59' lang='lat' dir='ltr'><strong>raoni,</strong></span> <span class='ocrx_word' id='word_1_539' title='bbox 2147 4520 2404 4596; x_wconf 82' lang='lat' dir='ltr'><strong>qualem</strong></span> 
     </span>
     <span class='ocr_line' id='line_1_71' title="bbox 921 4614 2162 4675; baseline 0.006 -7"><span class='ocrx_word' id='word_1_540' title='bbox 921 4614 1147 4671; x_wconf 79' lang='lat' dir='ltr'><strong>nullus</strong></span> <span class='ocrx_word' id='word_1_541' title='bbox 1175 4614 1404 4674; x_wconf 76' lang='lat' dir='ltr'><strong>habuit</strong></span> <span class='ocrx_word' id='word_1_542' title='bbox 1434 4623 1584 4674; x_wconf 81' lang='lat' dir='ltr'><strong>ante</strong></span> <span class='ocrx_word' id='word_1_543' title='bbox 1611 4634 1759 4675; x_wconf 89' lang='lat' dir='ltr'><strong>eum</strong></span> <span class='ocrx_word' id='word_1_544' title='bbox 1790 4635 1906 4674; x_wconf 79' lang='lat' dir='ltr'><strong>reoe</strong></span> <span class='ocrx_word' id='word_1_545' title='bbox 1937 4618 2162 4675; x_wconf 84' lang='lat' dir='ltr'><strong>Israel.</strong></span> 
     </span>
     <span class='ocr_line' id='line_1_72' title="bbox 1001 4711 2410 4790; baseline -0.001 -19"><span class='ocrx_word' id='word_1_546' title='bbox 1001 4711 1221 4786; x_wconf 62' lang='lat' dir='ltr'><strong>Igitur</strong></span> <span class='ocrx_word' id='word_1_547' title='bbox 1237 4714 1460 4773; x_wconf 85' lang='lat' dir='ltr'><strong>David</strong></span> <span class='ocrx_word' id='word_1_548' title='bbox 1486 4714 1670 4790; x_wconf 75' lang='lat' dir='ltr'><strong>filius</strong></span> <span class='ocrx_word' id='word_1_549' title='bbox 1701 4714 1857 4786; x_wconf 84' lang='lat' dir='ltr'><strong>Isai,</strong></span> <span class='ocrx_word' id='word_1_550' title='bbox 1891 4713 2190 4790; x_wconf 61' lang='lat' dir='ltr'><strong>regnavit</strong></span> <span class='ocrx_word' id='word_1_551' title='bbox 2216 4731 2410 4789; x_wconf 84' lang='lat' dir='ltr'><strong>super</strong></span> 
     </span>
     <span class='ocr_line' id='line_1_73' title="bbox 923 4810 2411 4891; baseline 0.003 -25"><span class='ocrx_word' id='word_1_552' title='bbox 923 4810 1304 4870; x_wconf 83' lang='lat' dir='ltr'><strong>universum</strong></span> <span class='ocrx_word' id='word_1_553' title='bbox 1325 4813 1550 4873; x_wconf 84' lang='lat' dir='ltr'><strong>Israel.</strong></span> <span class='ocrx_word' id='word_1_554' title='bbox 1570 4813 1657 4873; x_wconf 81' lang='lat' dir='ltr'><strong>Et</strong></span> <span class='ocrx_word' id='word_1_555' title='bbox 1683 4814 1822 4872; x_wconf 85' lang='lat' dir='ltr'><strong>dies</strong></span> <span class='ocrx_word' id='word_1_556' title='bbox 1849 4812 2084 4891; x_wconf 82' lang='lat' dir='ltr'><strong>quibus</strong></span> <span class='ocrx_word' id='word_1_557' title='bbox 2110 4810 2411 4887; x_wconf 72' lang='lat' dir='ltr'><strong>reynavit</strong></span> 
     </span>
     <span class='ocr_line' id='line_1_74' title="bbox 925 4910 2405 4991; baseline 0.003 -26"><span class='ocrx_word' id='word_1_558' title='bbox 925 4926 1118 4984; x_wconf 82' lang='lat' dir='ltr'><strong>super</strong></span> <span class='ocrx_word' id='word_1_559' title='bbox 1155 4911 1388 4981; x_wconf 83' lang='lat' dir='ltr'><strong>Israel,</strong></span> <span class='ocrx_word' id='word_1_560' title='bbox 1416 4911 1691 4987; x_wconf 72' lang='lat' dir='ltr'><strong>fuerunt</strong></span> <span class='ocrx_word' id='word_1_561' title='bbox 1731 4910 2178 4991; x_wconf 72' lang='lat' dir='ltr'><strong>quadrayinta</strong></span> <span class='ocrx_word' id='word_1_562' title='bbox 2220 4910 2405 4969; x_wconf 83' lang='lat' dir='ltr'><strong>anni.</strong></span> 
     </span>
     <span class='ocr_line' id='line_1_75' title="bbox 924 5007 2413 5088; baseline 0.001 -23"><span class='ocrx_word' id='word_1_563' title='bbox 924 5007 1006 5065; x_wconf 88' lang='lat' dir='ltr'><strong>In</strong></span> <span class='ocrx_word' id='word_1_564' title='bbox 1051 5008 1308 5071; x_wconf 84' lang='lat' dir='ltr'><strong>Hebron</strong></span> <span class='ocrx_word' id='word_1_565' title='bbox 1354 5011 1652 5088; x_wconf 72' lang='lat' dir='ltr'><strong>reynavit</strong></span> <span class='ocrx_word' id='word_1_566' title='bbox 1697 5018 1931 5086; x_wconf 78' lang='lat' dir='ltr'><strong>septem</strong></span> <span class='ocrx_word' id='word_1_567' title='bbox 1977 5008 2195 5075; x_wconf 86' lang='lat' dir='ltr'><strong>annis,</strong></span> <span class='ocrx_word' id='word_1_568' title='bbox 2236 5015 2296 5067; x_wconf 71' lang='lat' dir='ltr'><strong>et</strong></span> <span class='ocrx_word' id='word_1_569' title='bbox 2339 5007 2413 5067; x_wconf 86' lang='lat' dir='ltr'><strong>in</strong></span> 
     </span>
    </p>
   </div>
   <div class='ocr_carea' id='block_1_15' title="bbox 2515 4415 4010 5086">
    <p class='ocr_par' dir='ltr' id='par_1_19' title="bbox 2515 4415 4010 5086">
     <span class='ocr_line' id='line_1_76' title="bbox 2515 4415 4005 4499; baseline -0.001 -19"><span class='ocrx_word' id='word_1_570' title='bbox 2515 4434 2707 4499; x_wconf 89' lang='lat' dir='ltr'><strong>opera</strong></span> <span class='ocrx_word' id='word_1_571' title='bbox 2737 4434 2881 4498; x_wconf 84' lang='lat' dir='ltr'><strong>quae</strong></span> <span class='ocrx_word' id='word_1_572' title='bbox 2912 4415 3107 4479; x_wconf 88' lang='lat' dir='ltr'><strong>David</strong></span> <span class='ocrx_word' id='word_1_573' title='bbox 3144 4415 3295 4497; x_wconf 90' lang='lat' dir='ltr'><strong>egit,</strong></span> <span class='ocrx_word' id='word_1_574' title='bbox 3331 4424 3458 4478; x_wconf 86' lang='lat' dir='ltr'><strong>tam</strong></span> <span class='ocrx_word' id='word_1_575' title='bbox 3502 4415 3564 4477; x_wconf 91' lang='lat' dir='ltr'><strong>in</strong></span> <span class='ocrx_word' id='word_1_576' title='bbox 3606 4415 3864 4498; x_wconf 91' lang='lat' dir='ltr'><strong>proprio</strong></span> <span class='ocrx_word' id='word_1_577' title='bbox 3905 4436 4005 4478; x_wconf 90' lang='lat' dir='ltr'><strong>re-</strong></span> 
     </span>
     <span class='ocr_line' id='line_1_77' title="bbox 2515 4513 4003 4598; baseline 0 -21"><span class='ocrx_word' id='word_1_578' title='bbox 2515 4534 2641 4598; x_wconf 90' lang='lat' dir='ltr'><strong>gno</strong></span> <span class='ocrx_word' id='word_1_579' title='bbox 2662 4534 2855 4597; x_wconf 90' lang='lat' dir='ltr'><strong>quam</strong></span> <span class='ocrx_word' id='word_1_580' title='bbox 2888 4514 2953 4577; x_wconf 97' lang='lat' dir='ltr'><strong>in</strong></span> <span class='ocrx_word' id='word_1_581' title='bbox 2984 4513 3587 4595; x_wconf 89' lang='lat' dir='ltr'><strong>circumjacentibus</strong></span> <span class='ocrx_word' id='word_1_582' title='bbox 3619 4514 3843 4595; x_wconf 86' lang='lat' dir='ltr'><strong>regnis,</strong></span> <span class='ocrx_word' id='word_1_583' title='bbox 3857 4534 4003 4597; x_wconf 82' lang='lat' dir='ltr'><strong>quae</strong></span> 
     </span>
     <span class='ocr_line' id='line_1_78' title="bbox 2516 4612 4005 4695; baseline 0 -19"><span class='ocrx_word' id='word_1_584' title='bbox 2516 4614 2638 4676; x_wconf 90' lang='lat' dir='ltr'><strong>sibi</strong></span> <span class='ocrx_word' id='word_1_585' title='bbox 2671 4614 2945 4695; x_wconf 86' lang='lat' dir='ltr'><strong>subjecit</strong></span> <span class='ocrx_word' id='word_1_586' title='bbox 2972 4628 2985 4675; x_wconf 91' lang='lat'>:</span> <span class='ocrx_word' id='word_1_587' title='bbox 3014 4612 3229 4675; x_wconf 79' lang='lat' dir='ltr'><strong>forsan</strong></span> <span class='ocrx_word' id='word_1_588' title='bbox 3254 4612 3441 4675; x_wconf 85' lang='lat' dir='ltr'><strong>etiam</strong></span> <span class='ocrx_word' id='word_1_589' title='bbox 3466 4612 3714 4695; x_wconf 71' lang='lat' dir='ltr'><strong>praefati</strong></span> <span class='ocrx_word' id='word_1_590' title='bbox 3736 4614 4005 4695; x_wconf 92' lang='lat' dir='ltr'><strong>Prophe-</strong></span> 
     </span>
     <span class='ocr_line' id='line_1_79' title="bbox 2518 4710 4007 4794; baseline 0.001 -20"><span class='ocrx_word' id='word_1_591' title='bbox 2518 4720 2595 4775; x_wconf 79' lang='lat' dir='ltr'><strong>tae</strong></span> <span class='ocrx_word' id='word_1_592' title='bbox 2615 4720 2792 4794; x_wconf 88' lang='lat' dir='ltr'><strong>gesta</strong></span> <span class='ocrx_word' id='word_1_593' title='bbox 2810 4711 3078 4775; x_wconf 89' lang='lat' dir='ltr'><strong>aliorum</strong></span> <span class='ocrx_word' id='word_1_594' title='bbox 3112 4728 3449 4791; x_wconf 88' lang='lat' dir='ltr'><strong>regnorum</strong></span> <span class='ocrx_word' id='word_1_595' title='bbox 3482 4710 3698 4793; x_wconf 92' lang='lat' dir='ltr'><strong>aliqua</strong></span> <span class='ocrx_word' id='word_1_596' title='bbox 3728 4710 4007 4775; x_wconf 88' lang='lat' dir='ltr'><strong>inserue-</strong></span> 
     </span>
     <span class='ocr_line' id='line_1_80' title="bbox 2517 4809 4007 4892; baseline -0.001 -20"><span class='ocrx_word' id='word_1_597' title='bbox 2517 4810 2885 4873; x_wconf 90' lang='lat' dir='ltr'><strong>runt.Unde</strong></span> <span class='ocrx_word' id='word_1_598' title='bbox 2916 4809 3088 4891; x_wconf 90' lang='lat' dir='ltr'><strong>quod</strong></span> <span class='ocrx_word' id='word_1_599' title='bbox 3116 4809 3226 4886; x_wconf 91' lang='lat' dir='ltr'><strong>ait,</strong></span> <span class='ocrx_word' id='word_1_600' title='bbox 3248 4810 3316 4872; x_wconf 90' lang='lat' dir='ltr'><strong>In</strong></span> <span class='ocrx_word' id='word_1_601' title='bbox 3343 4809 3591 4873; x_wconf 89' lang='lat' dir='ltr'><strong>cunctis</strong></span> <span class='ocrx_word' id='word_1_602' title='bbox 3622 4809 3857 4890; x_wconf 76' lang='lat' dir='ltr'><strong>regniS,</strong></span> <span class='ocrx_word' id='word_1_603' title='bbox 3892 4828 4007 4892; x_wconf 91' lang='lat' dir='ltr'><strong>per</strong></span> 
     </span>
     <span class='ocr_line' id='line_1_81' title="bbox 2520 4903 4010 4989; baseline -0.001 -20"><span class='ocrx_word' id='word_1_604' title='bbox 2520 4906 2959 4989; x_wconf 81' lang='lat' dir='ltr'><strong>synecdochen</strong></span> <span class='ocrx_word' id='word_1_605' title='bbox 2994 4914 3055 4968; x_wconf 88' lang='lat' dir='ltr'><strong>et</strong></span> <span class='ocrx_word' id='word_1_606' title='bbox 3085 4924 3199 4987; x_wconf 91' lang='lat' dir='ltr'><strong>per</strong></span> <span class='ocrx_word' id='word_1_607' title='bbox 3229 4903 3621 4987; x_wconf 82' lang='lat' dir='ltr'><strong>hyperbolen</strong></span> <span class='ocrx_word' id='word_1_608' title='bbox 3652 4914 3751 4968; x_wconf 91' lang='lat' dir='ltr'><strong>est</strong></span> <span class='ocrx_word' id='word_1_609' title='bbox 3774 4904 4010 4968; x_wconf 88' lang='lat' dir='ltr'><strong>intelli-</strong></span> 
     </span>
     <span class='ocr_line' id='line_1_82' title="bbox 2520 5005 2821 5086; baseline -0.01 -17"><span class='ocrx_word' id='word_1_610' title='bbox 2520 5005 2821 5086; x_wconf 89' lang='lat' dir='ltr'><strong>gendum.</strong></span> 
     </span>
    </p>
   </div>
   <div class='ocr_carea' id='block_1_16' title="bbox 1435 5276 3503 5335">
    <p class='ocr_par' dir='ltr' id='par_1_20' title="bbox 1435 5276 3503 5335">
     <span class='ocr_line' id='line_1_83' title="bbox 1435 5276 3503 5335; baseline -0.004 -1"><span class='ocrx_word' id='word_1_611' title='bbox 1435 5284 1620 5335; x_wconf 78' lang='lat' dir='ltr'><strong>les</strong></span> <span class='ocrx_word' id='word_1_612' title='bbox 1673 5281 2345 5333; x_wconf 70' lang='lat' dir='ltr'><strong>couussuTAmoRuu</strong></span> <span class='ocrx_word' id='word_1_613' title='bbox 2398 5279 2589 5330; x_wconf 84' lang='lat' dir='ltr'><strong>LIBRI</strong></span> <span class='ocrx_word' id='word_1_614' title='bbox 2644 5278 2847 5329; x_wconf 71' lang='lat' dir='ltr'><strong>Pium</strong></span> <span class='ocrx_word' id='word_1_615' title='bbox 2904 5276 3503 5328; x_wconf 70' lang='lat' dir='ltr'><strong>PARAUPOMENON</strong></span> 
     </span>
    </p>
   </div>
  </div>
 </body>
</html>
