4309 6259
909 475 1026 544 354
1784 490 2133 542 amanum
2176 490 2238 539 m
2280 486 2417 539 cxi».
2463 486 2531 537 ιιι
2570 487 2695 537 son.
2742 510 2821 521 --
2862 492 3005 539 xm.
3052 492 3117 539 xi

907 685 1122 729 amore
1152 665 1468 742 feruntur,
1493 684 1570 728 eo
1600 666 1736 728 dies
1758 664 2127 746 hujusmodi
2151 662 2396 725 beatior
2426 662 2475 724 A
2505 682 2695 743 quam
2726 662 2879 725 mali
2912 661 3275 744 culpabilis»,
3314 659 3678 743 frequenter
3712 660 3879 722 bene
3915 676 3981 719 00

908 763 1298 847 perhibetur.

988 863 1217 924 lterum
1258 880 1334 923 ex
1371 861 1585 925 verbis
1625 861 1724 922 his
1758 859 2066 942 sequitur,
2102 859 2275 941 quod
2305 858 2400 919 Al-

909 961 1123 1023 bertus
1157 960 1279 1022 ista
1321 960 1582 1042 exponit
1625 960 1704 1023 de
1753 960 1856 1023 die
1905 958 2202 1022 exteriori
2252 975 2400 1019 vere

912 1058 1266 1141 temporali,
1290 1067 1616 1135 consueto,
1651 1057 1964 1120 sensibili.
1990 1056 2158 1118 Talis
2190 1064 2399 1118 autem

908 1158 1044 1220 dies
1094 1157 1334 1219 dudum
1387 1157 1712 1238 praeteriit‚
1747 1156 2004 1238 quando
2039 1154 2157 1217 101)
2207 1153 2401 1218 verba

909 1255 1042 1319 haec
1073 1255 1339 1337 protulit
1360 1273 1373 1316 z
1394 1242 1614 1336 sicque
1636 1253 2034 1337 impossibile
2067 1252 2211 1328 fuit,
2229 1252 2399 1314 diem

909 1353 1086 1415 illam
1120 1354 1343 1435 repeti,
1378 1372 1538 1428 esse,
1570 1354 1798 1435 perire,
1834 1351 2182 1428 obscurari,
2208 1359 2269 1413 et
2298 1368 2399 1412 ce—

909 1460 1044 1514 tera
1075 1451 1206 1533 pati
1251 1470 1362 1513 500
1396 1451 1740 1532 suscipere,
1775 1469 1918 1532 quae
1948 1450 2006 1512 ei
2049 1450 2114 1511 in
2147 1448 2269 1510 isto
2298 1466 2399 1510 ca-

908 1548 1114 1630 pitulo
1171 1548 1580 1630 imprecatur.
1631 1548 1808 1610 Unde
1855 1547 2192 1627 Gregorius
2244 1545 2396 1607 satis

909 1646 1156 1729 probat,
1190 1646 1362 1728 quod
1400 1647 1480 1709 de
1521 1646 1630 1708 illo
1674 1647 1778 1709 die
1819 1645 1940 1707 ista
1986 1645 2216 1727 exponi
2266 1663 2393 1706 000

907 1753 1164 1827 queant,
1221 1745 1571 1808 secundum
1621 1745 1792 1826 quod
1843 1744 2036 1808 verba
2075 1746 2290 1826 jacent
2332 1750 2395 1805 et

2506 759 2966 823 delectabiliter
2996 758 3206 823 afficit
3234 759 3534 835 animam,
3560 764 3630 820 ut
3656 776 3855 839 quum
3886 755 3984 817 ali-

2505 860 2650 940 quis
2680 860 2913 939 gaudet
2934 880 3001 922 se
3032 867 3290 942 propter
3312 859 3506 921 Deum
3530 856 3871 939 pertulisse
3890 856 3981 917 ad-

2508 978 2704 1033 versa,
2720 958 2821 1021 vel
2842 960 2921 1021 de
2942 958 3227 1040 pristinae
3247 955 3643 1018 infirmitatis
3662 953 3981 1017 curatione

2509 1056 2776 1133 laetatur,
2815 1056 2912 1119 vel
2955 1056 3273 1139 poenitens
3313 1056 3391 1117 de
3422 1054 3553 1115 suis
3596 1054 3871 1135 peccatis
3900 1073 3983 1113 50-

2511 1154 2779 1217 lubriter
2817 1174 2929 1237 per
2977 1154 3415 1237 poenitentiam
3468 1153 3855 1227 recordatur,
3890 1150 3981 1213 vel

2509 1255 2680 1334 quod
2712 1255 2875 1317 Deus
2920 1254 3043 1316 sibi
3086 1253 3391 1336 pepercit,
3424 1261 3613 1334 atque
3662 1252 3740 1313 ad
3780 1269 3987 1313 emen-

2509 1352 2829 1415 dationem
2874 1352 3184 1434 pervenit.
3219 1352 3379 1414 Hinc
3424 1369 3652 1432 nempe
3694 1348 3783 1411 ait
3828 1348 3987 1411 Psal-

2510 1452 2698 1513 mista
2740 1469 2753 1512 :
2788 1452 3004 1514 Laetati
3052 1471 3271 1513 sumus
3316 1469 3431 1532 pro
3480 1448 3703 1512 diebus
3752 1448 3985 1529 quibus
4022 1466 4239 1513 amm.

2510 1569 2624 1612 nos
2656 1549 3006 1612 humiliasti
3032 1574 3045 1622 3
3080 1549 3266 1612 annis
3296 1549 3531 1629 quibus
3562 1547 3838 1611 vidimus
3866 1565 3989 1608 ma·
4016 1532 4069 1571 ¹⁵·

2508 1647 2590 1710 la.
2626 1648 2878 1723 lterum,
2904 1649 3159 1729 quando
3193 1648 3302 1724 ait,
3328 1646 3556 1709 Utilius
3588 1654 3683 1708 est
3714 1644 3865 1707 talia
3895 1645 3991 1705 in-

2509 1746 2737 1823 fausta,
2773 1746 2836 1807 id
2866 1755 2964 1809 est
2992 1746 3407 1822 infortunata,
3435 1744 3719 1807 infelicia
3749 1762 3859 1805 seu
3887 1744 3992 1805 ad-

909 1851 1157 1906 sonant.
1181 1844 1358 1905 Unde
1378 1852 1440 1906 01
1462 1844 1754 1919 Τ1101005,
1779 1843 1892 1925 qui
1919 1844 1998 1905 de
2026 1841 2394 1923 hujusmodi
2431 1842 2476 1903 B
2507 1864 2691 1909 versa
2726 1845 3124 1921 occumbere,
3161 1863 3351 1926 quam
3398 1842 3724 1917 illustrari,
3768 1850 3833 1904 et
3862 1860 3989 1904 000

907 1942 1012 2005 die
1052 1942 1173 2004 ista
1220 1941 1501 2024 exponit,
1547 1942 1730 2004 aliter
1779 1951 1980 2003 mutat
2029 1961 2100 2003 ac
2145 1940 2397 2003 ordinat

907 2040 1122 2117 verba,
1147 2048 1222 2127 ‚ct
1251 2040 1468 2121 aliqua
1501 2040 1851 2123 interponit
1873 2059 1944 2103 00
1975 2040 2190 2101 addit:
2223 2040 2395 2121 quod

909 2156 1038 2201 non
1079 2138 1232 2201 facit
1274 2137 1592 2200 AlbertuS.
1626 2139 1715 2200 Ex
1752 2139 1986 2220 quibus
2036 2138 2099 2199 id
2141 2155 2396 2219 quoque

908 2237 1184 2314 elicitur,
1234 2237 1407 2318 quod
1463 2238 1773 2319 expositio
1822 2238 2081 2299 inducta
2126 2235 2390 2313 Alberti,

908 2354 1035 2397 000
1068 2335 1272 2397 solum
1318 2333 1583 2397 differat
1619 2334 1699 2397 ab
1742 2335 2138 2417 expositione
2168 2333 2397 2413 Grego-

909 2433 1009 2510 rii,
1037 2433 1103 2495 in
1133 2433 1253 2495 hoc
1282 2434 1453 2514 quod
1474 2432 1811 2513 Gregorius
1841 2451 2210 2514 processum
2240 2432 2397 2494 dicit

910 2531 974 2593 in
1016 2531 1315 2613 peccatiS,
1350 2531 1670 2607 AlbertuS‚
1708 2532 1771 2593 in
1818 2530 2026 2613 poenis
2073 2550 2186 2593 seu
2226 2530 2399 2593 affli-

907 2629 1228 2692 ctionibus
1274 2628 1519 2691 Satanae
1563 2629 1888 2710 (quamvis
1925 2628 2220 2691 Albertus
2269 2648 2397 2710 quo

909 2728 1124 2791 neseio
1153 2746 1344 2789 sensu
1375 2727 1497 2789 hoc
1516 2727 1713 2807 dicat)
1739 2744 1752 2787 :
1780 2727 1909 2789 imo
1943 2727 2006 2789 in
2039 2726 2183 2789 aliis
2214 2727 2397 2789 valde

909 2825 1128 2887 multis
1167 2825 1249 2887 ab
1289 2824 1562 2889 invicem
1609 2824 1945 2901 differunt,
1991 2826 2399 2907 quemadmo-

906 2925 1058 2985 dum
1093 2923 1368 2985 intuenti
1399 2924 1734 2988 amborum
1774 2924 2177 3005 praescriptas
2209 2943 2399 3005 expo-

2507 1960 2811 2023 apparere
2868 1961 3058 2023 quam
3119 1939 3535 2003 manifestari.
3586 1940 3839 2002 Certum
3898 1946 3993 2000 est

2508 2047 2741 2117 autem,
2797 2041 2968 2121 quod
3011 2038 3379 2121 frequenter
3420 2038 3643 2100 utilius
3690 2046 3806 2113 est,
3842 2038 3991 2099 talia

2508 2136 2903 2201 manifestari
2936 2138 3013 2201 ad
3052 2138 3161 2201 Dei
3202 2138 3507 2201 honorem
3550 2146 3612 2199 et
3652 2136 3808 2199 fidei
3849 2154 3992 2199 000-

2509 2235 2965 2313 sirmationem,
2990 2236 3451 2317 hominumque
3478 2233 3988 2306 aedificationem,

2510 2344 2579 2396 ut
2616 2343 2787 2416 patet
2830 2335 2909 2397 de
2948 2334 3319 2397 Sanctorum
3360 2333 3679 2415 martyriis
3715 2350 3730 2393 :
3765 2332 3891 2395 imo
3928 2340 3991 2395 et

2509 2432 2717 2514 ipsum
2765 2432 2880 2495 101)
2930 2433 3132 2495 voluit
3180 2451 3291 2495 seu
3352 2431 3642 2513 permisit
3690 2432 3853 2493 Deus
3900 2430 3991 2491 sic

2510 2528 2847 2609 flagellari,
2880 2540 2952 2591 ut
2981 2549 3095 2612 per
3123 2530 3242 2593 hoc
3273 2529 3413 2610 ejus
3444 2527 3750 2610 perfectio
3780 2547 3853 2590 ae
3888 2546 3992 2609 pa-

2507 2628 2727 2691 tientia
2789 2628 2972 2691 nobis
3030 2630 3106 2690 ad
3170 2637 3449 2691 nostram
3511 2626 3990 2689 instructionem

2507 2736 2771 2809 pateret,
2798 2736 2867 2789 ut
2897 2746 2972 2789 ex
3004 2726 3215 2791 verbis
3245 2726 3529 2806 Gregorii
3563 2726 3785 2807 patuit.
3811 2725 3986 2801 ltem,

2506 2844 2705 2905 quum
2736 2826 2825 2887 ait
2868 2834 2929 2887 et
2967 2824 3183 2886 subdit
3210 2824 3327 2887 101)
3358 2843 3612 2885 causam
3643 2830 3831 2885 tantae
3860 2842 3992 2884 ma-

2508 2923 2870 2986 ledictionis
2909 2942 2923 2985 :
2967 2927 3133 2992 Quia
3178 2944 3305 2984 non
3334 2925 3649 2983 conclusit
3682 2922 3818 2984 dies
3856 2921 3991 2984 haec

908 3020 1172 3083 sitiones
1203 3020 1491 3103 patescit.
1518 3021 1646 3084 lmo
1679 3030 1742 3084 et
1771 3021 2082 3103 expositio
2111 3021 2395 3100 Gregorii
2428 3024 2471 3086 C
2505 3024 2669 3082 ostia
2710 3024 2951 3083 ventris
2992 3024 3108 3101 qui
3143 3024 3436 3100 portavit
3478 3042 3601 3089 me,
3632 3028 3701 3081 ut
3748 3019 3993 3082 scilieet

910 3120 976 3181 in
1010 3121 1128 3181 1100
1159 3126 1396 3201 puncto
1419 3118 1860 3182 rationabilior
1881 3120 1999 3183 rite
2022 3120 2391 3195 ostenditur,

906 3216 1211 3299 quoniam
1244 3226 1494 3299 tempus
1514 3226 1576 3279 et
1597 3218 1728 3281 vita
1757 3236 2034 3299 praesens
2063 3217 2266 3297 magis
2288 3237 2400 3299 op-

910 3316 1102 3377 tanda
1131 3324 1344 3378 essent
1374 3334 1499 3379 non
1523 3335 1660 3378 esse
1692 3335 1808 3379 nee
1840 3315 2037 3379 fuisse
2069 3335 2140 3378 00
2162 3317 2391 3397 perire,

909 3422 1168 3496 propter
1211 3414 1378 3475 mala
1417 3414 1643 3495 eulpae,
1688 3433 1880 3494 quam
1923 3422 2183 3495 propter
2233 3414 2396 3475 mala

909 3530 1133 3593 poenae.
1154 3513 1230 3573 Et
1253 3520 1460 3574 tamen
1476 3511 1811 3591 Gregorius
1834 3530 1960 3574 non
1983 3512 2244 3593 exponit
2264 3513 2395 3575 haee

909 3612 987 3672 de
1017 3610 1336 3687 exteriori,
1373 3610 1685 3685 sensibili,
1723 3609 2054 3691 temporali
2095 3629 2167 3672 00
2208 3610 2395 3673 501110

907 3709 1033 3785 (110,
1059 3727 1174 3771 000
1204 3709 1282 3771 (10
1313 3726 1584 3790 persona
1611 3707 1778 3770 beati
1796 3707 1932 3769 101).
1956 3707 2073 3770 Sed
2107 3726 2224 3771 nee
2255 3726 2398 3790 pro-

908 3816 1049 3889 pter
1069 3806 1237 3869 mala
1257 3806 1462 3888 culpae
1482 3826 1624 3887 quaa
1658 3805 1947 3883 fecimuS,
1973 3806 2277 3869 debemus
2300 3827 2399 3889 pe—

907 3905 1078 3967 nitus
1109 3905 1274 3969 velle
1303 3923 1629 3986 nunquam
1667 3902 1863 3966 fuisse
1895 3912 2162 3967 autesse
2198 3922 2211 3966 :
2246 3906 2398 3986 quia

905 4004 984 4065 ad
1029 4003 1282 4067 veniam
1315 4003 1464 4066 licet
1492 4002 1732 4079 venire,
1757 4010 1820 4065 et
1851 4002 1915 4063 in
1938 4002 2271 4084 culparum
2305 4023 2399 4067 re-

907 4101 1212 4164 missione
1249 4102 1468 4163 divina
1522 4100 1960 4163 misericordia
2005 4102 2391 4181 declaratur,

2506 3119 2741 3181 clausis
2788 3119 2991 3195 ostiis,
3037 3120 3204 3180 intra
3242 3128 3529 3181 ventrem
3571 3126 3855 3180 mortuus
3902 3137 3993 3179 05-

2508 3237 2663 3293 sem,
2718 3237 2797 3280 ne
2837 3218 2917 3279 ad
2964 3219 3126 3280 hanc
3172 3216 3514 3279 infaustam
3558 3217 3761 3279 lucem
3806 3234 3993 3298 pepe-

2508 3316 2691 3379 risset
2732 3335 2832 3379 me
2869 3324 3070 3379 mater
3114 3336 3275 3379 mea.
3319 3316 3409 3377 Ex
3442 3316 3565 3378 isto
3610 3315 3789 3396 sequi
3823 3314 3995 3379 vide·

2509 3422 2630 3492 tur,
2666 3415 2836 3496 quod
2883 3424 3141 3497 propter
3180 3413 3456 3496 poenalia
3505 3432 3618 3475 sua
3666 3413 3833 3475 mala
3875 3413 3995 3475 Joh

2506 3513 2749 3593 optavit
2798 3532 2865 3575 se
2914 3520 3129 3576 natum
3179 3531 3305 3575 non
3348 3511 3569 3587 fuisse,
3604 3519 3712 3575 aut
3752 3512 3818 3573 in
3862 3530 3995 3575 ma—

2507 3611 2621 3672 tris
2656 3620 2875 3675 ventre
2908 3611 3119 3674 obisse
3154 3629 3169 3672 :
3201 3611 3395 3692 quod,
3434 3610 3598 3673 sicut
3634 3629 3709 3673 ex
3749 3611 3993 3692 praeha-

2506 3709 2657 3771 bitis
2689 3709 2905 3787 claret,
2932 3708 3367 3772 irrationabile
3397 3708 3765 3786 exstitisset,
3802 3718 3995 3791 prout

2507 3808 2695 3870 etiam
2744 3807 2943 3889 tangit
2973 3807 3331 3887 Gregorius.
3369 3807 3573 3870 Simili
3616 3816 3995 3887 argumento

2506 3906 2909 3987 sequentium
2959 3906 3299 3970 verborum
3342 3905 3481 3981 Job,
3521 3904 3833 3987 expositio
3878 3905 3995 3968 110-

2499 4004 2605 4085 jus
2636 4003 2912 4067 doctoris
2943 4004 3444 4086 impugnaretur.

2586 4102 2871 4183 Denique
2920 4102 3156 4177 subdit,
3202 4105 3397 4162 Nune
3442 4104 3617 4163 enim
3666 4105 3991 4162 dormiens

906 4200 1198 4280 Deusque
1229 4199 1528 4280 praeclare
1561 4198 1871 4260 laudatur.
1907 4198 2026 4261 Sed
2057 4208 2120 4261 et
2157 4200 2396 4262 malum
2431 4206 2481 4267 D
2507 4203 2759 4261 silerem
2789 4222 2936 4261 cum
2962 4203 3218 4277 regibus
3252 4209 3461 4270 terroe,
3490 4199 3601 4280 qui
3642 4201 3989 4263 secundum

905 4297 1109 4379 culpae
1141 4316 1267 4360 non
1291 4297 1566 4359 totaliter
1589 4296 1846 4378 perimit
1863 4296 2101 4360 bonum
2136 4307 2389 4361 naturae.

981 4395 1166 4457 Juxta
1198 4395 1366 4457 hunc
1396 4396 1656 4457 modum
1699 4405 1960 4477 possent
1989 4405 2052 4458 et
2083 4397 2285 4461 multa
2318 4398 2397 4459 si-

905 4491 1082 4555 milia
1111 4492 1306 4574 objici
1331 4493 1542 4555 verbis
1565 4494 1828 4569 Alberti,
1856 4494 2021 4556 sicut
2041 4514 2240 4576 quum
2260 4496 2350 4558 ait
2374 4514 2388 4557 :

901 4592 1048 4653 Dies
1078 4591 1342 4669 Satanae,
1380 4592 1446 4653 in
1486 4610 1614 4673 quo
1659 4592 1902 4655 scilicet
1933 4594 2119 4655 Satan
2151 4593 2393 4657 afflixit

898 4690 1036 4765 Job,
1072 4709 1198 4753 non
1238 4691 1600 4772 requiratur
1639 4691 1715 4753 ad
1763 4710 2098 4754 numerum
2143 4693 2389 4755 dierum

899 4787 1068 4851 beati
1097 4788 1210 4852 Job
1247 4807 1260 4851 :
1298 4789 1386 4851 ita
1414 4790 1582 4871 quod
1615 4788 1731 4851 101)
1763 4798 1899 4851 orat
1931 4808 2045 4870 pro
2075 4790 2217 4853 hoc.
2252 4791 2393 4855 Cer—

899 4895 1034 4949 tum
1084 4896 1179 4950 est
1227 4896 1461 4963 autem,
1504 4888 1676 4968 quod
1726 4888 1861 4949 dies
1914 4888 2025 4950 illa
2073 4891 2392 4970 praeterita

897 5004 1027 5049 000
1057 4986 1264 5067 potuit
1296 5004 1424 5049 000
1456 4985 1776 5067 pertinere
1807 4987 1886 5048 ad
1916 4986 2052 5048 dies
2086 4987 2229 5049 vitae
2247 4989 2384 5051 101).

898 5085 1158 5161 RursuS,
1192 5102 1389 5165 quum
1426 5084 1514 5146 ait
1551 5102 1564 5145 ε
1601 5083 1974 5146 Recordatio
2011 5084 2187 5161 mali,
2224 5088 2389 5151 male

897 5192 960 5245 et
989 5183 1068 5245 ad
1099 5181 1424 5244 tristitiam
1452 5181 1662 5243 afficit
1683 5182 1986 5245 animam.
2010 5185 2263 5246 Certum
2294 5192 2387 5245 est

897 5288 1131 5357 autem,
1165 5281 1337 5362 quod
1366 5280 1716 5343 recordatio
1743 5288 1871 5342 tam
1903 5281 2056 5343 mali
2087 5282 2380 5363 poenaliS,

2509 4298 2969 4381 perfectionem
3010 4298 3275 4380 justitiae
3324 4296 3614 4361 homines
3666 4299 3986 4379 regebant.

2507 4398 2649 4473 Sed,
2694 4406 2763 4460 ut
2810 4398 3015 4479 tangit
3050 4396 3409 4476 GregoriuS,
3454 4396 3509 4458 si
3558 4397 3727 4459 intra
3770 4398 3989 4459 matris

2503 4497 2715 4559 alvum
2737 4497 2998 4573 obisset,
3020 4496 3266 4558 nullum
3289 4495 3619 4558 habuisset
3639 4496 3989 4559 remedium

2502 4604 2725 4658 eontra
2766 4594 3076 4675 originale
3122 4602 3450 4676 peccatum
3490 4612 3504 4655 :
3539 4594 3777 4658 idcirco
3808 4594 3875 4657 in
3906 4595 3989 4657 si-

2503 4694 2699 4757 lentio
2738 4701 2800 4756 et
2828 4694 3043 4776 quiete
3069 4694 3383 4773 justorum
3414 4711 3543 4755 000
3588 4691 3813 4756 fuisset
3842 4712 3985 4756 cum

2500 4792 2869 4871 hujusmodi
2903 4791 3159 4873 regibus
3187 4791 3399 4872 justiS,
3433 4792 3545 4873 qui
3576 4800 3723 4854 ante
3754 4791 3985 4855 Christi

2499 4890 2858 4972 passionem
2890 4890 2956 4951 in
2995 4889 3139 4951 sinu
3170 4888 3437 4951 Abrahae
3476 4889 3880 4970 quieverunt,
3917 4890 3986 4952 in

2498 4988 2867 5051 ascensione
2898 5006 3046 5051 vero
3078 4988 3154 5049 ad
3186 4986 3379 5049 coelos
3420 4987 3674 5049 deducti
3710 5006 3994 5050 noscun-

2496 5095 2620 5148 tur.
2673 5086 2893 5149 Postea
2938 5086 3115 5148 addit
3162 5085 3457 5147 Albertus
3505 5086 3619 5147 :ln
3666 5086 3787 5149 hoc
3835 5104 3989 5167 ergo

2496 5204 2665 5247 mors
2696 5185 2873 5246 utilis
2904 5193 3020 5260 est,
3054 5185 3223 5265 quod
3254 5183 3484 5246 liberat
3504 5204 3542 5247 a
3571 5204 3762 5247 sensu
3790 5185 3991 5248 malo-

2494 5304 2633 5346 rum
2672 5302 2685 5345 :
2722 5293 2785 5345 et
2826 5285 2891 5345 in
2942 5284 3060 5345 1100
3110 5282 3353 5345 affectu
3405 5283 3565 5345 dixit
3602 5284 3817 5361 David,
3852 5284 3989 5347 Heu
4023 5303 4241 5353 Fama.
