<?xml version="1.0" encoding="UTF-8"?>
<!DOCTYPE html PUBLIC "-//W3C//DTD XHTML 1.0 Transitional//EN"
    "http://www.w3.org/TR/xhtml1/DTD/xhtml1-transitional.dtd">
<html xmlns="http://www.w3.org/1999/xhtml" xml:lang="en" lang="en">
 <head>
  <title>
</title>
<meta http-equiv="Content-Type" content="text/html;charset=utf-8" />
  <meta name='ocr-system' content='tesseract 3.04.00' />
  <meta name='ocr-capabilities' content='ocr_page ocr_carea ocr_par ocr_line ocrx_word'/>
</head>
<body>
  <div class='ocr_page' id='page_1' title='image "./doctorisecstati06unkngoog_0280.png"; bbox 0 0 4309 6259; ppageno 0'>
   <div class='ocr_carea' id='block_1_1' title="bbox 573 4918 836 5040">
    <p class='ocr_par' dir='ltr' id='par_1_1' title="bbox 573 4918 836 5040">
     <span class='ocr_line' id='line_1_1' title="bbox 621 4918 836 4964; baseline -0.014 0"><span class='ocrx_word' id='word_1_1' title='bbox 621 4918 734 4964; x_wconf 74' lang='lat' dir='ltr'>nist.</span> <span class='ocrx_word' id='word_1_2' title='bbox 759 4918 836 4963; x_wconf 89' lang='lat' dir='ltr'>lib.</span> 
     </span>
     <span class='ocr_line' id='line_1_2' title="bbox 573 4982 836 5040; baseline -0.008 -13"><span class='ocrx_word' id='word_1_3' title='bbox 573 4982 836 5040; x_wconf 49' lang='lat' dir='ltr'>{vacans-1.</span> 
     </span>
    </p>
   </div>
   <div class='ocr_carea' id='block_1_2' title="bbox 869 472 988 535">
    <p class='ocr_par' dir='ltr' id='par_1_2' title="bbox 869 472 988 535">
     <span class='ocr_line' id='line_1_3' title="bbox 869 472 988 535; baseline 0 0"><span class='ocrx_word' id='word_1_4' title='bbox 869 472 988 535; x_wconf 75' lang='lat'>256</span> 
     </span>
    </p>
   </div>
   <div class='ocr_carea' id='block_1_3' title="bbox 1238 485 3585 533">
    <p class='ocr_par' dir='ltr' id='par_1_3' title="bbox 1238 485 3585 533">
     <span class='ocr_line' id='line_1_4' title="bbox 1238 485 3585 533; baseline 0 0"><span class='ocrx_word' id='word_1_5' title='bbox 1238 486 1584 533; x_wconf 73' lang='lat' dir='ltr'>ENARRATIO</span> <span class='ocrx_word' id='word_1_6' title='bbox 1625 488 1689 533; x_wconf 81' lang='lat' dir='ltr'>IN</span> <span class='ocrx_word' id='word_1_7' title='bbox 1731 486 1868 531; x_wconf 76' lang='lat' dir='ltr'>CAP-</span> <span class='ocrx_word' id='word_1_8' title='bbox 1914 485 2044 532; x_wconf 76' lang='lat' dir='ltr'>XXX</span> <span class='ocrx_word' id='word_1_9' title='bbox 2083 485 2242 531; x_wconf 75' lang='lat' dir='ltr'>unm</span> <span class='ocrx_word' id='word_1_10' title='bbox 2284 485 2535 531; x_wconf 67' lang='lat' dir='ltr'>summm</span> <span class='ocrx_word' id='word_1_11' title='bbox 2576 485 3105 533; x_wconf 68' lang='lat' dir='ltr'>PARALIPOMENON.</span> <span class='ocrx_word' id='word_1_12' title='bbox 3148 507 3229 517; x_wconf 90' lang='lat'>--</span> <span class='ocrx_word' id='word_1_13' title='bbox 3270 487 3413 532; x_wconf 73' lang='grc' dir='ltr'><strong>ΛΒΤ.</strong></span> <span class='ocrx_word' id='word_1_14' title='bbox 3456 486 3585 533; x_wconf 77' lang='lat' dir='ltr'>XXX</span> 
     </span>
    </p>
   </div>
   <div class='ocr_carea' id='block_1_4' title="bbox 865 655 3945 741">
    <p class='ocr_par' dir='ltr' id='par_1_4' title="bbox 865 655 3945 741">
     <span class='ocr_line' id='line_1_5' title="bbox 865 655 3945 741; baseline -0.001 -20"><span class='ocrx_word' id='word_1_15' title='bbox 865 660 1230 724; x_wconf 80' lang='lat' dir='ltr'>Pentecoste</span> <span class='ocrx_word' id='word_1_16' title='bbox 1259 669 1323 723; x_wconf 89' lang='lat' dir='ltr'>et</span> <span class='ocrx_word' id='word_1_17' title='bbox 1352 659 1930 724; x_wconf 87' lang='lat' dir='ltr'>Tabernaculorum</span> <span class='ocrx_word' id='word_1_18' title='bbox 1961 657 2350 721; x_wconf 79' lang='lat' dir='ltr'>celebritate.</span> <span class='ocrx_word' id='word_1_19' title='bbox 2384 655 2435 717; x_wconf 80' lang='lat' dir='ltr'>A</span> <span class='ocrx_word' id='word_1_20' title='bbox 2466 662 2609 719; x_wconf 86' lang='lat' dir='ltr'>tem.</span> <span class='ocrx_word' id='word_1_21' title='bbox 2634 658 2742 720; x_wconf 89' lang='lat' dir='ltr'>Isti</span> <span class='ocrx_word' id='word_1_22' title='bbox 2772 677 2900 721; x_wconf 88' lang='lat' dir='ltr'>non</span> <span class='ocrx_word' id='word_1_23' title='bbox 2928 659 3267 723; x_wconf 90' lang='lat' dir='ltr'>coluerunt</span> <span class='ocrx_word' id='word_1_24' title='bbox 3286 661 3459 725; x_wconf 88' lang='lat' dir='ltr'>idola</span> <span class='ocrx_word' id='word_1_25' title='bbox 3484 660 3649 722; x_wconf 87' lang='lat' dir='ltr'>sicut</span> <span class='ocrx_word' id='word_1_26' title='bbox 3669 656 3945 741; x_wconf 70' lang='lat' dir='ltr'>praefati,</span> 
     </span>
    </p>
   </div>
   <div class='ocr_carea' id='block_1_5' title="bbox 858 756 2356 1828">
    <p class='ocr_par' dir='ltr' id='par_1_5' title="bbox 862 756 2356 940">
     <span class='ocr_line' id='line_1_6' title="bbox 863 756 2356 841; baseline -0.001 -20"><span class='ocrx_word' id='word_1_27' title='bbox 863 759 1068 821; x_wconf 88' lang='lat' dir='ltr'>Achaz</span> <span class='ocrx_word' id='word_1_28' title='bbox 1098 759 1340 841; x_wconf 86' lang='lat' dir='ltr'>quippe</span> <span class='ocrx_word' id='word_1_29' title='bbox 1383 758 1854 821; x_wconf 81' lang='lat' dir='ltr'>observantiam</span> <span class='ocrx_word' id='word_1_30' title='bbox 1896 756 2122 819; x_wconf 92' lang='lat' dir='ltr'>horum</span> <span class='ocrx_word' id='word_1_31' title='bbox 2158 756 2356 838; x_wconf 88' lang='lat' dir='ltr'>impc-</span> 
     </span>
     <span class='ocr_line' id='line_1_7' title="bbox 862 858 1586 940; baseline -0.001 -20"><span class='ocrx_word' id='word_1_32' title='bbox 862 858 1024 920; x_wconf 81' lang='lat' dir='ltr'>divit</span> <span class='ocrx_word' id='word_1_33' title='bbox 1052 858 1348 940; x_wconf 91' lang='lat' dir='ltr'>pluribus</span> <span class='ocrx_word' id='word_1_34' title='bbox 1377 858 1586 921; x_wconf 82' lang='lat' dir='ltr'>anniS.</span> 
     </span>
    </p>

    <p class='ocr_par' dir='ltr' id='par_1_6' title="bbox 858 956 2355 1828">
     <span class='ocr_line' id='line_1_8' title="bbox 941 956 2355 1037; baseline -0.004 -18"><span class='ocrx_word' id='word_1_35' title='bbox 941 961 1510 1037; x_wconf 68' lang='lat' dir='ltr'>Perrexeruntque</span> <span class='ocrx_word' id='word_1_36' title='bbox 1554 976 1840 1017; x_wconf 81' lang='lat' dir='ltr'>cursores</span> <span class='ocrx_word' id='word_1_37' title='bbox 1883 976 2031 1015; x_wconf 86' lang='lat' dir='ltr'>cum</span> <span class='ocrx_word' id='word_1_38' title='bbox 2069 956 2355 1031; x_wconf 81' lang='lat' dir='ltr'>epistolis</span> 
     </span>
     <span class='ocr_line' id='line_1_9' title="bbox 858 1055 2354 1135; baseline -0.004 -18"><span class='ocrx_word' id='word_1_39' title='bbox 858 1078 940 1117; x_wconf 76' lang='lat' dir='ltr'>ea:</span> <span class='ocrx_word' id='word_1_40' title='bbox 967 1059 1139 1135; x_wconf 71' lang='lat' dir='ltr'>reqis</span> <span class='ocrx_word' id='word_1_41' title='bbox 1161 1059 1432 1135; x_wconf 82' lang='lat' dir='ltr'>imperio</span> <span class='ocrx_word' id='word_1_42' title='bbox 1453 1067 1510 1117; x_wconf 84' lang='lat' dir='ltr'>et</span> <span class='ocrx_word' id='word_1_43' title='bbox 1532 1058 1912 1133; x_wconf 76' lang='lat' dir='ltr'>principum</span> <span class='ocrx_word' id='word_1_44' title='bbox 1933 1055 2074 1130; x_wconf 81' lang='lat' dir='ltr'>ejus</span> <span class='ocrx_word' id='word_1_45' title='bbox 2105 1056 2174 1113; x_wconf 86' lang='lat' dir='ltr'>in</span> <span class='ocrx_word' id='word_1_46' title='bbox 2208 1056 2354 1113; x_wconf 86' lang='lat' dir='ltr'>uni-</span> 
     </span>
     <span class='ocr_line' id='line_1_10' title="bbox 862 1154 2353 1229; baseline -0.003 -14"><span class='ocrx_word' id='word_1_47' title='bbox 862 1176 1114 1217; x_wconf 86' lang='lat' dir='ltr'>versum</span> <span class='ocrx_word' id='word_1_48' title='bbox 1159 1158 1362 1217; x_wconf 85' lang='lat' dir='ltr'>Israel</span> <span class='ocrx_word' id='word_1_49' title='bbox 1405 1165 1464 1215; x_wconf 88' lang='lat' dir='ltr'>et</span> <span class='ocrx_word' id='word_1_50' title='bbox 1509 1158 1769 1224; x_wconf 75' lang='lat' dir='ltr'>Iudam,</span> <span class='ocrx_word' id='word_1_51' title='bbox 1803 1154 2011 1229; x_wconf 71' lang='lat' dir='ltr'>juxta</span> <span class='ocrx_word' id='word_1_52' title='bbox 2065 1154 2138 1211; x_wconf 86' lang='lat' dir='ltr'>id</span> <span class='ocrx_word' id='word_1_53' title='bbox 2183 1154 2353 1229; x_wconf 83' lang='lat' dir='ltr'>quod</span> 
     </span>
     <span class='ocr_line' id='line_1_11' title="bbox 862 1253 2353 1331; baseline -0.005 -17"><span class='ocrx_word' id='word_1_54' title='bbox 862 1276 978 1314; x_wconf 74' lang='lat' dir='ltr'>rea·</span> <span class='ocrx_word' id='word_1_55' title='bbox 981 1255 1271 1331; x_wconf 79' lang='lat' dir='ltr'>jusserat</span> <span class='ocrx_word' id='word_1_56' title='bbox 1278 1300 1297 1323; x_wconf 91' lang='lat'>,</span> <span class='ocrx_word' id='word_1_57' title='bbox 1317 1255 1749 1331; x_wconf 80' lang='lat' dir='ltr'>proedicantes</span> <span class='ocrx_word' id='word_1_58' title='bbox 1771 1273 1792 1311; x_wconf 91' lang='lat'>.·</span> <span class='ocrx_word' id='word_1_59' title='bbox 1815 1253 1983 1313; x_wconf 86' lang='lat' dir='ltr'>Filii</span> <span class='ocrx_word' id='word_1_60' title='bbox 2014 1253 2234 1322; x_wconf 86' lang='lat' dir='ltr'>Israel,</span> <span class='ocrx_word' id='word_1_61' title='bbox 2256 1270 2353 1308; x_wconf 87' lang='lat' dir='ltr'>re-</span> 
     </span>
     <span class='ocr_line' id='line_1_12' title="bbox 861 1350 2347 1418; baseline -0.005 -5"><span class='ocrx_word' id='word_1_62' title='bbox 861 1354 1198 1413; x_wconf 76' lang='lat' dir='ltr'>vertimini</span> <span class='ocrx_word' id='word_1_63' title='bbox 1245 1354 1332 1411; x_wconf 87' lang='lat' dir='ltr'>ad</span> <span class='ocrx_word' id='word_1_64' title='bbox 1373 1353 1726 1411; x_wconf 85' lang='lat' dir='ltr'>Dominum</span> <span class='ocrx_word' id='word_1_65' title='bbox 1753 1353 1961 1411; x_wconf 86' lang='lat' dir='ltr'>Deum</span> <span class='ocrx_word' id='word_1_66' title='bbox 1989 1350 2347 1418; x_wconf 71' lang='lat' dir='ltr'>Abraham,</span> 
     </span>
     <span class='ocr_line' id='line_1_13' title="bbox 859 1448 2353 1524; baseline -0.005 -12"><span class='ocrx_word' id='word_1_67' title='bbox 859 1454 1047 1512; x_wconf 81' lang='lat' dir='ltr'><em>Isaac</em></span> <span class='ocrx_word' id='word_1_68' title='bbox 1081 1460 1140 1511; x_wconf 88' lang='lat' dir='ltr'>et</span> <span class='ocrx_word' id='word_1_69' title='bbox 1168 1454 1374 1511; x_wconf 85' lang='lat' dir='ltr'>Israel</span> <span class='ocrx_word' id='word_1_70' title='bbox 1392 1474 1420 1521; x_wconf 92' lang='lat'>,·</span> <span class='ocrx_word' id='word_1_71' title='bbox 1457 1460 1516 1509; x_wconf 89' lang='lat' dir='ltr'>et</span> <span class='ocrx_word' id='word_1_72' title='bbox 1544 1458 1893 1508; x_wconf 84' lang='lat' dir='ltr'>revertetur</span> <span class='ocrx_word' id='word_1_73' title='bbox 1921 1450 2008 1507; x_wconf 86' lang='lat' dir='ltr'>ad</span> <span class='ocrx_word' id='word_1_74' title='bbox 2035 1448 2353 1524; x_wconf 70' lang='lat' dir='ltr'>reliquias</span> 
     </span>
     <span class='ocr_line' id='line_1_14' title="bbox 859 1548 2349 1628; baseline -0.004 -19"><span class='ocrx_word' id='word_1_75' title='bbox 859 1570 1002 1628; x_wconf 83' lang='lat' dir='ltr'>quae</span> <span class='ocrx_word' id='word_1_76' title='bbox 1029 1555 1399 1626; x_wconf 66' lang='lat' dir='ltr'>effufferunt</span> <span class='ocrx_word' id='word_1_77' title='bbox 1429 1568 1662 1608; x_wconf 86' lang='lat' dir='ltr'>manus</span> <span class='ocrx_word' id='word_1_78' title='bbox 1688 1548 1856 1623; x_wconf 71' lang='lat' dir='ltr'>reqis</span> <span class='ocrx_word' id='word_1_79' title='bbox 1874 1548 2296 1623; x_wconf 76' lang='lat' dir='ltr'><strong><em>Assyriorum</em></strong></span> <span class='ocrx_word' id='word_1_80' title='bbox 2326 1566 2349 1603; x_wconf 81' lang='lat'>.-</span> 
     </span>
     <span class='ocr_line' id='line_1_15' title="bbox 860 1644 2350 1729; baseline -0.003 -20"><span class='ocrx_word' id='word_1_81' title='bbox 860 1648 924 1710; x_wconf 88' lang='lat' dir='ltr'>id</span> <span class='ocrx_word' id='word_1_82' title='bbox 954 1656 1072 1724; x_wconf 89' lang='lat' dir='ltr'>est,</span> <span class='ocrx_word' id='word_1_83' title='bbox 1107 1648 1290 1710; x_wconf 91' lang='lat' dir='ltr'>vobis</span> <span class='ocrx_word' id='word_1_84' title='bbox 1337 1646 1494 1729; x_wconf 88' lang='lat' dir='ltr'>ipsis</span> <span class='ocrx_word' id='word_1_85' title='bbox 1524 1646 1839 1728; x_wconf 88' lang='lat' dir='ltr'>propitius</span> <span class='ocrx_word' id='word_1_86' title='bbox 1879 1645 2020 1721; x_wconf 88' lang='lat' dir='ltr'>erit,</span> <span class='ocrx_word' id='word_1_87' title='bbox 2041 1644 2152 1725; x_wconf 88' lang='lat' dir='ltr'>qui</span> <span class='ocrx_word' id='word_1_88' title='bbox 2193 1663 2350 1707; x_wconf 92' lang='lat' dir='ltr'>non-</span> 
     </span>
     <span class='ocr_line' id='line_1_16' title="bbox 858 1745 2349 1828; baseline -0.005 -20"><span class='ocrx_word' id='word_1_89' title='bbox 858 1748 1012 1809; x_wconf 90' lang='lat' dir='ltr'>dum</span> <span class='ocrx_word' id='word_1_90' title='bbox 1051 1747 1220 1828; x_wconf 84' lang='lat' dir='ltr'>capti</span> <span class='ocrx_word' id='word_1_91' title='bbox 1265 1746 1441 1809; x_wconf 76' lang='lat' dir='ltr'>estis,</span> <span class='ocrx_word' id='word_1_92' title='bbox 1476 1747 1692 1806; x_wconf 86' lang='lat' dir='ltr'>Nolite</span> <span class='ocrx_word' id='word_1_93' title='bbox 1730 1746 1881 1822; x_wconf 78' lang='lat' dir='ltr'>fieri</span> <span class='ocrx_word' id='word_1_94' title='bbox 1927 1745 2095 1803; x_wconf 91' lang='lat' dir='ltr'>sicut</span> <span class='ocrx_word' id='word_1_95' title='bbox 2131 1752 2349 1819; x_wconf 74' lang='lat' dir='ltr'>patres</span> 
     </span>
    </p>
   </div>
   <div class='ocr_carea' id='block_1_6' title="bbox 2450 756 3951 1821">
    <p class='ocr_par' dir='ltr' id='par_1_7' title="bbox 2450 756 3951 1821">
     <span class='ocr_line' id='line_1_17' title="bbox 2464 756 3949 823; baseline 0 -6"><span class='ocrx_word' id='word_1_96' title='bbox 2464 764 2571 818; x_wconf 87' lang='lat' dir='ltr'>aut</span> <span class='ocrx_word' id='word_1_97' title='bbox 2602 776 2728 819; x_wconf 91' lang='lat' dir='ltr'>non</span> <span class='ocrx_word' id='word_1_98' title='bbox 2760 766 2941 819; x_wconf 85' lang='lat' dir='ltr'>erant</span> <span class='ocrx_word' id='word_1_99' title='bbox 2972 758 3349 821; x_wconf 81' lang='lat' dir='ltr'>idololatriis</span> <span class='ocrx_word' id='word_1_100' title='bbox 3379 768 3443 823; x_wconf 90' lang='lat' dir='ltr'>et</span> <span class='ocrx_word' id='word_1_101' title='bbox 3472 758 3617 821; x_wconf 89' lang='lat' dir='ltr'>aliis</span> <span class='ocrx_word' id='word_1_102' title='bbox 3654 756 3833 821; x_wconf 87' lang='lat' dir='ltr'>vitiis</span> <span class='ocrx_word' id='word_1_103' title='bbox 3862 756 3949 818; x_wconf 84' lang='lat' dir='ltr'>ita</span> 
     </span>
     <span class='ocr_line' id='line_1_18' title="bbox 2465 855 3946 937; baseline 0 -22"><span class='ocrx_word' id='word_1_104' title='bbox 2465 855 2770 931; x_wconf 80' lang='lat' dir='ltr'>immersi,</span> <span class='ocrx_word' id='word_1_105' title='bbox 2820 856 2928 918; x_wconf 91' lang='lat' dir='ltr'>scd</span> <span class='ocrx_word' id='word_1_106' title='bbox 2975 857 3433 937; x_wconf 87' lang='lat' dir='ltr'>poenituerunt.</span> <span class='ocrx_word' id='word_1_107' title='bbox 3466 862 3551 919; x_wconf 81' lang='lat' dir='ltr'>In.</span> <span class='ocrx_word' id='word_1_108' title='bbox 3584 860 3761 917; x_wconf 85' lang='lat' dir='ltr'>Juda</span> <span class='ocrx_word' id='word_1_109' title='bbox 3802 875 3946 917; x_wconf 86' lang='lat' dir='ltr'>vero</span> 
     </span>
     <span class='ocr_line' id='line_1_19' title="bbox 2460 954 3947 1031; baseline 0.001 -18"><span class='ocrx_word' id='word_1_110' title='bbox 2460 954 2637 1031; x_wconf 82' lang='lat' dir='ltr'>facta</span> <span class='ocrx_word' id='word_1_111' title='bbox 2682 964 2772 1015; x_wconf 89' lang='lat' dir='ltr'>est</span> <span class='ocrx_word' id='word_1_112' title='bbox 2821 976 3051 1015; x_wconf 87' lang='lat' dir='ltr'>manus</span> <span class='ocrx_word' id='word_1_113' title='bbox 3093 958 3383 1027; x_wconf 84' lang='lat' dir='ltr'>Domini,</span> <span class='ocrx_word' id='word_1_114' title='bbox 3433 956 3555 1019; x_wconf 89' lang='lat' dir='ltr'>hoc</span> <span class='ocrx_word' id='word_1_115' title='bbox 3612 963 3729 1031; x_wconf 82' lang='lat' dir='ltr'>est,</span> <span class='ocrx_word' id='word_1_116' title='bbox 3780 955 3947 1017; x_wconf 81' lang='lat' dir='ltr'>Deus</span> 
     </span>
     <span class='ocr_line' id='line_1_20' title="bbox 2462 1050 3947 1135; baseline 0.001 -21"><span class='ocrx_word' id='word_1_117' title='bbox 2462 1050 2765 1134; x_wconf 88' lang='lat' dir='ltr'>pietatem</span> <span class='ocrx_word' id='word_1_118' title='bbox 2796 1072 2973 1115; x_wconf 88' lang='lat' dir='ltr'>suam</span> <span class='ocrx_word' id='word_1_119' title='bbox 3008 1053 3283 1133; x_wconf 77' lang='lat' dir='ltr'>gratiose</span> <span class='ocrx_word' id='word_1_120' title='bbox 3312 1055 3589 1118; x_wconf 88' lang='lat' dir='ltr'>ostendit</span> <span class='ocrx_word' id='word_1_121' title='bbox 3611 1054 3674 1115; x_wconf 92' lang='lat' dir='ltr'>in</span> <span class='ocrx_word' id='word_1_122' title='bbox 3708 1052 3947 1135; x_wconf 89' lang='lat' dir='ltr'>populo</span> 
     </span>
     <span class='ocr_line' id='line_1_21' title="bbox 2458 1151 3943 1229; baseline 0.001 -18"><span class='ocrx_word' id='word_1_123' title='bbox 2458 1151 2761 1229; x_wconf 81' lang='lat' dir='ltr'>Ezechiae‚</span> <span class='ocrx_word' id='word_1_124' title='bbox 2789 1163 2862 1213; x_wconf 90' lang='lat' dir='ltr'>ut</span> <span class='ocrx_word' id='word_1_125' title='bbox 2888 1155 3076 1212; x_wconf 87' lang='lat' dir='ltr'>daret</span> <span class='ocrx_word' id='word_1_126' title='bbox 3106 1156 3195 1213; x_wconf 82' lang='lat' dir='ltr'>eis</span> <span class='ocrx_word' id='word_1_127' title='bbox 3222 1174 3331 1213; x_wconf 84' lang='lat' dir='ltr'>cor</span> <span class='ocrx_word' id='word_1_128' title='bbox 3362 1176 3594 1223; x_wconf 79' lang='lat' dir='ltr'>unum,</span> <span class='ocrx_word' id='word_1_129' title='bbox 3616 1153 3679 1214; x_wconf 91' lang='lat' dir='ltr'>id</span> <span class='ocrx_word' id='word_1_130' title='bbox 3712 1159 3809 1213; x_wconf 85' lang='lat' dir='ltr'>est</span> <span class='ocrx_word' id='word_1_131' title='bbox 3828 1151 3943 1226; x_wconf 84' lang='lat' dir='ltr'>sie,</span> 
     </span>
     <span class='ocr_line' id='line_1_22' title="bbox 2458 1250 3948 1331; baseline 0 -19"><span class='ocrx_word' id='word_1_132' title='bbox 2458 1252 2629 1331; x_wconf 88' lang='lat' dir='ltr'>quod</span> <span class='ocrx_word' id='word_1_133' title='bbox 2668 1251 2845 1314; x_wconf 89' lang='lat' dir='ltr'>dedit</span> <span class='ocrx_word' id='word_1_134' title='bbox 2885 1250 2976 1313; x_wconf 94' lang='lat' dir='ltr'>eis</span> <span class='ocrx_word' id='word_1_135' title='bbox 3010 1251 3403 1315; x_wconf 87' lang='lat' dir='ltr'>voluntatem</span> <span class='ocrx_word' id='word_1_136' title='bbox 3448 1252 3851 1329; x_wconf 87' lang='lat' dir='ltr'>concordem,</span> <span class='ocrx_word' id='word_1_137' title='bbox 3888 1259 3948 1313; x_wconf 87' lang='lat' dir='ltr'>et</span> 
     </span>
     <span class='ocr_line' id='line_1_23' title="bbox 2460 1349 3945 1414; baseline 0.001 -5"><span class='ocrx_word' id='word_1_138' title='bbox 2460 1368 2717 1411; x_wconf 91' lang='lat' dir='ltr'>sensum</span> <span class='ocrx_word' id='word_1_139' title='bbox 2742 1349 3105 1413; x_wconf 88' lang='lat' dir='ltr'>unanimem</span> <span class='ocrx_word' id='word_1_140' title='bbox 3128 1352 3206 1414; x_wconf 89' lang='lat' dir='ltr'>ad</span> <span class='ocrx_word' id='word_1_141' title='bbox 3226 1351 3674 1414; x_wconf 83' lang='lat' dir='ltr'>celebrandum</span> <span class='ocrx_word' id='word_1_142' title='bbox 3711 1350 3945 1413; x_wconf 83' lang='lat' dir='ltr'>festum</span> 
     </span>
     <span class='ocr_line' id='line_1_24' title="bbox 2458 1447 3951 1530; baseline 0 -22"><span class='ocrx_word' id='word_1_143' title='bbox 2458 1447 2780 1527; x_wconf 84' lang='lat' dir='ltr'>paschale,</span> <span class='ocrx_word' id='word_1_144' title='bbox 2815 1459 2887 1509; x_wconf 89' lang='lat' dir='ltr'>ut</span> <span class='ocrx_word' id='word_1_145' title='bbox 2915 1453 3202 1530; x_wconf 80' lang='lat' dir='ltr'>facerent</span> <span class='ocrx_word' id='word_1_146' title='bbox 3205 1451 3411 1527; x_wconf 73' lang='lat' dir='ltr'>juxta</span> <span class='ocrx_word' id='word_1_147' title='bbox 3430 1458 3825 1527; x_wconf 77' lang='lat' dir='ltr'>prceceptum</span> <span class='ocrx_word' id='word_1_148' title='bbox 3854 1470 3951 1508; x_wconf 86' lang='lat' dir='ltr'>re-</span> 
     </span>
     <span class='ocr_line' id='line_1_25' title="bbox 2450 1548 3685 1623; baseline 0.003 -19"><span class='ocrx_word' id='word_1_149' title='bbox 2450 1548 2554 1623; x_wconf 72' lang='lat' dir='ltr'>yis</span> <span class='ocrx_word' id='word_1_150' title='bbox 2582 1557 2641 1607; x_wconf 88' lang='lat' dir='ltr'>et</span> <span class='ocrx_word' id='word_1_151' title='bbox 2663 1549 3075 1623; x_wconf 73' lang='lat' dir='ltr'>principum,</span> <span class='ocrx_word' id='word_1_152' title='bbox 3108 1552 3371 1609; x_wconf 87' lang='lat' dir='ltr'>verbum</span> <span class='ocrx_word' id='word_1_153' title='bbox 3398 1550 3685 1609; x_wconf 78' lang='lat' dir='ltr'>Domini.</span> 
     </span>
     <span class='ocr_line' id='line_1_26' title="bbox 2542 1646 3950 1724; baseline -0.001 -19"><span class='ocrx_word' id='word_1_154' title='bbox 2542 1646 3046 1724; x_wconf 66' lang='lat' dir='ltr'>Conqreqatique</span> <span class='ocrx_word' id='word_1_155' title='bbox 3072 1657 3225 1707; x_wconf 86' lang='lat' dir='ltr'>sunt</span> <span class='ocrx_word' id='word_1_156' title='bbox 3248 1650 3319 1708; x_wconf 88' lang='lat' dir='ltr'>in</span> <span class='ocrx_word' id='word_1_157' title='bbox 3335 1650 3687 1708; x_wconf 77' lang='lat' dir='ltr'>Jerusalem</span> <span class='ocrx_word' id='word_1_158' title='bbox 3714 1648 3950 1723; x_wconf 76' lang='lat' dir='ltr'>populi</span> 
     </span>
     <span class='ocr_line' id='line_1_27' title="bbox 2460 1745 3951 1821; baseline 0.001 -20"><span class='ocrx_word' id='word_1_159' title='bbox 2460 1745 2676 1813; x_wconf 82' lang='lat' dir='ltr'>multi,</span> <span class='ocrx_word' id='word_1_160' title='bbox 2726 1754 2798 1804; x_wconf 90' lang='lat' dir='ltr'>ut</span> <span class='ocrx_word' id='word_1_161' title='bbox 2843 1746 3129 1821; x_wconf 86' lang='lat' dir='ltr'>facerent</span> <span class='ocrx_word' id='word_1_162' title='bbox 3172 1747 3621 1806; x_wconf 77' lang='lat' dir='ltr'>solennitatem</span> <span class='ocrx_word' id='word_1_163' title='bbox 3664 1748 3951 1821; x_wconf 77' lang='lat' dir='ltr'>Azymo-</span> 
     </span>
    </p>
   </div>
   <div class='ocr_carea' id='block_1_7' title="bbox 860 1840 3951 1922">
    <p class='ocr_par' dir='ltr' id='par_1_8' title="bbox 860 1840 3951 1922">
     <span class='ocr_line' id='line_1_28' title="bbox 860 1840 3951 1922; baseline -0.001 -17"><span class='ocrx_word' id='word_1_164' title='bbox 860 1848 1056 1905; x_wconf 86' lang='lat' dir='ltr'>vestri</span> <span class='ocrx_word' id='word_1_165' title='bbox 1081 1856 1140 1905; x_wconf 88' lang='lat' dir='ltr'>et</span> <span class='ocrx_word' id='word_1_166' title='bbox 1160 1847 1422 1922; x_wconf 84' lang='lat' dir='ltr'>fratres,</span> <span class='ocrx_word' id='word_1_167' title='bbox 1447 1846 1564 1922; x_wconf 83' lang='lat' dir='ltr'>qui</span> <span class='ocrx_word' id='word_1_168' title='bbox 1593 1851 1981 1903; x_wconf 84' lang='lat' dir='ltr'>recesserunt</span> <span class='ocrx_word' id='word_1_169' title='bbox 2010 1842 2345 1900; x_wconf 86' lang='lat' dir='ltr'>aDomino</span> <span class='ocrx_word' id='word_1_170' title='bbox 2384 1840 2431 1901; x_wconf 90' lang='lat' dir='ltr'>B</span> <span class='ocrx_word' id='word_1_171' title='bbox 2458 1864 2607 1903; x_wconf 83' lang='lat' dir='ltr'>rum</span> <span class='ocrx_word' id='word_1_172' title='bbox 2654 1844 2725 1902; x_wconf 89' lang='lat' dir='ltr'>in</span> <span class='ocrx_word' id='word_1_173' title='bbox 2774 1864 2985 1903; x_wconf 84' lang='lat' dir='ltr'>mense</span> <span class='ocrx_word' id='word_1_174' title='bbox 3022 1847 3317 1904; x_wconf 69' lang='lat' dir='ltr'>semtndO.</span> <span class='ocrx_word' id='word_1_175' title='bbox 3352 1846 3437 1905; x_wconf 73' lang='lat' dir='ltr'>Ec</span> <span class='ocrx_word' id='word_1_176' title='bbox 3476 1853 3804 1919; x_wconf 67' lang='lat' dir='ltr'>surqentes</span> <span class='ocrx_word' id='word_1_177' title='bbox 3848 1846 3951 1903; x_wconf 76' lang='lat' dir='ltr'>de-</span> 
     </span>
    </p>
   </div>
   <div class='ocr_carea' id='block_1_8' title="bbox 851 1941 2349 3003">
    <p class='ocr_par' dir='ltr' id='par_1_9' title="bbox 851 1941 2349 3003">
     <span class='ocr_line' id='line_1_29' title="bbox 854 1941 2343 2021; baseline -0.003 -17"><span class='ocrx_word' id='word_1_178' title='bbox 854 1946 987 2004; x_wconf 91' lang='lat' dir='ltr'>Deo</span> <span class='ocrx_word' id='word_1_179' title='bbox 1035 1954 1304 2021; x_wconf 79' lang='lat' dir='ltr'>patrum</span> <span class='ocrx_word' id='word_1_180' title='bbox 1349 1964 1639 2012; x_wconf 89' lang='lat' dir='ltr'>suorum,</span> <span class='ocrx_word' id='word_1_181' title='bbox 1689 1950 1748 2000; x_wconf 87' lang='lat' dir='ltr'>et</span> <span class='ocrx_word' id='word_1_182' title='bbox 1797 1942 2075 2001; x_wconf 77' lang='lat' dir='ltr'>tradidit</span> <span class='ocrx_word' id='word_1_183' title='bbox 2123 1960 2223 2000; x_wconf 87' lang='lat' dir='ltr'>eos</span> <span class='ocrx_word' id='word_1_184' title='bbox 2269 1941 2343 1999; x_wconf 87' lang='lat' dir='ltr'>in</span> 
     </span>
     <span class='ocr_line' id='line_1_30' title="bbox 855 2041 2349 2119; baseline -0.003 -16"><span class='ocrx_word' id='word_1_185' title='bbox 855 2045 1223 2112; x_wconf 88' lang='lat' dir='ltr'>interitum,</span> <span class='ocrx_word' id='word_1_186' title='bbox 1253 2054 1326 2103; x_wconf 90' lang='lat' dir='ltr'>ut</span> <span class='ocrx_word' id='word_1_187' title='bbox 1355 2044 1485 2119; x_wconf 80' lang='lat' dir='ltr'>ipsi</span> <span class='ocrx_word' id='word_1_188' title='bbox 1510 2042 1794 2101; x_wconf 87' lang='lat' dir='ltr'>cernitis.</span> <span class='ocrx_word' id='word_1_189' title='bbox 1831 2042 2048 2102; x_wconf 81' lang='lat' dir='ltr'>Nolite</span> <span class='ocrx_word' id='word_1_190' title='bbox 2078 2041 2349 2098; x_wconf 87' lang='lat' dir='ltr'>indura-</span> 
     </span>
     <span class='ocr_line' id='line_1_31' title="bbox 853 2136 2346 2215; baseline -0.001 -14"><span class='ocrx_word' id='word_1_191' title='bbox 853 2162 924 2201; x_wconf 83' lang='lat' dir='ltr'>re</span> <span class='ocrx_word' id='word_1_192' title='bbox 961 2144 1235 2202; x_wconf 86' lang='lat' dir='ltr'>cervices</span> <span class='ocrx_word' id='word_1_193' title='bbox 1276 2151 1536 2211; x_wconf 88' lang='lat' dir='ltr'>vestras,</span> <span class='ocrx_word' id='word_1_194' title='bbox 1566 2142 1735 2199; x_wconf 89' lang='lat' dir='ltr'>sicut</span> <span class='ocrx_word' id='word_1_195' title='bbox 1754 2149 1976 2215; x_wconf 82' lang='lat' dir='ltr'>patres</span> <span class='ocrx_word' id='word_1_196' title='bbox 2023 2139 2239 2208; x_wconf 86' lang='lat' dir='ltr'>vestri,</span> <span class='ocrx_word' id='word_1_197' title='bbox 2283 2136 2346 2199; x_wconf 89' lang='lat' dir='ltr'>id</span> 
     </span>
     <span class='ocr_line' id='line_1_32' title="bbox 854 2235 2347 2318; baseline -0.005 -15"><span class='ocrx_word' id='word_1_198' title='bbox 854 2248 972 2318; x_wconf 87' lang='lat' dir='ltr'>est,</span> <span class='ocrx_word' id='word_1_199' title='bbox 1005 2248 1250 2303; x_wconf 84' lang='lat' dir='ltr'>mentes</span> <span class='ocrx_word' id='word_1_200' title='bbox 1284 2247 1523 2302; x_wconf 89' lang='lat' dir='ltr'>vestras</span> <span class='ocrx_word' id='word_1_201' title='bbox 1555 2257 1683 2300; x_wconf 92' lang='lat' dir='ltr'>non</span> <span class='ocrx_word' id='word_1_202' title='bbox 1716 2236 2064 2300; x_wconf 83' lang='lat' dir='ltr'>exhibeatis</span> <span class='ocrx_word' id='word_1_203' title='bbox 2107 2235 2347 2299; x_wconf 90' lang='lat' dir='ltr'>indoci-</span> 
     </span>
     <span class='ocr_line' id='line_1_33' title="bbox 855 2336 2347 2402; baseline -0.005 -2"><span class='ocrx_word' id='word_1_204' title='bbox 855 2339 947 2402; x_wconf 80' lang='lat' dir='ltr'>les</span> <span class='ocrx_word' id='word_1_205' title='bbox 979 2346 1040 2401; x_wconf 84' lang='lat' dir='ltr'>ct</span> <span class='ocrx_word' id='word_1_206' title='bbox 1080 2338 1374 2401; x_wconf 81' lang='lat' dir='ltr'>rebelleS.</span> <span class='ocrx_word' id='word_1_207' title='bbox 1407 2337 1670 2399; x_wconf 79' lang='lat' dir='ltr'>Tradite</span> <span class='ocrx_word' id='word_1_208' title='bbox 1701 2356 1933 2395; x_wconf 85' lang='lat' dir='ltr'>manus</span> <span class='ocrx_word' id='word_1_209' title='bbox 1959 2344 2201 2394; x_wconf 86' lang='lat' dir='ltr'>vestras</span> <span class='ocrx_word' id='word_1_210' title='bbox 2228 2336 2347 2393; x_wconf 91' lang='lat' dir='ltr'>Do-</span> 
     </span>
     <span class='ocr_line' id='line_1_34' title="bbox 855 2431 2345 2514; baseline -0.003 -17"><span class='ocrx_word' id='word_1_211' title='bbox 855 2440 1053 2514; x_wconf 84' lang='lat' dir='ltr'>min0,</span> <span class='ocrx_word' id='word_1_212' title='bbox 1080 2436 1144 2499; x_wconf 89' lang='lat' dir='ltr'>id</span> <span class='ocrx_word' id='word_1_213' title='bbox 1177 2445 1292 2513; x_wconf 90' lang='lat' dir='ltr'>est,</span> <span class='ocrx_word' id='word_1_214' title='bbox 1320 2434 1613 2498; x_wconf 85' lang='lat' dir='ltr'>exhibete</span> <span class='ocrx_word' id='word_1_215' title='bbox 1646 2451 1757 2497; x_wconf 91' lang='lat' dir='ltr'>vos</span> <span class='ocrx_word' id='word_1_216' title='bbox 1788 2440 2040 2514; x_wconf 89' lang='lat' dir='ltr'>paratos</span> <span class='ocrx_word' id='word_1_217' title='bbox 2062 2431 2189 2494; x_wconf 89' lang='lat' dir='ltr'>Deo</span> <span class='ocrx_word' id='word_1_218' title='bbox 2221 2451 2345 2494; x_wconf 91' lang='lat' dir='ltr'>ser-</span> 
     </span>
     <span class='ocr_line' id='line_1_35' title="bbox 853 2530 2343 2616; baseline -0.005 -15"><span class='ocrx_word' id='word_1_219' title='bbox 853 2536 1010 2613; x_wconf 84' lang='lat' dir='ltr'>vire,</span> <span class='ocrx_word' id='word_1_220' title='bbox 1045 2544 1110 2599; x_wconf 90' lang='lat' dir='ltr'>et</span> <span class='ocrx_word' id='word_1_221' title='bbox 1158 2534 1278 2597; x_wconf 92' lang='lat' dir='ltr'>hoc</span> <span class='ocrx_word' id='word_1_222' title='bbox 1329 2534 1564 2616; x_wconf 89' lang='lat' dir='ltr'>ipsum,</span> <span class='ocrx_word' id='word_1_223' title='bbox 1601 2532 1654 2594; x_wconf 88' lang='lat' dir='ltr'>si</span> <span class='ocrx_word' id='word_1_224' title='bbox 1705 2530 1932 2613; x_wconf 88' lang='lat' dir='ltr'>placet,</span> <span class='ocrx_word' id='word_1_225' title='bbox 1979 2530 2343 2611; x_wconf 86' lang='lat' dir='ltr'>juramento</span> 
     </span>
     <span class='ocr_line' id='line_1_36' title="bbox 852 2632 2345 2709; baseline -0.005 -12"><span class='ocrx_word' id='word_1_226' title='bbox 852 2644 915 2697; x_wconf 81' lang='lat' dir='ltr'>et</span> <span class='ocrx_word' id='word_1_227' title='bbox 946 2642 1092 2697; x_wconf 85' lang='lat' dir='ltr'>voto</span> <span class='ocrx_word' id='word_1_228' title='bbox 1126 2633 1403 2709; x_wconf 80' lang='lat' dir='ltr'>firmate,</span> <span class='ocrx_word' id='word_1_229' title='bbox 1440 2642 1497 2691; x_wconf 88' lang='lat' dir='ltr'>et</span> <span class='ocrx_word' id='word_1_230' title='bbox 1529 2633 1738 2691; x_wconf 85' lang='lat' dir='ltr'>venite</span> <span class='ocrx_word' id='word_1_231' title='bbox 1778 2634 1867 2691; x_wconf 91' lang='lat' dir='ltr'>ad</span> <span class='ocrx_word' id='word_1_232' title='bbox 1890 2632 2345 2690; x_wconf 87' lang='lat' dir='ltr'>sanctuarium</span> 
     </span>
     <span class='ocr_line' id='line_1_37' title="bbox 851 2732 2347 2811; baseline -0.004 -17"><span class='ocrx_word' id='word_1_233' title='bbox 851 2735 994 2811; x_wconf 85' lang='lat' dir='ltr'>ejus</span> <span class='ocrx_word' id='word_1_234' title='bbox 1031 2735 1202 2811; x_wconf 86' lang='lat' dir='ltr'>quod</span> <span class='ocrx_word' id='word_1_235' title='bbox 1238 2732 1673 2807; x_wconf 80' lang='lat' dir='ltr'>sanctificavit</span> <span class='ocrx_word' id='word_1_236' title='bbox 1711 2732 1784 2788; x_wconf 87' lang='lat' dir='ltr'>in</span> <span class='ocrx_word' id='word_1_237' title='bbox 1825 2739 2160 2789; x_wconf 67' lang='lat' dir='ltr'>aeternum.</span> <span class='ocrx_word' id='word_1_238' title='bbox 2203 2732 2347 2791; x_wconf 85' lang='lat' dir='ltr'>Ser-</span> 
     </span>
     <span class='ocr_line' id='line_1_38' title="bbox 855 2832 2346 2905; baseline -0.004 -12"><span class='ocrx_word' id='word_1_239' title='bbox 855 2833 984 2893; x_wconf 86' lang='lat' dir='ltr'>vite</span> <span class='ocrx_word' id='word_1_240' title='bbox 1038 2832 1316 2891; x_wconf 87' lang='lat' dir='ltr'>Domino</span> <span class='ocrx_word' id='word_1_241' title='bbox 1366 2832 1499 2889; x_wconf 91' lang='lat' dir='ltr'>Deo</span> <span class='ocrx_word' id='word_1_242' title='bbox 1541 2838 1812 2905; x_wconf 73' lang='lat' dir='ltr'>patrum</span> <span class='ocrx_word' id='word_1_243' title='bbox 1858 2837 2235 2898; x_wconf 87' lang='lat' dir='ltr'>vestrorum,</span> <span class='ocrx_word' id='word_1_244' title='bbox 2288 2837 2346 2887; x_wconf 90' lang='lat' dir='ltr'>et</span> 
     </span>
     <span class='ocr_line' id='line_1_39' title="bbox 853 2926 2347 3003; baseline -0.004 -12"><span class='ocrx_word' id='word_1_245' title='bbox 853 2939 1179 2991; x_wconf 86' lang='lat' dir='ltr'>avertetur</span> <span class='ocrx_word' id='word_1_246' title='bbox 1205 2951 1245 2989; x_wconf 91' lang='lat' dir='ltr'>a</span> <span class='ocrx_word' id='word_1_247' title='bbox 1279 2930 1447 2989; x_wconf 90' lang='lat' dir='ltr'>vobis</span> <span class='ocrx_word' id='word_1_248' title='bbox 1477 2929 1580 2987; x_wconf 86' lang='lat' dir='ltr'>ira</span> <span class='ocrx_word' id='word_1_249' title='bbox 1600 2928 1851 3003; x_wconf 82' lang='lat' dir='ltr'>furoris</span> <span class='ocrx_word' id='word_1_250' title='bbox 1878 2928 2038 3003; x_wconf 78' lang='lat' dir='ltr'>ejus.</span> <span class='ocrx_word' id='word_1_251' title='bbox 2064 2927 2145 2988; x_wconf 89' lang='lat' dir='ltr'>Si</span> <span class='ocrx_word' id='word_1_252' title='bbox 2172 2926 2347 2986; x_wconf 85' lang='lat' dir='ltr'>enim</span> 
     </span>
    </p>
   </div>
   <div class='ocr_carea' id='block_1_9' title="bbox 2452 1944 3961 3003">
    <p class='ocr_par' dir='ltr' id='par_1_10' title="bbox 2452 1944 3961 3003">
     <span class='ocr_line' id='line_1_40' title="bbox 2454 1944 3953 2021; baseline 0.001 -21"><span class='ocrx_word' id='word_1_253' title='bbox 2454 1951 2836 2001; x_wconf 72' lang='lat' dir='ltr'>struxerunt</span> <span class='ocrx_word' id='word_1_254' title='bbox 2894 1946 3163 2014; x_wconf 86' lang='lat' dir='ltr'>altaria,</span> <span class='ocrx_word' id='word_1_255' title='bbox 3216 1964 3360 2021; x_wconf 82' lang='lat' dir='ltr'>quoe</span> <span class='ocrx_word' id='word_1_256' title='bbox 3404 1952 3587 2003; x_wconf 86' lang='lat' dir='ltr'>erant</span> <span class='ocrx_word' id='word_1_257' title='bbox 3643 1944 3717 2003; x_wconf 81' lang='lat' dir='ltr'>in</span> <span class='ocrx_word' id='word_1_258' title='bbox 3760 1944 3953 2003; x_wconf 83' lang='lat' dir='ltr'>Jeru-</span> 
     </span>
     <span class='ocr_line' id='line_1_41' title="bbox 2453 2042 3951 2119; baseline 0.001 -21"><span class='ocrx_word' id='word_1_259' title='bbox 2453 2044 2651 2099; x_wconf 84' lang='lat' dir='ltr'>salem</span> <span class='ocrx_word' id='word_1_260' title='bbox 2668 2064 2697 2110; x_wconf 89' lang='lat'>,·</span> <span class='ocrx_word' id='word_1_261' title='bbox 2740 2050 2931 2119; x_wconf 88' lang='lat' dir='ltr'>atque</span> <span class='ocrx_word' id='word_1_262' title='bbox 2976 2044 3309 2112; x_wconf 86' lang='lat' dir='ltr'>universa,</span> <span class='ocrx_word' id='word_1_263' title='bbox 3346 2043 3417 2101; x_wconf 86' lang='lat' dir='ltr'>in</span> <span class='ocrx_word' id='word_1_264' title='bbox 3466 2043 3702 2119; x_wconf 81' lang='lat' dir='ltr'>quibus</span> <span class='ocrx_word' id='word_1_265' title='bbox 3751 2042 3951 2100; x_wconf 84' lang='lat' dir='ltr'>idolis</span> 
     </span>
     <span class='ocr_line' id='line_1_42' title="bbox 2454 2140 3953 2217; baseline 0.001 -20"><span class='ocrx_word' id='word_1_266' title='bbox 2454 2140 2828 2199; x_wconf 69' lang='lat' dir='ltr'>adolebatur</span> <span class='ocrx_word' id='word_1_267' title='bbox 2864 2142 3223 2211; x_wconf 86' lang='lat' dir='ltr'>incensum,</span> <span class='ocrx_word' id='word_1_268' title='bbox 3261 2144 3709 2211; x_wconf 81' lang='lat' dir='ltr'>subvertentes,</span> <span class='ocrx_word' id='word_1_269' title='bbox 3734 2142 3953 2217; x_wconf 80' lang='lat' dir='ltr'>proje-</span> 
     </span>
     <span class='ocr_line' id='line_1_43' title="bbox 2452 2240 3952 2301; baseline 0.001 -5"><span class='ocrx_word' id='word_1_270' title='bbox 2452 2247 2677 2298; x_wconf 85' lang='lat' dir='ltr'>cerunt</span> <span class='ocrx_word' id='word_1_271' title='bbox 2698 2240 2770 2299; x_wconf 87' lang='lat' dir='ltr'>in</span> <span class='ocrx_word' id='word_1_272' title='bbox 2795 2248 3134 2300; x_wconf 85' lang='lat' dir='ltr'>torrentem</span> <span class='ocrx_word' id='word_1_273' title='bbox 3152 2242 3395 2300; x_wconf 85' lang='lat' dir='ltr'>Cedron</span> <span class='ocrx_word' id='word_1_274' title='bbox 3409 2287 3423 2301; x_wconf 90' lang='lat'>.</span> <span class='ocrx_word' id='word_1_275' title='bbox 3444 2243 3952 2301; x_wconf 64' lang='lat' dir='ltr'>[inmolaverunt</span> 
     </span>
     <span class='ocr_line' id='line_1_44' title="bbox 2452 2340 3955 2417; baseline 0.003 -23"><span class='ocrx_word' id='word_1_276' title='bbox 2452 2346 2667 2395; x_wconf 88' lang='lat' dir='ltr'>autem</span> <span class='ocrx_word' id='word_1_277' title='bbox 2702 2340 2901 2413; x_wconf 76' lang='lat' dir='ltr'>phase</span> <span class='ocrx_word' id='word_1_278' title='bbox 2928 2341 3417 2417; x_wconf 86' lang='lat' dir='ltr'>quartadecima</span> <span class='ocrx_word' id='word_1_279' title='bbox 3448 2340 3555 2399; x_wconf 87' lang='lat' dir='ltr'>die</span> <span class='ocrx_word' id='word_1_280' title='bbox 3594 2341 3833 2399; x_wconf 83' lang='lat' dir='ltr'>mensis</span> <span class='ocrx_word' id='word_1_281' title='bbox 3862 2359 3955 2398; x_wconf 87' lang='lat' dir='ltr'>se—</span> 
     </span>
     <span class='ocr_line' id='line_1_45' title="bbox 2454 2437 3953 2515; baseline 0.004 -24"><span class='ocrx_word' id='word_1_282' title='bbox 2454 2437 2676 2496; x_wconf 86' lang='lat' dir='ltr'>cundi.</span> <span class='ocrx_word' id='word_1_283' title='bbox 2726 2438 3097 2497; x_wconf 78' lang='lat' dir='ltr'>Sacerdotes</span> <span class='ocrx_word' id='word_1_284' title='bbox 3145 2456 3395 2515; x_wconf 82' lang='lat' dir='ltr'>quoque</span> <span class='ocrx_word' id='word_1_285' title='bbox 3438 2446 3629 2515; x_wconf 88' lang='lat' dir='ltr'>atque</span> <span class='ocrx_word' id='word_1_286' title='bbox 3676 2438 3953 2505; x_wconf 77' lang='lat' dir='ltr'>Levitoe‚</span> 
     </span>
     <span class='ocr_line' id='line_1_46' title="bbox 2459 2536 3955 2611; baseline 0.002 -19"><span class='ocrx_word' id='word_1_287' title='bbox 2459 2537 2715 2595; x_wconf 87' lang='lat' dir='ltr'>tandem</span> <span class='ocrx_word' id='word_1_288' title='bbox 2740 2536 3156 2611; x_wconf 77' lang='lat' dir='ltr'>sanctificati,</span> <span class='ocrx_word' id='word_1_289' title='bbox 3179 2538 3549 2595; x_wconf 85' lang='lat' dir='ltr'>obtulerunt</span> <span class='ocrx_word' id='word_1_290' title='bbox 3577 2536 3955 2595; x_wconf 80' lang='lat' dir='ltr'>holocausta</span> 
     </span>
     <span class='ocr_line' id='line_1_47' title="bbox 2456 2633 3957 2711; baseline 0.001 -22"><span class='ocrx_word' id='word_1_291' title='bbox 2456 2633 2528 2690; x_wconf 91' lang='lat' dir='ltr'>in</span> <span class='ocrx_word' id='word_1_292' title='bbox 2575 2636 2760 2692; x_wconf 85' lang='lat' dir='ltr'>domo</span> <span class='ocrx_word' id='word_1_293' title='bbox 2790 2635 3059 2693; x_wconf 85' lang='lat' dir='ltr'>Domini</span> <span class='ocrx_word' id='word_1_294' title='bbox 3079 2658 3105 2705; x_wconf 93' lang='lat'><em>;</em></span> <span class='ocrx_word' id='word_1_295' title='bbox 3148 2642 3582 2711; x_wconf 80' lang='lat' dir='ltr'>steteruntque</span> <span class='ocrx_word' id='word_1_296' title='bbox 3612 2634 3681 2693; x_wconf 85' lang='lat' dir='ltr'>in</span> <span class='ocrx_word' id='word_1_297' title='bbox 3716 2636 3957 2693; x_wconf 86' lang='lat' dir='ltr'>ordi-ne</span> 
     </span>
     <span class='ocr_line' id='line_1_48' title="bbox 2452 2732 3958 2808; baseline 0 -18"><span class='ocrx_word' id='word_1_298' title='bbox 2452 2750 2590 2801; x_wconf 88' lang='lat' dir='ltr'>suc,</span> <span class='ocrx_word' id='word_1_299' title='bbox 2607 2732 2815 2806; x_wconf 74' lang='lat' dir='ltr'>juxta</span> <span class='ocrx_word' id='word_1_300' title='bbox 2852 2733 3333 2807; x_wconf 78' lang='lat' dir='ltr'>dispositionem</span> <span class='ocrx_word' id='word_1_301' title='bbox 3374 2742 3433 2791; x_wconf 90' lang='lat' dir='ltr'>et</span> <span class='ocrx_word' id='word_1_302' title='bbox 3476 2735 3671 2808; x_wconf 70' lang='lat' dir='ltr'>teyem</span> <span class='ocrx_word' id='word_1_303' title='bbox 3700 2733 3958 2808; x_wconf 73' lang='lat' dir='ltr'>illoysis</span> 
     </span>
     <span class='ocr_line' id='line_1_49' title="bbox 2456 2829 3957 2907; baseline 0.003 -21"><span class='ocrx_word' id='word_1_304' title='bbox 2456 2829 2736 2887; x_wconf 74' lang='lat' dir='ltr'>hominis</span> <span class='ocrx_word' id='word_1_305' title='bbox 2763 2829 2907 2888; x_wconf 86' lang='lat' dir='ltr'>Dei.</span> <span class='ocrx_word' id='word_1_306' title='bbox 2934 2830 3304 2889; x_wconf 80' lang='lat' dir='ltr'>Sacerdotes</span> <span class='ocrx_word' id='word_1_307' title='bbox 3338 2848 3483 2888; x_wconf 86' lang='lat' dir='ltr'>vero</span> <span class='ocrx_word' id='word_1_308' title='bbox 3508 2830 3957 2907; x_wconf 79' lang='lat' dir='ltr'>suscipiebant</span> 
     </span>
     <span class='ocr_line' id='line_1_50' title="bbox 2454 2928 3961 3003; baseline 0.003 -18"><span class='ocrx_word' id='word_1_309' title='bbox 2454 2930 2924 3003; x_wconf 87' lang='lat' dir='ltr'>effundendum</span> <span class='ocrx_word' id='word_1_310' title='bbox 2963 2928 3349 3003; x_wconf 71' lang='lat' dir='ltr'>sanquinem</span> <span class='ocrx_word' id='word_1_311' title='bbox 3387 2930 3467 2987; x_wconf 87' lang='lat' dir='ltr'>de</span> <span class='ocrx_word' id='word_1_312' title='bbox 3508 2930 3812 2987; x_wconf 82' lang='lat' dir='ltr'>manibus</span> <span class='ocrx_word' id='word_1_313' title='bbox 3848 2932 3961 2989; x_wconf 80' lang='lat' dir='ltr'>Le-</span> 
     </span>
    </p>
   </div>
   <div class='ocr_carea' id='block_1_10' title="bbox 855 3022 3954 3105">
    <p class='ocr_par' dir='ltr' id='par_1_11' title="bbox 855 3022 3954 3105">
     <span class='ocr_line' id='line_1_51' title="bbox 855 3022 3954 3105; baseline -0 -16"><span class='ocrx_word' id='word_1_314' title='bbox 855 3049 960 3089; x_wconf 82' lang='lat' dir='ltr'>vos</span> <span class='ocrx_word' id='word_1_315' title='bbox 987 3029 1230 3089; x_wconf 87' lang='lat' dir='ltr'>reversi</span> <span class='ocrx_word' id='word_1_316' title='bbox 1268 3028 1536 3104; x_wconf 84' lang='lat' dir='ltr'>fueritis</span> <span class='ocrx_word' id='word_1_317' title='bbox 1577 3028 1665 3085; x_wconf 89' lang='lat' dir='ltr'>ad</span> <span class='ocrx_word' id='word_1_318' title='bbox 1692 3027 2044 3085; x_wconf 86' lang='lat' dir='ltr'>Dominum</span> <span class='ocrx_word' id='word_1_319' title='bbox 2094 3022 2348 3086; x_wconf 83' lang='lat' dir='ltr'>reditio·</span> <span class='ocrx_word' id='word_1_320' title='bbox 2380 3025 2425 3089; x_wconf 92' lang='lat' dir='ltr'>C</span> <span class='ocrx_word' id='word_1_321' title='bbox 2458 3028 2767 3086; x_wconf 88' lang='lat' dir='ltr'>vitarum.</span> <span class='ocrx_word' id='word_1_322' title='bbox 2812 3023 3091 3099; x_wconf 84' lang='lat' dir='ltr'>Qualiter</span> <span class='ocrx_word' id='word_1_323' title='bbox 3134 3024 3617 3105; x_wconf 79' lang='lat' dir='ltr'>intelligendum</span> <span class='ocrx_word' id='word_1_324' title='bbox 3664 3024 3751 3087; x_wconf 83' lang='lat' dir='ltr'>sit</span> <span class='ocrx_word' id='word_1_325' title='bbox 3794 3024 3954 3103; x_wconf 87' lang='lat' dir='ltr'>hoc,</span> 
     </span>
    </p>
   </div>
   <div class='ocr_carea' id='block_1_11' title="bbox 855 3122 2358 5374">
    <p class='ocr_par' dir='ltr' id='par_1_12' title="bbox 855 3122 2350 4287">
     <span class='ocr_line' id='line_1_52' title="bbox 857 3122 2347 3207; baseline -0.003 -17"><span class='ocrx_word' id='word_1_326' title='bbox 857 3146 938 3190; x_wconf 93' lang='lat' dir='ltr'>ne</span> <span class='ocrx_word' id='word_1_327' title='bbox 986 3126 1269 3202; x_wconf 89' lang='lat' dir='ltr'>mentali,</span> <span class='ocrx_word' id='word_1_328' title='bbox 1304 3144 1418 3207; x_wconf 88' lang='lat' dir='ltr'>per</span> <span class='ocrx_word' id='word_1_329' title='bbox 1466 3122 1916 3187; x_wconf 85' lang='lat' dir='ltr'>contritionem</span> <span class='ocrx_word' id='word_1_330' title='bbox 1959 3130 2023 3185; x_wconf 92' lang='lat' dir='ltr'>et</span> <span class='ocrx_word' id='word_1_331' title='bbox 2061 3122 2347 3185; x_wconf 86' lang='lat' dir='ltr'>dilectio-</span> 
     </span>
     <span class='ocr_line' id='line_1_53' title="bbox 857 3221 2344 3301; baseline -0.005 -13"><span class='ocrx_word' id='word_1_332' title='bbox 857 3245 1002 3289; x_wconf 85' lang='lat' dir='ltr'>nem</span> <span class='ocrx_word' id='word_1_333' title='bbox 1029 3225 1335 3301; x_wconf 82' lang='lat' dir='ltr'>divinam,</span> <span class='ocrx_word' id='word_1_334' title='bbox 1355 3234 1414 3285; x_wconf 88' lang='lat' dir='ltr'>et</span> <span class='ocrx_word' id='word_1_335' title='bbox 1435 3224 1673 3301; x_wconf 81' lang='lat' dir='ltr'>fratres</span> <span class='ocrx_word' id='word_1_336' title='bbox 1694 3224 1889 3283; x_wconf 85' lang='lat' dir='ltr'>vestri</span> <span class='ocrx_word' id='word_1_337' title='bbox 1907 3232 1963 3281; x_wconf 89' lang='lat' dir='ltr'>et</span> <span class='ocrx_word' id='word_1_338' title='bbox 1981 3223 2116 3298; x_wconf 80' lang='lat' dir='ltr'>filii</span> <span class='ocrx_word' id='word_1_339' title='bbox 2147 3221 2344 3283; x_wconf 83' lang='lat' dir='ltr'>vestri</span> 
     </span>
     <span class='ocr_line' id='line_1_54' title="bbox 857 3322 2347 3385; baseline -0.003 -1"><span class='ocrx_word' id='word_1_340' title='bbox 857 3326 1172 3385; x_wconf 75' lang='lat' dir='ltr'>habebunt</span> <span class='ocrx_word' id='word_1_341' title='bbox 1225 3323 1736 3383; x_wconf 82' lang='lat' dir='ltr'>misericordiam</span> <span class='ocrx_word' id='word_1_342' title='bbox 1797 3342 2014 3381; x_wconf 87' lang='lat' dir='ltr'>coram</span> <span class='ocrx_word' id='word_1_343' title='bbox 2062 3322 2347 3380; x_wconf 84' lang='lat' dir='ltr'>dominis</span> 
     </span>
     <span class='ocr_line' id='line_1_55' title="bbox 855 3418 2341 3501; baseline -0.002 -19"><span class='ocrx_word' id='word_1_344' title='bbox 855 3424 1018 3491; x_wconf 77' lang='lat' dir='ltr'>suiS,</span> <span class='ocrx_word' id='word_1_345' title='bbox 1048 3423 1164 3501; x_wconf 87' lang='lat' dir='ltr'>qui</span> <span class='ocrx_word' id='word_1_346' title='bbox 1207 3424 1353 3481; x_wconf 88' lang='lat' dir='ltr'>illos</span> <span class='ocrx_word' id='word_1_347' title='bbox 1389 3424 1724 3481; x_wconf 69' lang='lat' dir='ltr'>duxerunt</span> <span class='ocrx_word' id='word_1_348' title='bbox 1761 3421 2045 3498; x_wconf 84' lang='lat' dir='ltr'>capt-ivos</span> <span class='ocrx_word' id='word_1_349' title='bbox 2073 3440 2096 3477; x_wconf 92' lang='lat'>.·</span> <span class='ocrx_word' id='word_1_350' title='bbox 2129 3418 2193 3481; x_wconf 92' lang='lat' dir='ltr'>id</span> <span class='ocrx_word' id='word_1_351' title='bbox 2225 3426 2341 3495; x_wconf 84' lang='lat' dir='ltr'>cst,</span> 
     </span>
     <span class='ocr_line' id='line_1_56' title="bbox 859 3516 2346 3601; baseline -0.002 -20"><span class='ocrx_word' id='word_1_352' title='bbox 859 3519 1023 3581; x_wconf 90' lang='lat' dir='ltr'>Deus</span> <span class='ocrx_word' id='word_1_353' title='bbox 1082 3538 1195 3601; x_wconf 90' lang='lat' dir='ltr'>per</span> <span class='ocrx_word' id='word_1_354' title='bbox 1245 3517 1473 3581; x_wconf 86' lang='lat' dir='ltr'>merita</span> <span class='ocrx_word' id='word_1_355' title='bbox 1519 3526 1748 3581; x_wconf 81' lang='lat' dir='ltr'>vestrae</span> <span class='ocrx_word' id='word_1_356' title='bbox 1795 3516 2233 3579; x_wconf 87' lang='lat' dir='ltr'>conversionis</span> <span class='ocrx_word' id='word_1_357' title='bbox 2284 3524 2346 3578; x_wconf 92' lang='lat' dir='ltr'>et</span> 
     </span>
     <span class='ocr_line' id='line_1_57' title="bbox 855 3613 2348 3699; baseline -0.003 -20"><span class='ocrx_word' id='word_1_358' title='bbox 855 3618 1044 3699; x_wconf 83' lang='lat' dir='ltr'>justae</span> <span class='ocrx_word' id='word_1_359' title='bbox 1074 3616 1575 3681; x_wconf 86' lang='lat' dir='ltr'>conversationis</span> <span class='ocrx_word' id='word_1_360' title='bbox 1610 3613 1947 3677; x_wconf 90' lang='lat' dir='ltr'>inclinabit</span> <span class='ocrx_word' id='word_1_361' title='bbox 1977 3615 2167 3676; x_wconf 91' lang='lat' dir='ltr'>corda</span> <span class='ocrx_word' id='word_1_362' title='bbox 2196 3632 2348 3693; x_wconf 89' lang='lat' dir='ltr'>gen-</span> 
     </span>
     <span class='ocr_line' id='line_1_58' title="bbox 857 3713 2349 3797; baseline -0.003 -20"><span class='ocrx_word' id='word_1_363' title='bbox 857 3715 1066 3777; x_wconf 90' lang='lat' dir='ltr'>tilium</span> <span class='ocrx_word' id='word_1_364' title='bbox 1111 3716 1475 3797; x_wconf 87' lang='lat' dir='ltr'>principum</span> <span class='ocrx_word' id='word_1_365' title='bbox 1513 3714 1589 3776; x_wconf 89' lang='lat' dir='ltr'>ad</span> <span class='ocrx_word' id='word_1_366' title='bbox 1630 3713 2061 3775; x_wconf 90' lang='lat' dir='ltr'>miserendum</span> <span class='ocrx_word' id='word_1_367' title='bbox 2095 3732 2168 3775; x_wconf 90' lang='lat' dir='ltr'>ac</span> <span class='ocrx_word' id='word_1_368' title='bbox 2209 3731 2349 3793; x_wconf 88' lang='lat' dir='ltr'>par-</span> 
     </span>
     <span class='ocr_line' id='line_1_59' title="bbox 856 3810 2350 3893; baseline -0.004 -15"><span class='ocrx_word' id='word_1_369' title='bbox 856 3815 1130 3878; x_wconf 90' lang='lat' dir='ltr'>cendum</span> <span class='ocrx_word' id='word_1_370' title='bbox 1158 3814 1387 3877; x_wconf 85' lang='lat' dir='ltr'>vestris</span> <span class='ocrx_word' id='word_1_371' title='bbox 1432 3812 1740 3893; x_wconf 81' lang='lat' dir='ltr'>cognatiS‚</span> <span class='ocrx_word' id='word_1_372' title='bbox 1773 3830 1936 3893; x_wconf 90' lang='lat' dir='ltr'>quos</span> <span class='ocrx_word' id='word_1_373' title='bbox 1977 3810 2216 3873; x_wconf 90' lang='lat' dir='ltr'>habent</span> <span class='ocrx_word' id='word_1_374' title='bbox 2253 3830 2350 3873; x_wconf 90' lang='lat' dir='ltr'>ca—</span> 
     </span>
     <span class='ocr_line' id='line_1_60' title="bbox 859 3912 2349 3995; baseline -0.004 -20"><span class='ocrx_word' id='word_1_375' title='bbox 859 3914 1066 3995; x_wconf 77' lang='lat' dir='ltr'>ptivos</span> <span class='ocrx_word' id='word_1_376' title='bbox 1089 3936 1104 3989; x_wconf 83' lang='lat'>3</span> <span class='ocrx_word' id='word_1_377' title='bbox 1128 3922 1186 3974; x_wconf 89' lang='lat' dir='ltr'>et</span> <span class='ocrx_word' id='word_1_378' title='bbox 1201 3921 1606 3973; x_wconf 82' lang='lat' dir='ltr'>revertentur</span> <span class='ocrx_word' id='word_1_379' title='bbox 1626 3913 1694 3971; x_wconf 86' lang='lat' dir='ltr'>in</span> <span class='ocrx_word' id='word_1_380' title='bbox 1718 3920 1954 3970; x_wconf 85' lang='lat' dir='ltr'>terram</span> <span class='ocrx_word' id='word_1_381' title='bbox 1975 3914 2163 3971; x_wconf 65' lang='lat' dir='ltr'>lianc.</span> <span class='ocrx_word' id='word_1_382' title='bbox 2183 3912 2349 3972; x_wconf 88' lang='lat' dir='ltr'>Pius</span> 
     </span>
     <span class='ocr_line' id='line_1_61' title="bbox 857 4012 2345 4081; baseline -0.003 -8"><span class='ocrx_word' id='word_1_383' title='bbox 857 4015 1033 4073; x_wconf 86' lang='lat' dir='ltr'>enim</span> <span class='ocrx_word' id='word_1_384' title='bbox 1062 4022 1120 4071; x_wconf 90' lang='lat' dir='ltr'>et</span> <span class='ocrx_word' id='word_1_385' title='bbox 1147 4015 1419 4073; x_wconf 88' lang='lat' dir='ltr'>clemens</span> <span class='ocrx_word' id='word_1_386' title='bbox 1445 4018 1534 4071; x_wconf 88' lang='lat' dir='ltr'>est</span> <span class='ocrx_word' id='word_1_387' title='bbox 1562 4012 1880 4069; x_wconf 84' lang='lat' dir='ltr'>Dominus</span> <span class='ocrx_word' id='word_1_388' title='bbox 1910 4012 2079 4069; x_wconf 90' lang='lat' dir='ltr'>Deus</span> <span class='ocrx_word' id='word_1_389' title='bbox 2125 4018 2345 4081; x_wconf 86' lang='lat' dir='ltr'>vester,</span> 
     </span>
     <span class='ocr_line' id='line_1_62' title="bbox 856 4111 2350 4187; baseline -0.002 -16"><span class='ocrx_word' id='word_1_390' title='bbox 856 4122 916 4173; x_wconf 87' lang='lat' dir='ltr'>et</span> <span class='ocrx_word' id='word_1_391' title='bbox 947 4131 1074 4173; x_wconf 89' lang='lat' dir='ltr'>non</span> <span class='ocrx_word' id='word_1_392' title='bbox 1121 4120 1358 4171; x_wconf 87' lang='lat' dir='ltr'>avertet</span> <span class='ocrx_word' id='word_1_393' title='bbox 1387 4111 1624 4187; x_wconf 79' lang='lat' dir='ltr'>faciem</span> <span class='ocrx_word' id='word_1_394' title='bbox 1652 4130 1838 4169; x_wconf 87' lang='lat' dir='ltr'>sua-m</span> <span class='ocrx_word' id='word_1_395' title='bbox 1859 4130 1900 4168; x_wconf 91' lang='lat' dir='ltr'>a</span> <span class='ocrx_word' id='word_1_396' title='bbox 1937 4111 2135 4179; x_wconf 76' lang='lat' dir='ltr'>vobiS,</span> <span class='ocrx_word' id='word_1_397' title='bbox 2162 4111 2223 4169; x_wconf 88' lang='lat' dir='ltr'>si</span> <span class='ocrx_word' id='word_1_398' title='bbox 2257 4130 2350 4168; x_wconf 90' lang='lat' dir='ltr'>re-</span> 
     </span>
     <span class='ocr_line' id='line_1_63' title="bbox 859 4210 1629 4287; baseline -0.004 -16"><span class='ocrx_word' id='word_1_399' title='bbox 859 4212 1027 4271; x_wconf 89' lang='lat' dir='ltr'>versi</span> <span class='ocrx_word' id='word_1_400' title='bbox 1053 4210 1318 4287; x_wconf 79' lang='lat' dir='ltr'>fueritis</span> <span class='ocrx_word' id='word_1_401' title='bbox 1347 4212 1434 4268; x_wconf 80' lang='lat' dir='ltr'>acl</span> <span class='ocrx_word' id='word_1_402' title='bbox 1461 4228 1629 4268; x_wconf 90' lang='lat' dir='ltr'>eum.</span> 
     </span>
    </p>

    <p class='ocr_par' dir='ltr' id='par_1_13' title="bbox 859 4308 2358 5374">
     <span class='ocr_line' id='line_1_64' title="bbox 938 4308 2351 4385; baseline -0.001 -15"><span class='ocrx_word' id='word_1_403' title='bbox 938 4311 1160 4385; x_wconf 73' lang='lat' dir='ltr'>Iyitur</span> <span class='ocrx_word' id='word_1_404' title='bbox 1206 4327 1491 4368; x_wconf 88' lang='lat' dir='ltr'>curso-res</span> <span class='ocrx_word' id='word_1_405' title='bbox 1531 4309 1878 4383; x_wconf 74' lang='lat' dir='ltr'>peryebant</span> <span class='ocrx_word' id='word_1_406' title='bbox 1929 4308 2225 4367; x_wconf 87' lang='lat' dir='ltr'>velociter</span> <span class='ocrx_word' id='word_1_407' title='bbox 2272 4312 2351 4368; x_wconf 88' lang='lat' dir='ltr'>de</span> 
     </span>
     <span class='ocr_line' id='line_1_65' title="bbox 859 4408 2351 4482; baseline -0.001 -14"><span class='ocrx_word' id='word_1_408' title='bbox 859 4409 1121 4468; x_wconf 89' lang='lat' dir='ltr'>civitate</span> <span class='ocrx_word' id='word_1_409' title='bbox 1149 4408 1222 4467; x_wconf 92' lang='lat' dir='ltr'>in</span> <span class='ocrx_word' id='word_1_410' title='bbox 1249 4408 1596 4476; x_wconf 85' lang='lat' dir='ltr'>civitatem,</span> <span class='ocrx_word' id='word_1_411' title='bbox 1614 4424 1733 4481; x_wconf 79' lang='lat' dir='ltr'>per</span> <span class='ocrx_word' id='word_1_412' title='bbox 1764 4414 2001 4466; x_wconf 86' lang='lat' dir='ltr'>terram</span> <span class='ocrx_word' id='word_1_413' title='bbox 2028 4408 2351 4482; x_wconf 78' lang='lat' dir='ltr'>Ephraim</span> 
     </span>
     <span class='ocr_line' id='line_1_66' title="bbox 865 4506 2354 4583; baseline -0.002 -16"><span class='ocrx_word' id='word_1_414' title='bbox 865 4516 924 4568; x_wconf 89' lang='lat' dir='ltr'>et</span> <span class='ocrx_word' id='word_1_415' title='bbox 965 4508 1285 4576; x_wconf 87' lang='lat' dir='ltr'>Manasse,</span> <span class='ocrx_word' id='word_1_416' title='bbox 1318 4524 1516 4583; x_wconf 87' lang='lat' dir='ltr'>usque</span> <span class='ocrx_word' id='word_1_417' title='bbox 1553 4507 1638 4565; x_wconf 84' lang='lat' dir='ltr'>ad</span> <span class='ocrx_word' id='word_1_418' title='bbox 1667 4506 1982 4574; x_wconf 83' lang='lat' dir='ltr'>Zabulon,</span> <span class='ocrx_word' id='word_1_419' title='bbox 2021 4506 2159 4564; x_wconf 87' lang='lat' dir='ltr'>illis</span> <span class='ocrx_word' id='word_1_420' title='bbox 2197 4508 2354 4565; x_wconf 91' lang='lat' dir='ltr'>irri-</span> 
     </span>
     <span class='ocr_line' id='line_1_67' title="bbox 862 4603 2354 4685; baseline 0.001 -19"><span class='ocrx_word' id='word_1_421' title='bbox 862 4608 1163 4666; x_wconf 87' lang='lat' dir='ltr'>dentibus</span> <span class='ocrx_word' id='word_1_422' title='bbox 1203 4613 1262 4664; x_wconf 88' lang='lat' dir='ltr'>et</span> <span class='ocrx_word' id='word_1_423' title='bbox 1299 4604 1846 4663; x_wconf 86' lang='lat' dir='ltr'>subsannantibus</span> <span class='ocrx_word' id='word_1_424' title='bbox 1872 4622 1993 4663; x_wconf 79' lang='lat' dir='ltr'>eos,</span> <span class='ocrx_word' id='word_1_425' title='bbox 2026 4603 2140 4665; x_wconf 81' lang='lat' dir='ltr'>Per</span> <span class='ocrx_word' id='word_1_426' title='bbox 2179 4606 2354 4685; x_wconf 90' lang='lat' dir='ltr'>quod</span> 
     </span>
     <span class='ocr_line' id='line_1_68' title="bbox 865 4699 2356 4787; baseline -0.002 -20"><span class='ocrx_word' id='word_1_427' title='bbox 865 4711 1040 4787; x_wconf 81' lang='lat' dir='ltr'>patet</span> <span class='ocrx_word' id='word_1_428' title='bbox 1105 4702 1389 4785; x_wconf 89' lang='lat' dir='ltr'>ipsorum</span> <span class='ocrx_word' id='word_1_429' title='bbox 1447 4699 1791 4762; x_wconf 86' lang='lat' dir='ltr'>obstinatio</span> <span class='ocrx_word' id='word_1_430' title='bbox 1862 4700 1926 4762; x_wconf 92' lang='lat' dir='ltr'>in</span> <span class='ocrx_word' id='word_1_431' title='bbox 1995 4700 2356 4764; x_wconf 87' lang='lat' dir='ltr'>idololatria</span> 
     </span>
     <span class='ocr_line' id='line_1_69' title="bbox 867 4797 2358 4883; baseline -0.001 -19"><span class='ocrx_word' id='word_1_432' title='bbox 867 4801 1140 4883; x_wconf 87' lang='lat' dir='ltr'>aliisque</span> <span class='ocrx_word' id='word_1_433' title='bbox 1182 4799 1480 4883; x_wconf 90' lang='lat' dir='ltr'>peccatis.</span> <span class='ocrx_word' id='word_1_434' title='bbox 1533 4798 1598 4860; x_wconf 87' lang='lat' dir='ltr'>ln</span> <span class='ocrx_word' id='word_1_435' title='bbox 1660 4797 2044 4861; x_wconf 87' lang='lat' dir='ltr'>Scholastica</span> <span class='ocrx_word' id='word_1_436' title='bbox 2091 4799 2358 4863; x_wconf 87' lang='lat' dir='ltr'>historia</span> 
     </span>
     <span class='ocr_line' id='line_1_70' title="bbox 867 4896 2357 4981; baseline -0.003 -18"><span class='ocrx_word' id='word_1_437' title='bbox 867 4900 1141 4977; x_wconf 83' lang='lat' dir='ltr'>additur,</span> <span class='ocrx_word' id='word_1_438' title='bbox 1176 4898 1347 4981; x_wconf 92' lang='lat' dir='ltr'>quod</span> <span class='ocrx_word' id='word_1_439' title='bbox 1377 4896 1747 4960; x_wconf 90' lang='lat' dir='ltr'>occiderunt</span> <span class='ocrx_word' id='word_1_440' title='bbox 1775 4898 2082 4976; x_wconf 90' lang='lat' dir='ltr'>quosdam</span> <span class='ocrx_word' id='word_1_441' title='bbox 2115 4916 2191 4959; x_wconf 83' lang='lat' dir='ltr'>ex</span> <span class='ocrx_word' id='word_1_442' title='bbox 2220 4917 2357 4960; x_wconf 91' lang='lat' dir='ltr'>cur-</span> 
     </span>
     <span class='ocr_line' id='line_1_71' title="bbox 867 4994 2353 5081; baseline -0.001 -21"><span class='ocrx_word' id='word_1_443' title='bbox 867 4997 1116 5061; x_wconf 88' lang='lat' dir='ltr'>soribus</span> <span class='ocrx_word' id='word_1_444' title='bbox 1149 5016 1259 5059; x_wconf 84' lang='lat' dir='ltr'>seu</span> <span class='ocrx_word' id='word_1_445' title='bbox 1283 4995 1526 5081; x_wconf 89' lang='lat' dir='ltr'>nuntiis</span> <span class='ocrx_word' id='word_1_446' title='bbox 1548 4994 1828 5057; x_wconf 83' lang='lat' dir='ltr'>Ezechiae</span> <span class='ocrx_word' id='word_1_447' title='bbox 1853 5018 1868 5069; x_wconf 83' lang='lat'>3</span> <span class='ocrx_word' id='word_1_448' title='bbox 1902 5004 2163 5076; x_wconf 88' lang='lat' dir='ltr'>propter</span> <span class='ocrx_word' id='word_1_449' title='bbox 2183 4998 2353 5077; x_wconf 91' lang='lat' dir='ltr'>quod</span> 
     </span>
     <span class='ocr_line' id='line_1_72' title="bbox 867 5092 2356 5177; baseline -0.004 -17"><span class='ocrx_word' id='word_1_450' title='bbox 867 5104 1236 5160; x_wconf 86' lang='lat' dir='ltr'>meruerunt</span> <span class='ocrx_word' id='word_1_451' title='bbox 1268 5101 1486 5177; x_wconf 86' lang='lat' dir='ltr'>postea</span> <span class='ocrx_word' id='word_1_452' title='bbox 1515 5092 1846 5175; x_wconf 86' lang='lat' dir='ltr'>captivari.</span> <span class='ocrx_word' id='word_1_453' title='bbox 1883 5097 2187 5155; x_wconf 80' lang='lat' dir='ltr'>Attamen</span> <span class='ocrx_word' id='word_1_454' title='bbox 2216 5099 2356 5174; x_wconf 80' lang='lat' dir='ltr'>qui-</span> 
     </span>
     <span class='ocr_line' id='line_1_73' title="bbox 865 5195 2352 5267; baseline -0.001 -10"><span class='ocrx_word' id='word_1_455' title='bbox 865 5200 1018 5257; x_wconf 85' lang='lat' dir='ltr'>dam</span> <span class='ocrx_word' id='word_1_456' title='bbox 1049 5198 1182 5257; x_wconf 83' lang='lat' dir='ltr'>viri</span> <span class='ocrx_word' id='word_1_457' title='bbox 1219 5216 1299 5254; x_wconf 78' lang='lat' dir='ltr'>ea·</span> <span class='ocrx_word' id='word_1_458' title='bbox 1327 5197 1486 5255; x_wconf 85' lang='lat' dir='ltr'>Aser</span> <span class='ocrx_word' id='word_1_459' title='bbox 1523 5201 1581 5253; x_wconf 89' lang='lat' dir='ltr'>et</span> <span class='ocrx_word' id='word_1_460' title='bbox 1611 5195 1907 5254; x_wconf 89' lang='lat' dir='ltr'>Manasse</span> <span class='ocrx_word' id='word_1_461' title='bbox 1946 5202 2005 5253; x_wconf 90' lang='lat' dir='ltr'>et</span> <span class='ocrx_word' id='word_1_462' title='bbox 2033 5196 2352 5267; x_wconf 89' lang='lat' dir='ltr'>Zabulon,</span> 
     </span>
     <span class='ocr_line' id='line_1_74' title="bbox 865 5291 2353 5374; baseline -0.001 -19"><span class='ocrx_word' id='word_1_463' title='bbox 865 5296 1324 5374; x_wconf 82' lang='lat' dir='ltr'>acquiescentes</span> <span class='ocrx_word' id='word_1_464' title='bbox 1381 5291 1672 5361; x_wconf 83' lang='lat' dir='ltr'>consilio,</span> <span class='ocrx_word' id='word_1_465' title='bbox 1729 5301 2041 5353; x_wconf 87' lang='lat' dir='ltr'>venerunt</span> <span class='ocrx_word' id='word_1_466' title='bbox 2096 5295 2353 5354; x_wconf 85' lang='lat' dir='ltr'>Jerusa-</span> 
     </span>
    </p>
   </div>
   <div class='ocr_carea' id='block_1_12' title="bbox 2454 3124 3966 4193">
    <p class='ocr_par' dir='ltr' id='par_1_14' title="bbox 2454 3124 3966 4193">
     <span class='ocr_line' id='line_1_75' title="bbox 2454 3124 3957 3206; baseline -0.001 -19"><span class='ocrx_word' id='word_1_467' title='bbox 2454 3124 2650 3187; x_wconf 89' lang='lat' dir='ltr'>verba</span> <span class='ocrx_word' id='word_1_468' title='bbox 2690 3124 2978 3206; x_wconf 90' lang='lat' dir='ltr'>pandunt</span> <span class='ocrx_word' id='word_1_469' title='bbox 3016 3124 3371 3204; x_wconf 84' lang='lat' dir='ltr'>sequentia,</span> <span class='ocrx_word' id='word_1_470' title='bbox 3406 3145 3473 3184; x_wconf 88' lang='lat' dir='ltr'>eo</span> <span class='ocrx_word' id='word_1_471' title='bbox 3514 3128 3686 3203; x_wconf 85' lang='lat' dir='ltr'>quod</span> <span class='ocrx_word' id='word_1_472' title='bbox 3732 3129 3957 3187; x_wconf 81' lang='lat' dir='ltr'>multa</span> 
     </span>
     <span class='ocr_line' id='line_1_76' title="bbox 2458 3224 3956 3300; baseline 0 -17"><span class='ocrx_word' id='word_1_473' title='bbox 2458 3225 2643 3283; x_wconf 89' lang='lat' dir='ltr'>turba</span> <span class='ocrx_word' id='word_1_474' title='bbox 2668 3225 3073 3300; x_wconf 77' lang='lat' dir='ltr'>sanctificata</span> <span class='ocrx_word' id='word_1_475' title='bbox 3102 3242 3227 3283; x_wconf 90' lang='lat' dir='ltr'>non</span> <span class='ocrx_word' id='word_1_476' title='bbox 3259 3232 3433 3293; x_wconf 88' lang='lat' dir='ltr'>esset,</span> <span class='ocrx_word' id='word_1_477' title='bbox 3456 3232 3515 3283; x_wconf 91' lang='lat' dir='ltr'>et</span> <span class='ocrx_word' id='word_1_478' title='bbox 3546 3224 3788 3283; x_wconf 87' lang='lat' dir='ltr'>idcirco</span> <span class='ocrx_word' id='word_1_479' title='bbox 3820 3225 3956 3283; x_wconf 85' lang='lat' dir='ltr'>im-</span> 
     </span>
     <span class='ocr_line' id='line_1_77' title="bbox 2454 3323 3959 3399; baseline 0.001 -19"><span class='ocrx_word' id='word_1_480' title='bbox 2454 3326 2767 3381; x_wconf 83' lang='lat' dir='ltr'>molarent</span> <span class='ocrx_word' id='word_1_481' title='bbox 2794 3323 3034 3386; x_wconf 78' lang='lat' dir='ltr'>Levitce</span> <span class='ocrx_word' id='word_1_482' title='bbox 3056 3323 3254 3397; x_wconf 75' lang='lat' dir='ltr'>phase</span> <span class='ocrx_word' id='word_1_483' title='bbox 3281 3324 3383 3381; x_wconf 70' lang='lat' dir='ltr'>liis</span> <span class='ocrx_word' id='word_1_484' title='bbox 3412 3323 3527 3399; x_wconf 89' lang='lat' dir='ltr'>qui</span> <span class='ocrx_word' id='word_1_485' title='bbox 3556 3342 3684 3381; x_wconf 88' lang='lat' dir='ltr'>non</span> <span class='ocrx_word' id='word_1_486' title='bbox 3724 3342 3959 3381; x_wconf 83' lang='lat' dir='ltr'>occur-</span> 
     </span>
     <span class='ocr_line' id='line_1_78' title="bbox 2454 3420 3961 3501; baseline 0.002 -21"><span class='ocrx_word' id='word_1_487' title='bbox 2454 3431 2682 3481; x_wconf 87' lang='lat' dir='ltr'>rerant</span> <span class='ocrx_word' id='word_1_488' title='bbox 2699 3422 3100 3497; x_wconf 81' lang='lat' dir='ltr'>sanctificari</span> <span class='ocrx_word' id='word_1_489' title='bbox 3119 3422 3415 3481; x_wconf 87' lang='lat' dir='ltr'>Domino.</span> <span class='ocrx_word' id='word_1_490' title='bbox 3441 3420 3549 3481; x_wconf 83' lang='lat' dir='ltr'>Est</span> <span class='ocrx_word' id='word_1_491' title='bbox 3570 3420 3791 3501; x_wconf 79' lang='lat' dir='ltr'>itaque</span> <span class='ocrx_word' id='word_1_492' title='bbox 3812 3440 3961 3485; x_wconf 80' lang='lat' dir='ltr'>sen—</span> 
     </span>
     <span class='ocr_line' id='line_1_79' title="bbox 2456 3518 3961 3600; baseline 0.001 -21"><span class='ocrx_word' id='word_1_493' title='bbox 2456 3520 2782 3600; x_wconf 81' lang='lat' dir='ltr'>suS,quod</span> <span class='ocrx_word' id='word_1_494' title='bbox 2826 3518 3011 3580; x_wconf 89' lang='lat' dir='ltr'>multi</span> <span class='ocrx_word' id='word_1_495' title='bbox 3061 3518 3317 3581; x_wconf 88' lang='lat' dir='ltr'>illorum</span> <span class='ocrx_word' id='word_1_496' title='bbox 3357 3518 3467 3599; x_wconf 91' lang='lat' dir='ltr'>qui</span> <span class='ocrx_word' id='word_1_497' title='bbox 3518 3518 3847 3581; x_wconf 85' lang='lat' dir='ltr'>debebant</span> <span class='ocrx_word' id='word_1_498' title='bbox 3890 3520 3961 3581; x_wconf 90' lang='lat' dir='ltr'>in</span> 
     </span>
     <span class='ocr_line' id='line_1_80' title="bbox 2456 3616 3957 3699; baseline 0.001 -20"><span class='ocrx_word' id='word_1_499' title='bbox 2456 3618 2589 3679; x_wconf 90' lang='lat' dir='ltr'>suis</span> <span class='ocrx_word' id='word_1_500' title='bbox 2619 3616 2913 3680; x_wconf 89' lang='lat' dir='ltr'>domibus</span> <span class='ocrx_word' id='word_1_501' title='bbox 2934 3634 3169 3697; x_wconf 84' lang='lat' dir='ltr'>agnum</span> <span class='ocrx_word' id='word_1_502' title='bbox 3192 3617 3519 3679; x_wconf 86' lang='lat' dir='ltr'>immolare</span> <span class='ocrx_word' id='word_1_503' title='bbox 3550 3617 3957 3699; x_wconf 86' lang='lat' dir='ltr'>paschalem,</span> 
     </span>
     <span class='ocr_line' id='line_1_81' title="bbox 2456 3713 3957 3796; baseline 0.002 -20"><span class='ocrx_word' id='word_1_504' title='bbox 2456 3734 2585 3778; x_wconf 93' lang='lat' dir='ltr'>non</span> <span class='ocrx_word' id='word_1_505' title='bbox 2624 3723 2803 3778; x_wconf 87' lang='lat' dir='ltr'>erant</span> <span class='ocrx_word' id='word_1_506' title='bbox 2848 3714 2937 3777; x_wconf 90' lang='lat' dir='ltr'>ita</span> <span class='ocrx_word' id='word_1_507' title='bbox 2977 3713 3322 3796; x_wconf 85' lang='lat' dir='ltr'>purificati,</span> <span class='ocrx_word' id='word_1_508' title='bbox 3364 3716 3536 3796; x_wconf 92' lang='lat' dir='ltr'>quod</span> <span class='ocrx_word' id='word_1_509' title='bbox 3586 3716 3957 3779; x_wconf 87' lang='lat' dir='ltr'>secundum</span> 
     </span>
     <span class='ocr_line' id='line_1_82' title="bbox 2459 3812 3963 3896; baseline 0.003 -21"><span class='ocrx_word' id='word_1_510' title='bbox 2459 3813 2616 3895; x_wconf 87' lang='lat' dir='ltr'>legis</span> <span class='ocrx_word' id='word_1_511' title='bbox 2647 3823 2931 3877; x_wconf 87' lang='lat' dir='ltr'>tenorem</span> <span class='ocrx_word' id='word_1_512' title='bbox 2961 3821 3253 3896; x_wconf 87' lang='lat' dir='ltr'>poterant</span> <span class='ocrx_word' id='word_1_513' title='bbox 3281 3832 3517 3893; x_wconf 85' lang='lat' dir='ltr'>agnum</span> <span class='ocrx_word' id='word_1_514' title='bbox 3546 3812 3789 3877; x_wconf 81' lang='lat' dir='ltr'>offerre</span> <span class='ocrx_word' id='word_1_515' title='bbox 3824 3835 3963 3879; x_wconf 87' lang='lat' dir='ltr'>ma-</span> 
     </span>
     <span class='ocr_line' id='line_1_83' title="bbox 2458 3911 3966 3994; baseline 0.001 -19"><span class='ocrx_word' id='word_1_516' title='bbox 2458 3913 2647 3975; x_wconf 90' lang='lat' dir='ltr'>nibus</span> <span class='ocrx_word' id='word_1_517' title='bbox 2690 3913 2822 3975; x_wconf 90' lang='lat' dir='ltr'>suis</span> <span class='ocrx_word' id='word_1_518' title='bbox 2867 3911 2933 3973; x_wconf 91' lang='lat' dir='ltr'>in</span> <span class='ocrx_word' id='word_1_519' title='bbox 2963 3911 3239 3994; x_wconf 84' lang='lat' dir='ltr'>propriis</span> <span class='ocrx_word' id='word_1_520' title='bbox 3271 3912 3535 3975; x_wconf 84' lang='lat' dir='ltr'>aedibus.</span> <span class='ocrx_word' id='word_1_521' title='bbox 3569 3912 3814 3976; x_wconf 87' lang='lat' dir='ltr'>Idcirco</span> <span class='ocrx_word' id='word_1_522' title='bbox 3844 3914 3966 3977; x_wconf 87' lang='lat' dir='ltr'>Le·</span> 
     </span>
     <span class='ocr_line' id='line_1_84' title="bbox 2458 4009 3959 4094; baseline 0.001 -21"><span class='ocrx_word' id='word_1_523' title='bbox 2458 4012 2605 4075; x_wconf 81' lang='lat' dir='ltr'>vitae</span> <span class='ocrx_word' id='word_1_524' title='bbox 2639 4014 2769 4094; x_wconf 87' lang='lat' dir='ltr'>jam</span> <span class='ocrx_word' id='word_1_525' title='bbox 2816 4009 3165 4093; x_wconf 84' lang='lat' dir='ltr'>purificati,</span> <span class='ocrx_word' id='word_1_526' title='bbox 3215 4010 3583 4073; x_wconf 89' lang='lat' dir='ltr'>obtulerunt</span> <span class='ocrx_word' id='word_1_527' title='bbox 3627 4030 3745 4093; x_wconf 93' lang='lat' dir='ltr'>pro</span> <span class='ocrx_word' id='word_1_528' title='bbox 3794 4013 3959 4091; x_wconf 83' lang='lat' dir='ltr'>illis,</span> 
     </span>
     <span class='ocr_line' id='line_1_85' title="bbox 2459 4108 3965 4193; baseline 0.001 -21"><span class='ocrx_word' id='word_1_529' title='bbox 2459 4120 2833 4193; x_wconf 89' lang='lat' dir='ltr'>partemque</span> <span class='ocrx_word' id='word_1_530' title='bbox 2853 4108 3181 4189; x_wconf 86' lang='lat' dir='ltr'>sanguinis</span> <span class='ocrx_word' id='word_1_531' title='bbox 3200 4109 3347 4188; x_wconf 83' lang='lat' dir='ltr'>agni</span> <span class='ocrx_word' id='word_1_532' title='bbox 3369 4108 3567 4172; x_wconf 90' lang='lat' dir='ltr'>oblati</span> <span class='ocrx_word' id='word_1_533' title='bbox 3590 4110 3965 4173; x_wconf 86' lang='lat' dir='ltr'>attulerunt</span> 
     </span>
    </p>
   </div>
   <div class='ocr_carea' id='block_1_13' title="bbox 2377 4206 3965 4289">
    <p class='ocr_par' dir='ltr' id='par_1_15' title="bbox 2377 4206 3965 4289">
     <span class='ocr_line' id='line_1_86' title="bbox 2377 4206 3965 4289; baseline -0.003 -12"><span class='ocrx_word' id='word_1_534' title='bbox 2377 4214 2429 4277; x_wconf 91' lang='lat' dir='ltr'>D</span> <span class='ocrx_word' id='word_1_535' title='bbox 2459 4207 2913 4285; x_wconf 89' lang='lat' dir='ltr'>sacerdotibus,</span> <span class='ocrx_word' id='word_1_536' title='bbox 2967 4215 3037 4268; x_wconf 91' lang='lat' dir='ltr'>ut</span> <span class='ocrx_word' id='word_1_537' title='bbox 3086 4206 3461 4270; x_wconf 83' lang='lat' dir='ltr'>funderetur</span> <span class='ocrx_word' id='word_1_538' title='bbox 3508 4226 3697 4289; x_wconf 90' lang='lat' dir='ltr'>super</span> <span class='ocrx_word' id='word_1_539' title='bbox 3749 4207 3965 4273; x_wconf 83' lang='lat' dir='ltr'>altare</span> 
     </span>
    </p>
   </div>
   <div class='ocr_carea' id='block_1_14' title="bbox 2457 4306 3969 5377">
    <p class='ocr_par' dir='ltr' id='par_1_16' title="bbox 2457 4306 2836 4370">
     <span class='ocr_line' id='line_1_87' title="bbox 2457 4306 2836 4370; baseline -0.011 1"><span class='ocrx_word' id='word_1_540' title='bbox 2457 4306 2836 4370; x_wconf 89' lang='lat' dir='ltr'>holocausti.</span> 
     </span>
    </p>

    <p class='ocr_par' dir='ltr' id='par_1_17' title="bbox 2458 4406 3969 5377">
     <span class='ocr_line' id='line_1_88' title="bbox 2538 4406 3949 4483; baseline 0 -14"><span class='ocrx_word' id='word_1_541' title='bbox 2538 4410 2783 4483; x_wconf 67' lang='lat' dir='ltr'>Mayna</span> <span class='ocrx_word' id='word_1_542' title='bbox 2823 4406 3021 4465; x_wconf 85' lang='lat' dir='ltr'>etiam</span> <span class='ocrx_word' id='word_1_543' title='bbox 3054 4424 3211 4481; x_wconf 79' lang='lat' dir='ltr'>pars</span> <span class='ocrx_word' id='word_1_544' title='bbox 3246 4407 3476 4481; x_wconf 82' lang='lat' dir='ltr'>populi</span> <span class='ocrx_word' id='word_1_545' title='bbox 3502 4407 3579 4465; x_wconf 85' lang='lat' dir='ltr'>de</span> <span class='ocrx_word' id='word_1_546' title='bbox 3606 4407 3949 4481; x_wconf 74' lang='lat' dir='ltr'>Ephraim</span> 
     </span>
     <span class='ocr_line' id='line_1_89' title="bbox 2458 4506 3963 4584; baseline -0.001 -19"><span class='ocrx_word' id='word_1_547' title='bbox 2458 4516 2517 4565; x_wconf 90' lang='lat' dir='ltr'>et</span> <span class='ocrx_word' id='word_1_548' title='bbox 2562 4508 2861 4567; x_wconf 89' lang='lat' dir='ltr'>Manasse</span> <span class='ocrx_word' id='word_1_549' title='bbox 2903 4514 2962 4563; x_wconf 89' lang='lat' dir='ltr'>et</span> <span class='ocrx_word' id='word_1_550' title='bbox 2997 4506 3294 4564; x_wconf 76' lang='lat' dir='ltr'>Issaclzar</span> <span class='ocrx_word' id='word_1_551' title='bbox 3336 4512 3395 4563; x_wconf 87' lang='lat' dir='ltr'>et</span> <span class='ocrx_word' id='word_1_552' title='bbox 3425 4506 3748 4573; x_wconf 85' lang='lat' dir='ltr'>Zabulon,</span> <span class='ocrx_word' id='word_1_553' title='bbox 3802 4527 3963 4584; x_wconf 69' lang='lat' dir='ltr'>quse</span> 
     </span>
     <span class='ocr_line' id='line_1_90' title="bbox 2458 4600 3963 4681; baseline 0.001 -16"><span class='ocrx_word' id='word_1_554' title='bbox 2458 4605 2863 4680; x_wconf 76' lang='lat' dir='ltr'>sanctificata</span> <span class='ocrx_word' id='word_1_555' title='bbox 2923 4622 3051 4662; x_wconf 84' lang='lat' dir='ltr'>non</span> <span class='ocrx_word' id='word_1_556' title='bbox 3102 4603 3345 4678; x_wconf 85' lang='lat' dir='ltr'>fuerat.</span> <span class='ocrx_word' id='word_1_557' title='bbox 3407 4601 3512 4663; x_wconf 85' lang='lat' dir='ltr'>Isti</span> <span class='ocrx_word' id='word_1_558' title='bbox 3570 4600 3963 4681; x_wconf 78' lang='lat' dir='ltr'>effugerunt</span> 
     </span>
     <span class='ocr_line' id='line_1_91' title="bbox 2463 4699 3963 4781; baseline 0.002 -17"><span class='ocrx_word' id='word_1_559' title='bbox 2463 4721 2688 4764; x_wconf 90' lang='lat' dir='ltr'>manus</span> <span class='ocrx_word' id='word_1_560' title='bbox 2738 4699 3157 4781; x_wconf 82' lang='lat' dir='ltr'>Assyriorum,</span> <span class='ocrx_word' id='word_1_561' title='bbox 3210 4699 3314 4769; x_wconf 84' lang='lat' dir='ltr'>vel</span> <span class='ocrx_word' id='word_1_562' title='bbox 3363 4719 3431 4761; x_wconf 91' lang='lat' dir='ltr'>se</span> <span class='ocrx_word' id='word_1_563' title='bbox 3474 4700 3963 4781; x_wconf 89' lang='lat' dir='ltr'>abscondend0‚</span> 
     </span>
     <span class='ocr_line' id='line_1_92' title="bbox 2462 4798 3969 4879; baseline -0.001 -14"><span class='ocrx_word' id='word_1_564' title='bbox 2462 4801 2561 4866; x_wconf 88' lang='lat' dir='ltr'>vcl</span> <span class='ocrx_word' id='word_1_565' title='bbox 2592 4800 2671 4862; x_wconf 91' lang='lat' dir='ltr'>ad</span> <span class='ocrx_word' id='word_1_566' title='bbox 2703 4817 2967 4879; x_wconf 87' lang='lat' dir='ltr'>regnum</span> <span class='ocrx_word' id='word_1_567' title='bbox 2996 4798 3173 4875; x_wconf 76' lang='lat' dir='ltr'>luda,</span> <span class='ocrx_word' id='word_1_568' title='bbox 3209 4806 3317 4859; x_wconf 87' lang='lat' dir='ltr'>aut</span> <span class='ocrx_word' id='word_1_569' title='bbox 3347 4798 3471 4860; x_wconf 89' lang='lat' dir='ltr'>alia</span> <span class='ocrx_word' id='word_1_570' title='bbox 3501 4817 3691 4879; x_wconf 83' lang='lat' dir='ltr'>regna</span> <span class='ocrx_word' id='word_1_571' title='bbox 3720 4802 3969 4865; x_wconf 76' lang='lat' dir='ltr'>confu-</span> 
     </span>
     <span class='ocr_line' id='line_1_93' title="bbox 2460 4896 3963 4979; baseline 0.002 -19"><span class='ocrx_word' id='word_1_572' title='bbox 2460 4898 2733 4979; x_wconf 81' lang='lat' dir='ltr'>giend03</span> <span class='ocrx_word' id='word_1_573' title='bbox 2786 4904 2851 4960; x_wconf 91' lang='lat' dir='ltr'>et</span> <span class='ocrx_word' id='word_1_574' title='bbox 2906 4896 3168 4977; x_wconf 85' lang='lat' dir='ltr'>quidam</span> <span class='ocrx_word' id='word_1_575' title='bbox 3215 4915 3291 4959; x_wconf 83' lang='lat' dir='ltr'>ex</span> <span class='ocrx_word' id='word_1_576' title='bbox 3348 4896 3449 4958; x_wconf 91' lang='lat' dir='ltr'>his</span> <span class='ocrx_word' id='word_1_577' title='bbox 3497 4908 3815 4961; x_wconf 86' lang='lat' dir='ltr'>venerunt</span> <span class='ocrx_word' id='word_1_578' title='bbox 3873 4903 3963 4963; x_wconf 88' lang='lat' dir='ltr'>ad</span> 
     </span>
     <span class='ocr_line' id='line_1_94' title="bbox 2461 4995 3965 5073; baseline 0.003 -14"><span class='ocrx_word' id='word_1_579' title='bbox 2461 4996 2743 5060; x_wconf 82' lang='lat' dir='ltr'>Ezechiae</span> <span class='ocrx_word' id='word_1_580' title='bbox 2771 4995 3292 5058; x_wconf 84' lang='lat' dir='ltr'>admonitionem.</span> <span class='ocrx_word' id='word_1_581' title='bbox 3329 4998 3610 5057; x_wconf 82' lang='lat' dir='ltr'>Comedit</span> <span class='ocrx_word' id='word_1_582' title='bbox 3630 5000 3865 5073; x_wconf 80' lang='lat' dir='ltr'>phase,</span> <span class='ocrx_word' id='word_1_583' title='bbox 3896 5002 3965 5063; x_wconf 90' lang='lat' dir='ltr'>id</span> 
     </span>
     <span class='ocr_line' id='line_1_95' title="bbox 2461 5094 3969 5178; baseline 0.001 -19"><span class='ocrx_word' id='word_1_584' title='bbox 2461 5105 2558 5159; x_wconf 91' lang='lat' dir='ltr'>est</span> <span class='ocrx_word' id='word_1_585' title='bbox 2604 5113 2837 5175; x_wconf 89' lang='lat' dir='ltr'>agnum</span> <span class='ocrx_word' id='word_1_586' title='bbox 2886 5094 3247 5176; x_wconf 89' lang='lat' dir='ltr'>paschalem</span> <span class='ocrx_word' id='word_1_587' title='bbox 3296 5114 3441 5157; x_wconf 91' lang='lat' dir='ltr'>cum</span> <span class='ocrx_word' id='word_1_588' title='bbox 3488 5095 3720 5177; x_wconf 80' lang='lat' dir='ltr'>azymis</span> <span class='ocrx_word' id='word_1_589' title='bbox 3774 5100 3969 5178; x_wconf 87' lang='lat' dir='ltr'>pani-</span> 
     </span>
     <span class='ocr_line' id='line_1_96' title="bbox 2460 5194 3969 5271; baseline -0.001 -14"><span class='ocrx_word' id='word_1_590' title='bbox 2460 5196 2599 5271; x_wconf 86' lang='lat' dir='ltr'>buS,</span> <span class='ocrx_word' id='word_1_591' title='bbox 2646 5214 2771 5254; x_wconf 90' lang='lat' dir='ltr'>non</span> <span class='ocrx_word' id='word_1_592' title='bbox 2785 5194 2995 5270; x_wconf 70' lang='lat' dir='ltr'>juata</span> <span class='ocrx_word' id='word_1_593' title='bbox 3034 5196 3204 5271; x_wconf 86' lang='lat' dir='ltr'>quod</span> <span class='ocrx_word' id='word_1_594' title='bbox 3230 5194 3545 5269; x_wconf 82' lang='lat' dir='ltr'>scriptum</span> <span class='ocrx_word' id='word_1_595' title='bbox 3588 5204 3703 5264; x_wconf 88' lang='lat' dir='ltr'>est,</span> <span class='ocrx_word' id='word_1_596' title='bbox 3736 5194 3801 5256; x_wconf 90' lang='lat' dir='ltr'>id</span> <span class='ocrx_word' id='word_1_597' title='bbox 3857 5207 3969 5261; x_wconf 85' lang='lat' dir='ltr'>est</span> 
     </span>
     <span class='ocr_line' id='line_1_97' title="bbox 2460 5291 3969 5377; baseline 0.003 -21"><span class='ocrx_word' id='word_1_598' title='bbox 2460 5294 2645 5357; x_wconf 86' lang='lat' dir='ltr'>aliter</span> <span class='ocrx_word' id='word_1_599' title='bbox 2672 5310 2864 5374; x_wconf 89' lang='lat' dir='ltr'>quam</span> <span class='ocrx_word' id='word_1_600' title='bbox 2886 5291 2987 5355; x_wconf 86' lang='lat' dir='ltr'>lex</span> <span class='ocrx_word' id='word_1_601' title='bbox 3019 5291 3227 5367; x_wconf 85' lang='lat' dir='ltr'>tradit,</span> <span class='ocrx_word' id='word_1_602' title='bbox 3264 5298 3485 5373; x_wconf 88' lang='lat' dir='ltr'>utpote</span> <span class='ocrx_word' id='word_1_603' title='bbox 3512 5292 3755 5373; x_wconf 90' lang='lat' dir='ltr'>absque</span> <span class='ocrx_word' id='word_1_604' title='bbox 3786 5314 3969 5377; x_wconf 79' lang='lat' dir='ltr'>prae-</span> 
     </span>
    </p>
   </div>
   <div class='ocr_carea' id='block_1_15' title="bbox 4268 3216 4276 6235">
    <p class='ocr_par' dir='ltr' id='par_1_18' title="bbox 4268 3216 4276 6235">
     <span class='ocr_line' id='line_1_98' title="bbox 4268 3216 4276 6235; baseline 0 0"><span class='ocrx_word' id='word_1_605' title='bbox 4268 3216 4276 6235; x_wconf 95' lang='lat' dir='ltr'> </span> 
     </span>
    </p>
   </div>
  </div>
 </body>
</html>
