4309 6259
947 531 1298 578 munnio
1341 532 1402 577 m
1444 532 1580 577 car.
1629 532 1756 578 xvu
1800 531 1955 578 unm
1998 533 2223 587 Quam-1
2266 534 2487 579 nanum.
2534 555 2615 564 —
2656 536 2797 581 Aur.
2846 535 2930 581 xx
3400 517 3481 582 69

447 706 808 782 Italusque
849 712 940 763 est
982 705 1304 765 Dominus
1351 706 1748 763 vehementer
1787 706 1881 763 Is-
1910 700 1962 763 A
1992 710 2142 764 runt
2172 721 2287 784 pro
2318 721 2463 783 rege
2504 704 2712 785 ipsum
2744 705 3097 768 Jeroboam.
3134 707 3480 783 Separavit

351 803 568 869 raeli,
610 811 670 860 et
713 803 984 863 abstulit
1026 821 1125 861 eos
1177 822 1216 862 a
1261 811 1596 878 conspectu
1644 822 1778 873 su0,
1817 800 1878 862 id
1990 804 2167 862 enim
2210 805 2537 863 Jeroboam
2586 807 2793 865 Israel
2838 826 2879 864 a
2910 806 3182 865 Domino
3224 808 3378 874 Dee,
3419 814 3479 865 et

353 908 490 975 est,
537 898 797 981 pietatis
844 919 974 962 suae
1018 908 1404 982 respectum,
1439 899 1878 963 defensionem
1981 920 2247 977 peccare
2291 920 2390 960 eos
2438 903 2591 981 fecit
2632 913 2966 979 peccatum
3016 921 3350 979 m-aqnum.
3394 904 3480 964 E't

359 1004 436 1059 et
467 1015 663 1079 opem
696 998 789 1060 eis
823 998 1170 1072 subtraxit3
1205 998 1331 1075 vel,
1357 997 1635 1060 Abstulit
1664 1018 1771 1062 eos
1803 999 1880 1061 de
1989 1000 2490 1059 ambulaverunt
2517 1001 2653 1077 filii
2672 1003 2878 1061 Israel
2905 1002 2977 1061 in
3010 1001 3330 1061 universis
3340 1019 3480 1077 pec-

361 1104 733 1177 conspeetu
765 1114 906 1173 su0,
941 1096 1005 1159 id
1051 1106 1146 1159 est
1188 1098 1267 1159 de
1301 1105 1470 1159 terra
1513 1095 1883 1179 promissio-
1989 1098 2151 1157 catis
2178 1099 2534 1167 Jeroboam,
2566 1118 2707 1177 quae
2735 1100 3002 1175 fecerat,
3031 1108 3092 1160 et
3120 1118 3249 1159 non
3287 1119 3479 1158 reces-

365 1194 505 1270 niS,
541 1214 740 1276 quam
772 1204 834 1258 et
865 1196 1050 1277 eujus
1097 1194 1556 1258 inhabitatores
1600 1195 1754 1258 olim
1781 1196 1883 1277 ju·
1989 1203 2214 1255 serunt
2244 1197 2325 1254 ab
2352 1196 2465 1266 eis,
2498 1216 2823 1277 usquequo
2846 1198 3160 1260 Dominus
3188 1199 3479 1277 auferret

365 1302 514 1357 stos
553 1294 894 1358 consuevit
923 1313 1066 1356 cum
1100 1294 1362 1376 speciali
1394 1294 1720 1376 adspicere
1751 1294 1884 1376 pie-
1994 1296 2198 1355 Israel
2227 1315 2265 1353 a
2295 1295 2469 1370 facie
2495 1315 2641 1365 sua,
2673 1297 2839 1355 sicut
2873 1300 3117 1357 locutus
3151 1297 3373 1372 fuerat
3402 1296 3472 1355 in

93 1392 838 1467 neue.x1,tate‚sieutin
869 1393 1358 1456 Deuteronomio
1390 1392 1668 1471 legitur:
1703 1393 1878 1457 Oculi

365 1490 638 1554 Domini
669 1490 782 1553 Dei
816 1491 908 1553 tui
944 1491 1010 1552 in
1043 1509 1118 1554 ea
1147 1500 1337 1567 sunt;
1378 1502 1439 1552 et
1471 1512 1600 1552 non
1631 1512 1883 1553 reman-

362 1592 489 1659 sit,
523 1589 786 1652 interra
818 1588 1287 1671 promissioniS,
1312 1592 1446 1651 nisi
1478 1592 1682 1650 tribus
1706 1593 1880 1652 Iuda

369 1690 860 1757 tantummode,
882 1686 947 1748 id
977 1694 1074 1748 est
1103 1686 1380 1769 populus
1414 1686 1593 1767 regni
1612 1688 1790 1765 suda,
1813 1695 1882 1750 ut

367 1786 444 1847 in
489 1785 668 1848 tribu
708 1786 868 1847 Juda
907 1785 1349 1866 intelligantur
1389 1785 1632 1848 includi
1676 1786 1879 1848 tribus

1991 1413 2195 1452 manu
2224 1395 2519 1454 omnium
2549 1414 2877 1455 servorum
2906 1414 3175 1455 suorum
3195 1396 3478 1473 Prophe-

1992 1502 2232 1552 tarum.
2276 1495 2778 1571 Translatusque
2818 1502 2907 1554 est
2937 1496 3142 1554 Israel
3183 1495 3263 1552 de
3306 1502 3479 1555 terra

1988 1611 2107 1651 sua
2139 1592 2213 1649 in
2242 1592 2542 1667 Assyrios
2572 1610 2769 1671 usque
2801 1594 2872 1651 in
2902 1593 3076 1652 diem
3105 1594 3291 1651 hanc,

2069 1690 2377 1749 Adduoeit
2424 1698 2640 1749 autem
2690 1709 2806 1748 rea)
2836 1691 3256 1766 Assyriorum
3306 1692 3477 1749 viros

1989 1791 2069 1847 de
2089 1790 2439 1865 Babylone,
2463 1798 2523 1847 et
2542 1790 2622 1848 de
2645 1790 2872 1860 Cutha,
2896 1798 2955 1849 et
2980 1792 3061 1848 de
3078 1791 3294 1859 Avalz,
3312 1799 3371 1849 et
3399 1792 3479 1849 de

365 1883 532 1947 Levi
578 1904 654 1947 ae
685 1884 1044 1965 Benjamin,
1075 1884 1258 1967 juxta
1301 1903 1559 1947 sensum
1598 1903 1726 1966 quo
1775 1904 1881 1967 po-
1917 1888 1964 1951 B
1999 1888 2257 1957 Emath,
2303 1896 2362 1946 et
2408 1890 2488 1945 de
2515 1889 2973 1964 Sepkarvaim‚
3005 1886 3069 1949 id
3117 1895 3213 1949 est
3260 1888 3338 1949 de
3384 1887 3479 1950 di-

367 1983 538 2045 steri
597 1983 799 2045 David
852 1983 1156 2046 dicuntur
1204 2001 1398 2065 super
1445 1992 1674 2046 terram
1723 1984 1882 2046 Juda

371 2090 632 2144 tantum
662 2100 986 2163 regnasse.
1011 2080 1222 2143 Nihilo
1243 2082 1454 2143 minus
1488 2082 1880 2163 temporibus

365 2181 618 2262 quibus
637 2199 820 2261 reges
834 2180 1236 2263 Assyriorum
1258 2182 1736 2263 captivaverunt
1757 2190 1880 2245 tres

367 2279 610 2358 tribue,
647 2288 714 2343 et
762 2288 982 2362 postea
1030 2290 1296 2363 septem,
1341 2279 1528 2343 multi
1579 2280 1760 2345 valde
1806 2300 1880 2345 ex

367 2380 604 2443 decem
648 2378 948 2441 tribubus
981 2377 1284 2458 fugerunt
1322 2379 1399 2441 ad
1441 2397 1636 2459 regna
1671 2378 1884 2443 vicina

369 2498 494 2561 per
535 2496 792 2560 gyrum,
826 2486 1018 2560 atque
1059 2478 1126 2540 in
1178 2478 1334 2541 locis
1383 2477 1615 2540 abditis
1663 2479 1742 2540 ad
1793 2499 1883 2543 re-

365 2596 579 2658 gnum
628 2578 790 2639 Juda
837 2596 906 2640 se
956 2577 1450 2653 absconderunt,
1485 2596 1558 2640 ae
1600 2584 1745 2658 post
1792 2594 1883 2639 re-

367 2696 638 2740 cessum
669 2676 1074 2758 Assyriorum
1121 2676 1447 2739 redierunt
1489 2677 1567 2739 ad
1612 2675 1884 2758 pristina

369 2776 544 2840 loca.
569 2774 754 2837 Unde
786 2774 1160 2855 frequenter
1190 2773 1268 2836 fit
1298 2774 1540 2838 mentio
1570 2776 1650 2837 de
1681 2784 1884 2856 poste-

371 2875 572 2937 ritate
602 2874 826 2937 decem
859 2871 1165 2949 tribuum,
1198 2892 1341 2955 quae
1371 2881 1589 2955 postea
1620 2874 1686 2935 in
1717 2882 1885 2936 terra

375 2971 838 3057 promissionis
869 2980 966 3034 est
995 2979 1404 3034 commorata.
1441 2975 1571 3033 Sed
1599 2992 1714 3032 nec
1753 2975 1886 3050 ipse
3564 3052 3569 3057 ⁸

371 3076 559 3136 Juda
590 3072 944 3132 custodivit
968 3073 1283 3131 mandata
1305 3072 1573 3131 Domini
1589 3074 1712 3132 Dei
1739 3073 1883 3132 sui:
1919 3070 1964 3136 C
1994 3067 2057 3130 id
2102 3075 2200 3130 est
2243 3066 2477 3129 multos
2524 3065 2804 3129 illorum.
2830 3069 3354 3149 Nuntiatumque
3391 3080 3482 3131 est

1990 1984 2192 2045 versis
2238 1983 2493 2065 imperii
2530 1984 2629 2046 sui
2675 1984 3023 2066 provinciis
3053 1987 3385 2067 quosdam,
3417 1996 3479 2047 et

1987 2084 2321 2142 collocavit
2351 2102 2451 2141 eos
2486 2084 2557 2142 in
2588 2084 2964 2143 civitatibus
2993 2085 3319 2146 Samariae
3352 2104 3477 2162 pro

1985 2182 2150 2258 filiis
2197 2183 2423 2241 Israel.
2462 2183 2588 2249 Qui
2627 2184 3042 2257 possederunt
3071 2184 3471 2256 Samariam,

1991 2278 2053 2340 id
2087 2286 2183 2341 est
2213 2278 2437 2341 urbem
2482 2278 2885 2360 metropolim
2919 2298 3030 2341 seu
3077 2278 3473 2361 provinciam

1987 2377 2080 2439 sic
2131 2384 2439 2453 vocatam,
2488 2388 2548 2438 et
2594 2380 3049 2439 habitaverunt
3091 2381 3163 2439 in
3210 2380 3478 2440 urbibus

1987 2478 2123 2537 suis
2136 2478 2181 2547 *‚
2204 2484 2277 2537 ut
2295 2474 2393 2536 illi
2416 2475 2537 2537 sibi
2560 2484 2771 2539 essent
2793 2474 3041 2553 fideles,
3068 2496 3186 2539 neo
3206 2477 3475 2541 rebelles
3546 2495 3565 2517 ·

1990 2594 2128 2637 esse
2160 2582 2616 2655 praesumerent
2647 2574 2811 2637 sicut
2840 2574 2961 2636 filii
2990 2575 3201 2637 Israel.
3236 2579 3479 2645 Quum-

1989 2694 2110 2753 que
2158 2672 2248 2735 ibi
2300 2675 2670 2733 inhabitare
2717 2674 3075 2750 acepissent,
3118 2694 3248 2735 non
3301 2676 3479 2737 time-

1991 2774 2146 2833 bant
2175 2774 2552 2842 Dominum,
2586 2771 2696 2833 sed
2727 2769 2899 2833 idola
2927 2791 3043 2833 sua
3070 2772 3384 2850 colebant,
3409 2773 3477 2835 in

1991 2888 2267 2950 quorum
2297 2870 2473 2931 cultu
2505 2867 2757 2931 fuerant
2786 2870 3058 2931 educati.
3090 2872 3177 2932 Et
3207 2872 3481 2933 immisit

1991 2971 2081 3028 eis
2109 2970 2429 3030 Dominus
2461 2972 2665 3028 leones
2696 2971 2814 3047 qui
2853 2971 3325 3046 interficiebant
3354 2966 3480 3042 eos,

68 3192 232 3249 tunm.
249 3207 336 3244 m
375 3170 694 3253 quoniam
740 3168 926 3230 multi
967 3187 1148 3249 reges
1194 3168 1374 3245 Juda,
1427 3168 1725 3232 videlicet
1771 3170 1887 3231 Ro·
1993 3167 2133 3243 reyi
2162 3166 2612 3242 Assyrio-rum,
2642 3175 2702 3226 et
2732 3168 3042 3227 dictum:
3068 3169 3293 3229 Gentes
3320 3188 3483 3247 quas

67 3258 134 3297 ‘¹'
139 3260 214 3307 4·
258 3272 338 3308 ¹'·
377 3270 602 3344 boam,
635 3266 820 3343 Abia,
842 3266 1074 3343 Joram,
1101 3266 1388 3341 AhaziaS,
1412 3267 1578 3343 JoaS,
1603 3267 1886 3329 Amasias
1998 3265 2395 3326 transtulisti
2422 3274 2482 3325 et
2512 3266 2807 3325 habitare
2834 3266 3052 3341 fecisti
3094 3268 3167 3326 in
3197 3267 3484 3327 civitati-

67 3291 338 3461 ϊιιξξῗῖ.
377 3378 448 3431 et
479 3367 692 3431 Aehaz
723 3366 802 3428 ad
827 3363 1252 3428 idololatriam
1276 3372 1338 3427 et
1360 3365 1484 3427 alia
1514 3365 1669 3428 vitia
1696 3366 1889 3428 deeli-

69 3448 342 3613 2⁶·}·⁷,²„¹¹‚'·
379 3473 708 3529 naverunt
737 3483 884 3527 eum
915 3462 1192 3525 maxima
1210 3470 1389 3544 parte
1418 3462 1640 3545 populi
1673 3463 1794 3540 sui,
1818 3472 1888 3525 ut

209 3574 340 3621 0³2-ss
381 3572 556 3648 patet
595 3582 674 3626 ex
727 3561 1162 3644 praeinductis.
1216 3561 1359 3623 Ideo
1408 3561 1751 3623 subditur.
1789 3582 1888 3621 ve-

71 3637 204 3678 io—tS.

81 4661 132 4763 ¹¹¹}
147 4662 256 4715 Rev
267 4674 364 4707 m
395 4656 609 4710 tamen
643 4644 839 4707 etiam
885 4642 1006 4705 sub
1035 4642 1176 4705 Elia
1205 4650 1448 4725 septem
1479 4642 1684 4705 millia
1713 4650 1892 4704 erant

141 5053 262 5097 md.
285 5066 368 5098 ιιι.
405 5050 676 5117 tempore
719 5058 844 5118 quo
883 5038 1116 5097 scissus
1155 5046 1246 5096 est
1275 5038 1504 5105 Israel,
1536 5034 1598 5097 id
1643 5042 1739 5097 est
1785 5052 1897 5115 po-

87 5122 154 5159 1⁴³.
179 5120 248 5159 2⁰.

383 3673 762 3725 rumtamen
800 3661 1048 3721 erravit
1088 3669 1148 3720 et
1188 3663 1552 3721 ambulavit
1596 3662 1666 3721 in
1716 3680 1886 3719 erro-

381 3764 586 3831 ribus,
621 3760 688 3822 id
731 3768 828 3821 est
859 3757 1259 3834 idololatriiS,
1287 3757 1642 3840 ceterisque
1673 3776 1888 3840 pecea-

333 3858 342 3865 ’
385 3859 492 3935 tis,
530 3862 764 3929 Israel,
791 3856 856 3918 id
877 3864 974 3918 est
994 3856 1214 3919 decem
1247 3855 1530 3918 tribuum
1563 3876 1635 3919 ae
1668 3875 1884 3937 regum

383 3978 633 4033 earum,
667 3976 826 4035 quos
856 3964 1154 4032 operatus
1181 3956 1428 4031 fuerat.

467 4056 888 4134 Projecitque
913 4055 1256 4125 Dominus,
1292 4052 1358 4114 id
1398 4060 1514 4129 est,
1549 4072 1664 4115 sua
1705 4054 1889 4117 mise-

386 4154 672 4220 ricordia
699 4150 1055 4234 justissime
1077 4150 1313 4232 repulit
1333 4158 1443 4212 aut
1465 4150 1745 4233 reliquit,
1765 4174 1890 4213 om-

1994 3366 2108 3423 bus
2154 3364 2502 3432 Samarioe,
2534 3364 2838 3439 iynorant
2880 3364 3171 3439 quitima
3203 3366 3325 3424 Dei
3367 3374 3484 3424 ter·-

1994 3482 2107 3532 rae,
2131 3460 2194 3522 id
2219 3467 2315 3521 est
2344 3459 2781 3522 observantias
2807 3459 3039 3540 legales
3070 3480 3143 3523 ao
3161 3460 3481 3543 jussiones

1992 3559 2104 3622 Dei
2133 3558 2347 3634 Israel,
2380 3568 2440 3619 et
2479 3561 2752 3620 immisit
2783 3562 2855 3620 in
2884 3580 2985 3620 eos
3013 3563 3333 3623 Dominus
3363 3566 3484 3623 leo-

1993 3679 2124 3719 nes.
2172 3657 2316 3719 Fuit
2364 3665 2572 3719 autem
2624 3656 2843 3739 opinio
2891 3657 3237 3721 multorum
3283 3661 3484 3739 genti-

1992 3757 2176 3832 lium,
2212 3756 2382 3838 quod
2411 3755 2681 3819 diversis
2713 3756 2897 3818 terris
2927 3776 3000 3819 ac
3031 3757 3244 3837 regnis
3275 3758 3483 3822 diver-

1994 3857 2048 3919 si
2088 3855 2179 3918 dii
2210 3862 2573 3937 praeessent,
2610 3872 2880 3936 quorum
2914 3854 3187 3935 quilibet
3216 3854 3283 3917 in
3316 3862 3483 3919 terra

1995 3974 2124 4017 suae
2155 3952 2501 4035 provinciae
2532 3951 2805 4028 subdita,
2842 3952 3035 4016 vellet
3065 3952 3212 4014 coli.
3236 3955 3324 4014 Et
3349 3974 3483 4013 eece

1995 4056 2064 4113 in
2075 4054 2404 4129 terficiunt
2448 4071 2575 4119 eos,
2604 4070 2672 4109 eo
2716 4054 2887 4129 quod
2938 4052 3236 4127 iquorem
3276 4054 3482 4113 ritum

1997 4152 2118 4212 Dei
2168 4160 2370 4211 terroe.
2413 4151 2706 4225 Proeoepi
2711 4159 2733 4209 t
2780 4158 2995 4209 autem
3043 4170 3162 4209 rem
3189 4151 3483 4227 Assyrio-

385 4278 466 4317 ηε
494 4272 712 4315 semen
745 4253 980 4320 Israel,
1011 4249 1073 4311 id
1112 4258 1229 4326 est,
1266 4250 1484 4313 decem
1525 4249 1730 4313 tribus
1773 4272 1888 4334 pro
1923 4256 1970 4317 D
1996 4270 2174 4317 rum,
2203 4250 2421 4308 dicens
2451 4268 2473 4306 .·
2494 4238 2725 4309 Ducite
2755 4249 2917 4307 illuc
2944 4267 3152 4308 unum
3180 4252 3259 4309 de
3284 4269 3484 4309 sacer-

387 4351 670 4416 maxima
731 4356 911 4431 parte
956 4366 1030 4410 ac
1081 4365 1258 4427 reges
1308 4366 1524 4410 earum
1577 4346 1883 4428 reliquit:

391 4452 634 4531 itaque,
669 4446 870 4511 Omne
920 4464 1138 4509 semen
1183 4445 1395 4523 lsrael,
1443 4446 1507 4507 id
1557 4453 1654 4509 est
1700 4464 1891 4527 quos-

393 4550 564 4625 dam,
595 4547 728 4609 imo
757 4553 823 4608 et
854 4545 1090 4607 multos
1121 4545 1200 4607 de
1241 4544 1514 4625 singulis
1545 4544 1884 4607 tribubus:

1996 4348 2249 4409 dotibus
2279 4365 2433 4425 quos
2453 4347 2607 4405 inde
2624 4347 2907 4422 captivos
2935 4345 3060 4409 huc
3087 4349 3484 4418 adduoeistis,

1997 4456 2070 4507 ut
2111 4447 2309 4505 vadat
2338 4452 2399 4503 et
2428 4444 2666 4503 habitet
2701 4464 2847 4503 cum
2879 4446 2996 4514 εἰς,
3024 4455 3085 4505 et
3126 4448 3345 4507 doceat
3386 4467 3507 4523 eos,

1999 4545 2291 4621 leyitima
2318 4543 2443 4602 Dei
2474 4551 2657 4602 terroe
2687 4540 2885 4605 illius·

2079 4644 2301 4718 Iyitur
2330 4660 2531 4719 quum
2578 4642 2845 4700 venisset
2876 4659 3048 4700 unus
3086 4644 3163 4701 de
3202 4645 3489 4703 sacerdo-

2003 4742 2171 4801 tibus
2200 4740 2302 4799 his
2332 4739 2449 4816 qui
2476 4738 2722 4813 captivi
2750 4740 2934 4797 ducti
2959 4739 3230 4814 fuerant
3256 4742 3336 4799 de
3369 4742 3489 4801 Sa-

2003 4838 2245 4905 maria,
2276 4836 2597 4895 habitavit
2636 4838 2709 4894 in
2738 4838 2987 4905 Bethel,
3018 4845 3077 4896 et
3106 4839 3361 4898 docebat
3389 4859 3491 4899 eos

2004 4935 2112 4996 ille
2133 4933 2449 5009 sacerd08‚
2476 4936 2787 5011 quomodo
2807 4936 3080 4994 colerent
3098 4936 3488 4996 Dominum:

2005 5032 2228 5095 saltem
2262 5050 2337 5094 eo
2368 5032 2558 5094 modo
2587 5050 2715 5113 quo
2746 5031 2963 5093 decem
2989 5031 3189 5094 tribus
3218 5032 3351 5114 jam
3381 5034 3491 5095 diu

2004 5150 2150 5194 eum
2182 5129 2531 5206 coluerant,
2556 5148 2697 5211 quoe
2718 5147 2863 5191 cum
2885 5128 3005 5192 hoc
3034 5129 3254 5192 vitulis
3283 5130 3493 5194 aureis

2006 5248 2077 5292 ae
2111 5228 2299 5290 idolis
2342 5227 2717 5291 servierunt.
2755 5226 2855 5290 Sic
2895 5235 2956 5290 et
2987 5227 3090 5289 isti
3134 5228 3497 5291 didicerunt

2007 5326 2371 5409 aliqualiter
2416 5344 2615 5387 unum
2661 5344 2981 5387 summum
3021 5326 3215 5389 Deum
3265 5344 3497 5407 eogno-

395 4746 716 4825 justorum
756 4740 825 4802 in
857 4740 1104 4803 Israelis
1150 4758 1380 4820 regn03
1411 4751 1471 4801 et
1501 4741 1742 4817 afflixit
1769 4760 1893 4810 eos,

395 4852 454 4903 et
486 4842 767 4903 tradidit
795 4858 898 4899 eos
917 4839 990 4898 in
1024 4858 1258 4899 manus
1285 4840 1768 4915 diripientzQum
1789 4840 1895 4896 do-

401 4961 513 5002 nec
549 4940 902 5019 projiceret
944 4958 1043 4997 eos
1083 4959 1122 4998 a
1153 4939 1328 5014 facie
1364 4958 1505 5008 sua,
1538 4958 1618 4996 ea·
1659 4956 1726 4995 eo
1742 4958 1894 5013 jam

407 5138 592 5219 pulus
635 5137 856 5199 decem
911 5133 1219 5210 tribuum,
1264 5154 1302 5193 a
1354 5137 1536 5195 domo
1568 5134 1812 5201 David,
1837 5140 1895 5191 et

407 5237 881 5296 constituerunt
908 5234 1036 5292 sibi
1073 5252 1285 5309 reyem
1322 5234 1648 5293 Jeroboam
1680 5233 1898 5307 filium

415 5334 648 5403 Nabal,
677 5333 798 5395 hoe
837 5338 936 5393 est
964 5348 1002 5391 a
1044 5337 1328 5412 tempore
1373 5348 1500 5411 quo
1537 5346 1900 5409 assumpse-

3592 2495 3691 2553 qius
