4309 6259
583 4420 751 4465 naith.

529 4496 655 4533 xxvu.
687 4486 753 4527 25.

529 4607 738 4713 ¹gThaem.
751 4622 796 4659 n,

519 5112 681 5157 Joann.
697 5113 765 5161 x.7
778 5142 790 5155 .

835 471 955 535 384

1713 489 2060 537 mannum
2103 490 2166 535 m
2208 489 2343 535 CAP-
2394 490 2429 533 V
2470 489 2596 535 101³.
2642 508 2725 519 -
2763 490 2907 537 ΛΒΤ.
2942 490 3046 536 xv!

835 660 988 723 serit
1019 680 1125 725 eos
1155 664 1446 747 posuisse
1486 662 1682 727 vitam
1718 670 1862 744 post
1899 663 2064 725 hanc
2101 661 2321 737 vitam,
2355 660 2405 723 A
2434 669 2551 737 est,
2586 680 2809 726 verum
2839 669 2957 724 est.
2994 665 3173 731 Quod
3202 664 3505 723 auditum
3533 679 3570 722 a
3600 679 3725 736 me,
3748 680 3942 721 men—

833 778 944 822 seu
984 762 1266 825 animam
1308 761 1752 838 immortalem,
1799 780 1988 842 quam
2030 760 2140 823 alii
2186 760 2327 842 qui-

831 858 976 919 dam
1009 868 1363 923 asserentes
1398 858 1784 941 oppositum.

928 955 1272 1033 Postremo,
1324 957 1630 1041 quoniam
1689 955 1950 1039 Eliphaz
2009 956 2325 1020 rhetorice

829 1054 1200 1137 disputavit,
1237 1057 1303 1118 in
1337 1055 1472 1119 fine
1503 1073 1858 1118 sermonem
1891 1074 2077 1117 suum
2106 1056 2185 1118 de
2216 1057 2326 1118 du-

829 1151 990 1215 obus
1019 1154 1440 1231 commendat,
1466 1153 1784 1230 videlicet,
1820 1154 1989 1235 quod
2020 1153 2323 1236 probatus

830 1251 1091 1314 exsistat
1137 1261 1200 1315 ct
1245 1272 1455 1317 verus,
1509 1256 1670 1314 Ecce
1715 1256 1852 1324 hoc,
1899 1260 2103 1315 totum
2151 1253 2323 1333 quod

829 1368 1002 1412 nunc
1051 1350 1373 1414 introduxi
1422 1350 1487 1413 in
1536 1350 1678 1412 istis
1722 1349 1971 1413 duobus
2025 1350 2323 1433 capitulis

829 1457 1051 1511 contra
1087 1456 1170 1525 te,
1207 1459 1280 1510 ut
1311 1451 1869 1528 investigavimus,
1900 1467 2014 1531 per
2054 1449 2325 1530 diligen-

831 1555 957 1609 tem
977 1546 1552 1610 considerationem
1573 1554 1636 1609 et
1655 1546 2007 1610 orationem
2028 1547 2107 1609 ad
2127 1548 2324 1610 Deum

829 1663 944 1727 pro
993 1664 1108 1707 sua
1159 1644 1630 1709 illuminatione
1681 1644 1912 1723 fusam,
1957 1648 2052 1707 ita
2101 1656 2211 1719 est,
2257 1646 2321 1708 id

2437 769 2493 819 te
2524 767 2879 837 pertracta,
2919 759 2983 820 id
3032 766 3148 835 est,
3192 758 3552 822 mentaliter
3594 775 3813 839 pensa,
3858 764 3943 819 ut

2436 856 2771 921 revertaris
2810 857 2888 919 ad
2927 876 3036 920 cor
3075 866 3139 921 et
3175 856 3533 937 corrigaris.
3566 856 3639 917 Et
3678 856 3741 917 in
3772 854 3931 931 hoc,

2434 955 2780 1018 secundum
2820 954 3214 1036 Gregorium,
3260 955 3519 1037 Eliphaz
3560 949 3940 1016 animositass

2433 1061 2559 1116 tem
2612 1073 2791 1116 suam
2840 1054 3137 1117 ostendit.
3184 1054 3302 1117 Sed
3349 1054 3448 1133 (ut
3494 1061 3639 1115 ante
3682 1059 3933 1115 tactum

2433 1160 2548 1229 est,
2574 1160 2637 1215 et
2665 1151 2933 1215 Thomas
2957 1152 3239 1233 fatetur),
3264 1152 3553 1233 quaedam
3583 1150 3931 1213 verborum

2433 1250 2693 1336 Eliphaz
2744 1252 3093 1314 secundum
3132 1252 3270 1333 ejus
3316 1249 3730 1313 intentionem
3776 1248 3935 1310 uni-

2436 1350 2766 1413 versaliter
2786 1370 2935 1414 vera
2966 1369 3093 1414 non
3126 1360 3292 1427 sunt,
3313 1348 3607 1431 quamvis
3638 1347 3935 1429 aliquan-

2433 1448 2513 1511 do
2560 1448 2946 1530 impleantur
2990 1468 3004 1511 :
3050 1449 3179 1512 imo
3226 1447 3565 1531 promissio
3612 1446 3733 1507 ista
3772 1464 3935 1527 pro-

2435 1546 2755 1629 speritatis
2800 1548 2932 1629 jam
2992 1556 3179 1625 tacta,
3234 1548 3299 1609 in
3353 1546 3492 1628 ipso
3537 1544 3651 1607 Job
3698 1552 3931 1625 postea

2432 1644 2741 1709 effectum
2779 1647 3003 1711 sortita
3040 1655 3157 1711 est.

1911 2072 2560 2160 ARTICULUS
2636 2074 2835 2159 XVI

1557 2349 1871 2394 anTIGA
1933 2348 2251 2394 nussum!

2312 2346 2653 2393 CAPITULI
2714 2345 3187 2391 ExPLANATm.

833 2624 1334 2836 QUALITER
1372 2626 1700 2690 exordium
1741 2626 2171 2708 praeelucidati
2206 2626 2321 2688 hu·
2358 2624 2403 2685 B
2431 2634 2667 2688 turum.
2708 2626 2886 2690 Unde
2929 2626 3181 2690 Simeon
3222 2625 3313 2688 ait
3348 2626 3429 2689 de
3463 2625 3709 2688 Christo
3742 2643 3757 2687 :
3802 2626 3923 2690 Po·
3990 2645 4269 2693 Laenas.

981 2726 1085 2807 jus
1114 2725 1379 2808 capituli
1412 2724 1760 2807 unicuique
1787 2724 1964 2787 fideli
1997 2732 2189 2805 queat
2220 2743 2322 2806 ap-

830 2831 970 2899 tari,
1006 2843 1082 2887 ex
1121 2823 1438 2905 principio
1477 2824 1892 2905 praecedentis
1930 2823 2133 2887 claret
2175 2822 2322 2885 arti-

827 2922 978 2985 culi.
1011 2922 1201 2986 Porro
1233 2922 1402 3003 quod
1431 2921 1688 3001 dicitur,
1717 2926 1850 3000 E'qo
1881 2924 2023 2983 vidi
2048 2926 2321 2983 stultum

823 3026 1022 3097 firma
1059 3023 1299 3093 radice,
1335 3021 1399 3082 B.
1431 3020 1768 3101 Gregorius
1804 3021 1884 3083 de
1922 3019 2177 3102 perfido
2217 3038 2321 3102 po-

826 3119 978 3200 pulo
1005 3119 1361 3182 Judaeorum
1395 3120 1653 3201 exponit
1687 3137 1701 3182 ε
1738 3120 1850 3201 qui
1889 3120 2167 3201 populus
2208 3118 2320 3180 fir-

825 3236 928 3279 ma
957 3218 1170 3282 radice
1199 3218 1544 3295 convaluit,
1584 3218 1801 3281 multis
1833 3218 1944 3282 Dei
1978 3217 2317 3281 beneficiis

825 3313 892 3375 in
923 3314 1364 3395 spiritualibus
1393 3336 1466 3379 ac
1495 3316 1932 3399 corporalibus
1960 3317 2313 3392 radicatus3

824 3420 886 3473 et
931 3412 1180 3475 tandem
1222 3412 1453 3477 collata
1500 3414 1624 3477 sibi
1667 3422 1978 3496 potestate
2018 3414 2313 3489 abutenS,

823 3509 1142 3572 Christum
1203 3519 1266 3573 et
1323 3512 1714 3593 primitivam
1773 3513 1912 3594 ejus
1967 3512 2315 3575 Ecclesiam

823 3616 1196 3689 persecutus
1235 3617 1351 3685 est,
1383 3618 1574 3691 atque
1603 3608 1906 3673 exstinxit
1935 3610 2159 3673 saltem
2201 3628 2317 3693 pro

824 3716 1023 3789 parte,
1077 3707 1375 3772 videlicet
1432 3710 1668 3773 multos
1726 3710 2144 3773 credentium.
2200 3709 2316 3772 Cui

2430 2724 2589 2786 situs
2620 2733 2716 2787 est
2744 2725 2851 2788 hic
2890 2725 2955 2787 in
2997 2725 3245 2787 ruinam
3284 2732 3349 2787 et
3388 2724 3917 2787 resurrectionem

2428 2824 2775 2886 multorum
2810 2824 2878 2885 in
2917 2823 3127 2887 lsrael.
3160 2824 3235 2885 Et
3276 2823 3543 2905 ipsemet
3575 2822 3861 2885 Christus
3898 2842 3913 2885 :

2428 2921 2495 2982 In
2523 2920 2859 3002 Judicium,
2894 2921 3127 3003 inquit,
3162 2940 3277 3002 ego
3307 2922 3375 2984 in
3406 2921 3577 2984 hunc
3604 2921 3917 2983 mundum

2428 3020 2597 3097 veui,
2644 3028 2713 3082 ut
2758 3021 2870 3101 qui
2921 3039 3048 3083 non
3098 3020 3338 3097 vident,
3380 3021 3655 3098 videant,
3694 3028 3759 3083 et
3794 3020 3917 3101 qui
3956 3005 3991 3045 ³

2428 3118 2667 3195 vident,
2701 3119 2851 3182 caeci
2891 3119 3073 3182 fiant.
3108 3121 3289 3181 Juxta
3328 3119 3499 3183 huuc
3538 3120 3793 3183 modum
3822 3118 3918 3181 di-

3990 2942 4193 3044 gena.
4210 2957 4267 2985 rx.

2426 3216 2592 3279 citur
2630 3216 2916 3280 Christus
2965 3217 3169 3281 factus
3220 3217 3382 3299 lapis
3431 3216 3811 3282 offensionis
3852 3226 3920 3279 et
3958 3234 4265 3286 umam.

2426 3324 2607 3397 petra
2634 3316 2915 3378 scandali
2948 3316 3315 3379 incredulis.

2510 3416 2710 3492 Cujus
2738 3434 2999 3475 mssem
3026 3416 3364 3495 famelicus
3390 3417 3680 3476 comedet.
3700 3412 3915 3475 Bessis

2423 3513 2805 3589 Iudaeorum,
2854 3512 2980 3574 fuit
3024 3532 3200 3575 sacra
3251 3512 3483 3575 veteris
3531 3511 3917 3575 Testamenti

2426 3611 2752 3693 Scriptura
2798 3612 3028 3675 animae
3066 3609 3389 3689 refectiva,
3426 3630 3553 3692 qua
3586 3610 3779 3674 Judaei
3818 3630 3919 3673 re-

2428 3709 2578 3773 l'eeti
2624 3729 2751 3773 non
2796 3719 2966 3787 sunt,
2999 3710 3148 3772 dum
3191 3729 3330 3773 eam
3372 3710 3707 3773 carnaliter
3743 3728 3919 3772 acce-

823 3805 1017 3869 stulto
1049 3807 1287 3889 populo
1309 3807 1569 3890 Eliphaz
1598 3807 1939 3883 maledixit,
1961 3808 2024 3871 id
2056 3817 2168 3885 est,
2184 3807 2319 3889 qui-
2343 3807 2385 3871 C
2426 3818 2680 3891 perum,
2716 3828 2833 3872 nec
2864 3808 3279 3891 spiritualiter
3308 3807 3773 3871 intellexerunt.
3794 3807 3919 3869 Ali-

822 3922 1097 3986 cumque
1139 3904 1372 3969 Christi
1419 3907 1661 3970 amicus
1701 3906 2052 3989 periturum
2094 3906 2318 3988 praedi-

823 4002 935 4065 xit.
971 4006 1186 4080 Lonqe
1221 4010 1379 4083 fient
1415 4009 1550 4083 filii
1585 4007 1725 4082 ejus
1752 4028 1790 4067 α
1820 4010 2049 4067 salute.
2084 4003 2317 4067 Omnes

825 4120 1100 4182 namque
1140 4103 1379 4184 posteri
1417 4102 1684 4184 perfidae
1727 4104 1932 4186 plebis
1973 4102 2171 4180 illius,
2206 4102 2317 4184 qui

823 4197 1271 4263 infidelitatem
1327 4208 1577 4282 patrum
1627 4220 1882 4265 suorum
1933 4208 2313 4283 sequuntur,

826 4316 974 4360 vera
1021 4297 1418 4361 beatitudine
1461 4308 1612 4362 sunt
1656 4301 1909 4383 privati.
1957 4302 2042 4364 De
2078 4300 2318 4382 quibus

826 4396 1101 4477 populus
1135 4397 1244 4461 ille
1275 4398 1574 4462 clamavit
1608 4417 1622 4461 :
1659 4399 1924 4479 Sanguis
1954 4400 2118 4480 eJ'uS‚
2153 4400 2321 4462 scili-

825 4499 927 4554 cet
969 4492 1224 4572 Christi,
1269 4514 1460 4578 super
1501 4515 1616 4560 nos
1655 4504 1716 4558 et
1760 4515 1952 4578 super
1991 4496 2165 4559 filios
2210 4515 2321 4559 no-

827 4599 1012 4654 stroS.
1060 4593 1146 4657 De
1187 4594 1426 4676 quibus
1465 4594 1555 4656 ait
1597 4593 1935 4676 Apostolus
1980 4594 2320 4659 :Pervenit

828 4709 1020 4772 super
1050 4709 1158 4755 eos
1187 4691 1282 4755 ira
1311 4692 1420 4755 Dei
1451 4710 1656 4774 usque
1693 4692 1759 4755 in
1801 4692 2023 4756 finem.
2062 4698 2145 4757 E'c
2175 4714 2321 4755 con-

830 4799 1118 4851 ceremur
1156 4793 1229 4851 in
1261 4802 1475 4870 porta.
1520 4790 1613 4853 Ad
1654 4792 1952 4869 litteram,
2000 4794 2066 4855 in
2117 4793 2317 4876 portis

823 4888 1171 4953 Jerusalem
1231 4888 1618 4972 urbiumque
1660 4891 1888 4953 Judaeae
1933 4910 1969 4952 a
2020 4892 2317 4955 Romanis

826 5086 891 5148 id
945 5095 1040 5149 est
1087 5086 1153 5148 in
1203 5086 1473 5164 Christ0,
1523 5085 1638 5168 qui
1687 5086 1798 5163 ait,
1848 5087 1978 5167 Ego
2029 5108 2170 5150 sum
2220 5107 2320 5151 os-

827 5185 985 5247 tium
1027 5185 1244 5249 ovium
1289 5202 1303 5247 :
1343 5186 1495 5267 quia
1541 5184 1606 5247 in
1651 5186 1790 5267 ejus
1838 5187 2177 5269 praesen'tia
2224 5187 2321 5249 in-

821 5284 1064 5347 ereduli
1103 5283 1254 5347 facti
1291 5292 1462 5360 sunt,
1495 5302 1687 5366 quem
1723 5284 2130 5349 crediderunt
2157 5303 2311 5348 ven-

2426 3926 2584 3969 enus
2624 3926 2795 3983 ver0,
2832 3907 2894 3969 id
2934 3915 3031 3969 est
3068 3906 3249 3989 plebs
3286 3906 3545 3986 gentilis
3582 3924 3913 3981 conversa,

2426 4024 2564 4067 eam
2621 4005 2919 4083 comedit,
2971 4004 3273 4086 quoniam
3329 4024 3443 4087 per
3489 4004 3917 4086 Apostolicam

2427 4103 2943 4186 praedicationem
2980 4112 3046 4166 et
3083 4103 3296 4167 Sancti
3328 4102 3601 4185 Spiritus
3642 4102 3921 4165 illustra-

2431 4202 2667 4266 tionem
2697 4203 2777 4264 ad
2808 4221 3023 4266 veram
3064 4201 3265 4285 ipsius
3305 4201 3787 4281 intelligentiam
3818 4210 3919 4263 est

2430 4301 2755 4383 perducta.
2789 4302 3059 4383 Fuitque
3088 4300 3375 4363 esuriens
3406 4299 3797 4363 intellectum
3826 4318 3921 4361 sa-

2429 4419 2551 4462 crae
2581 4399 2921 4482 Scripturas
2951 4408 3013 4463 et
3042 4398 3555 4481 praedicationem
3586 4397 3761 4461 verbi
3789 4416 3920 4461 coe-

2430 4498 2628 4575 lestiS,
2662 4498 3194 4579 quemadmodum
3234 4497 3313 4560 de
3342 4496 3919 4560 Thessalonicensi-

2430 4596 2549 4659 bus
2573 4596 2796 4660 recitat
2814 4596 3028 4672 LucaS,
3044 4596 3214 4678 quod
3236 4614 3379 4659 cum
3409 4594 3583 4657 omni
3614 4593 3919 4657 aviditate

2430 4702 2846 4777 susceperunt
2866 4693 3132 4757 v‘erbum
3154 4692 3285 4757 Dei.
3306 4694 3391 4756 De
3412 4692 3579 4755 fame
3600 4692 3921 4774 hujusmo-
3956 4678 3973 4716 ¹

2428 4793 2493 4856 di
2526 4794 2831 4856 Dominus
2870 4793 2961 4855 ait
2994 4810 3007 4854 :
3044 4792 3280 4855 Mittam
3321 4791 3555 4854 famem
3587 4792 3653 4853 in
3694 4799 3857 4855 terra
3898 4808 3914 4851 :

3998 4616 4123 4658 Aet.
4150 4632 4259 4661 xvc.

3990 4679 4035 4719 Ι.

3984 4822 4149 4867 Aaou
4164 4840 4257 4871 vm.

2430 4911 2557 4957 non
2598 4890 2831 4954 famem
2874 4891 3079 4974 paniS‚
3124 4909 3333 4972 neque
3363 4890 3533 4952 sitim
3562 4908 3767 4971 aquae,
3802 4890 3917 4952 sed
3952 4884 4035 4927 ¹¹·

826 4987 1021 5052 occisi
1051 4988 1511 5051 sunt.Contriti
1543 4996 1693 5049 sunt
1724 5007 1979 5071 quoque
2010 4990 2075 5051 in
2109 4999 2314 5072 porta,
2349 4997 2399 5058 D
2428 4989 2730 5053 audiendi
2787 4989 3053 5053 verbum
3112 4987 3245 5052 Dei.
3305 4989 3393 5051 De
3446 5006 3573 5069 qua
3633 4986 3919 5068 loquitur

2427 5088 2715 5153 Christus
2752 5105 2765 5149 :
2797 5086 2969 5151 Beati
3000 5087 3113 5169 qui
3144 5086 3438 5151 esuriunt
3465 5094 3528 5147 et
3564 5084 3791 5147 sitiunt
3815 5084 3923 5166 ju·
3952 5107 4253 5162 smnus

2429 5187 2692 5250 stitiam.
2726 5190 2812 5247 Ec
2841 5189 3057 5265 ipsum
3096 5184 3403 5268 populum
3429 5184 3789 5247 Judaeorum
3820 5183 3923 5245 in-

2428 5285 2781 5361 credulum,
2814 5287 3025 5361 rapiet
3055 5294 3347 5345 armatus
3382 5280 3659 5365 populus
3696 5282 3923 5345 Roma-
