4309 6259
143 2364 222 2409 ffist.
239 2368 298 2409 lib.

109 2428 300 2487 village-33.

595 498 944 545 numano
985 498 1049 543 IN
1092 498 1230 543 CAP-
1278 496 1477 542 xxxm
1517 495 1677 541 LIBRI
1717 493 1970 541 suenum
2011 493 2539 539 PARALIPOMENON.
2586 512 2667 522 -
2707 492 2849 539 ART.
2894 490 3095 539 xxxm

3264 470 3384 535 265

315 682 510 749 yentes
549 691 709 751 quas
755 672 1154 731 subverterat
1191 669 1512 729 Dominus
1538 687 1579 726 a
1618 667 1790 742 facie
1818 662 1868 725 A
1977 663 2217 726 Deinde
2260 662 2691 745 subjungitur,
2728 662 3003 742 qualiter
3032 662 3099 723 in
3133 678 3248 723 sua
3290 677 3387 721 re-

319 774 586 850 filiorum
639 773 864 831 Israel.

387 874 782 947 Locutus-que
809 878 902 927 est
929 869 1251 928 Dominus
1292 868 1379 926 ad
1406 886 1576 932 eum,
1615 874 1674 924 et
1704 867 1790 925 acl

315 972 608 1047 populum
640 969 852 1038 illius,
869 976 930 1027 et
957 968 1284 1027 attendere
1303 966 1665 1024 noluerunt.
1689 966 1792 1025 Id-

319 1068 462 1126 circo
490 1067 960 1143 superinducit
995 1066 1086 1123 eis
1107 1065 1438 1140 principes
1475 1062 1791 1121 exercitus

320 1166 466 1241 reyis
493 1166 940 1241 Assyriorum.
970 1166 1254 1241 Ceperun
1265 1172 1409 1241 tque
1429 1164 1791 1229 Manassen,

320 1274 370 1324 et
404 1266 686 1323 vinctum
724 1264 969 1323 catenis
1005 1272 1196 1342 atque
1231 1262 1635 1337 compedibus
1680 1263 1794 1319 du-

321 1371 538 1422 xerunt
566 1382 716 1421 eum
749 1362 822 1421 in
841 1362 1261 1438 Babylonem.
1283 1358 1346 1421 Si
1375 1356 1612 1439 Assyrii
1645 1376 1788 1419 eum

323 1460 663 1536 vinxerunt,
698 1459 1023 1540 quomodo
1052 1460 1282 1521 ductus
1312 1464 1406 1520 est
1436 1456 1502 1517 in
1533 1456 1794 1538 Babylo-

325 1562 494 1622 nem3
522 1557 614 1621 Ad
647 1558 769 1622 hoc
797 1558 1108 1639 Josephus
1131 1565 1192 1619 et
1220 1555 1331 1617 alii
1353 1556 1597 1632 dicunt,
1621 1554 1792 1635 quod

322 1657 628 1741 Babylonii
678 1676 824 1719 cum
864 1675 1011 1737 rege
1049 1674 1166 1719 suo
1217 1662 1528 1719 venerunt
1574 1662 1792 1717 contra

323 1757 648 1833 Manassen,
701 1756 812 1819 sed
868 1754 1276 1837 appellantur
1322 1752 1586 1837 Assyrii,
1639 1771 1793 1834 quo-

1896 781 2146 839 versuS,
2210 762 2525 845 reparavit
2582 769 2644 825 et
2700 760 3061 825 emendavit
3118 778 3386 840 regnum

1899 881 2086 924 suum
2118 862 2185 923 in
2206 861 2457 939 meliuS,
2486 872 2613 924 tam
2647 862 2711 923 in
2732 859 3168 943 corporalibus
3193 877 3386 939 quam

1901 960 1965 1022 in
2016 960 2478 1043 spiritualibus,
2511 964 2665 1023 Post
2702 964 2833 1022 leaec
2858 959 3208 1035 aedificavit
3252 978 3389 1017 mu·

1900 1081 2050 1120 rum
2079 1069 2265 1121 extra
2304 1063 2631 1121 civitatem
2660 1060 2899 1130 David,
2935 1056 3226 1119 faciendo
3273 1054 3389 1118 ibi-

1900 1160 2046 1223 dem
2079 1158 2493 1235 antemurale,
2528 1162 2616 1220 ad
2644 1160 3027 1219 occidentem
3054 1158 3287 1227 Gihon,
3323 1154 3387 1217 id

1901 1267 1997 1321 est
2027 1258 2093 1320 in
2116 1257 2496 1320 occidentali
2517 1266 2697 1339 parte
2727 1255 2905 1318 urbis
2938 1254 3155 1331 David,
3176 1254 3241 1316 in
3264 1272 3389 1335 qua

1901 1358 2060 1418 situs
2105 1356 2229 1418 fuit
2273 1356 2417 1420 fons
2459 1356 2686 1433 Gihon,
2720 1358 2789 1417 in
2830 1357 3147 1423 convalle,
3176 1356 3255 1414 ab
3290 1356 3390 1413 in-

1904 1459 2102 1518 troitu
2121 1467 2327 1534 portoe
2358 1458 2651 1518 Piscium
2674 1474 2795 1533 per
2820 1456 3169 1515 circuitum
3193 1472 3391 1531 usque

1901 1559 1988 1616 ad
2027 1559 2244 1633 Ophel,
2284 1565 2343 1617 et
2379 1556 2696 1615 eoealtavit
2734 1555 2927 1614 illum
2970 1554 3385 1613 vehementer.

1906 1657 2121 1715 Consti
2127 1657 2375 1735 luitque
2409 1656 2741 1732 principes
2776 1655 2990 1713 emerci
2994 1663 3095 1713 tus
3124 1654 3197 1713 in
3235 1671 3391 1712 cun-

1903 1756 2019 1815 ctis
2049 1756 2425 1815 civitatibus
2448 1756 2625 1815 Juda
2668 1754 2970 1822 munitis,
3000 1769 3082 1813 ne
3125 1768 3389 1829 regnum

323 1854 474 1917 niam
519 1862 670 1917 ante
720 1852 984 1917 fuerunt
1032 1852 1151 1915 sub
1200 1852 1568 1915 monarchia
1601 1860 1793 1933 atque
1829 1853 1876 1916 Β
1903 1873 2090 1915 suum
2121 1852 2400 1934 amplius
2431 1858 2645 1934 posset
2673 1850 2765 1915 sic
2796 1848 3237 1915 devastari.E't
3258 1851 3395 1908 abs-

323 1953 585 2017 dominio
615 1952 1041 2035 Assyriorum,
1076 1971 1112 2013 a
1142 1951 1377 2033 quibus
1423 1958 1630 2013 tamen
1663 1951 1794 2032 jam

321 2060 718 2116 recesserunt.

393 2154 512 2221 Qui
547 2162 898 2230 postquam
946 2159 1404 2227 coanyustatus
1443 2158 1555 2221 est,
1598 2147 1661 2210 id
1701 2155 1797 2211 est

323 2251 490 2313 valde
524 2258 825 2313 arctatus
859 2250 1019 2312 Hinc
1062 2248 1126 2311 in
1160 2248 1547 2312 Scholastica
1596 2247 1797 2310 fertur

324 2349 568 2412 historia
604 2368 619 2411 ε
656 2348 928 2411 Immisit
973 2348 1280 2410 Dominus
1327 2348 1632 2410 adversus
1681 2346 1799 2407 Ma-

325 2469 536 2513 nassen
569 2467 782 2529 regem
815 2448 1328 2531 Babyloniorum,
1371 2447 1482 2529 qui
1524 2447 1799 2529 depopu-

326 2548 472 2611 latus
519 2556 616 2611 est
660 2548 966 2623 Judaeam,
1019 2554 1081 2610 et
1129 2547 1456 2609 Manassen
1503 2546 1648 2609 dolo
1699 2566 1798 2609 ca-

325 2656 510 2727 ptum,
563 2646 752 2709 traxit
810 2645 876 2707 in
923 2645 1332 2728 Babylonem,
1385 2652 1446 2707 et
1503 2644 1798 2729 pluribus

321 2744 544 2807 afflixit
570 2745 926 2809 tormentis.
959 2747 1184 2807 Oravit
1211 2747 1566 2805 Dominum
1589 2747 1794 2804 Deum

321 2865 518 2917 suum,
567 2856 624 2906 et
671 2847 801 2922 eyit
843 2846 1299 2921 poenitentiam
1347 2846 1536 2903 valde
1581 2864 1796 2903 coram

321 2946 436 3003 Deo
461 2955 725 3022 patrum
756 2964 1049 3012 suorum,
1081 2942 1142 3004 id
1173 2950 1288 3019 est,
1325 2942 1666 3005 cordialem
1695 2940 1798 3001 ha-

1907 1954 2060 2013 tulit
2086 1955 2232 2012 deos
2273 1954 2538 2024 alienoS,
2576 1948 2999 2013 idololatriam
3049 1947 3395 2029 ‘exstirpan-

1903 2053 2008 2129 do,
2059 2062 2118 2113 et
2163 2053 2519 2111 simulacra
2563 2054 2644 2109 de
2690 2053 2874 2111 domo
2909 2049 3199 2119 Domini,
3242 2067 3393 2107 aras

1904 2171 2150 2231 quoque
2178 2170 2337 2230 quas
2372 2151 2611 2227 fecerat
2654 2150 2726 2209 in
2766 2156 2977 2209 monte
3014 2151 3243 2208 domus
3272 2149 3395 2205 Do-

1906 2251 2097 2321 mini,
2145 2260 2205 2310 et
2247 2251 2319 2309 in
2348 2252 2727 2319 Jerusalem,
2761 2257 2819 2308 et
2855 2248 3129 2324 projecit
3170 2246 3393 2306 omnia

1903 2359 2089 2409 ertra
2123 2350 2360 2408 urbem.
2394 2350 2601 2409 Porro
2628 2348 3027 2407 instauravit
3054 2349 3262 2405 altare
3278 2347 3395 2405 Do-

1910 2449 2104 2516 mini,
2136 2457 2195 2507 et
2228 2448 2591 2506 immolavit
2632 2466 2824 2523 super
2860 2446 3031 2504 illud
3070 2444 3393 2512 victimas,

1904 2556 1962 2607 et
1986 2549 2292 2625 pacifica,
2320 2555 2379 2605 et
2404 2546 2660 2605 laudem
2680 2567 2709 2615 ,·
2728 2544 3155 2622 praecepitque
3182 2544 3394 2612 Judoe,

1907 2643 1967 2705 id
1993 2653 2089 2707 est
2110 2642 2409 2705 universo
2438 2642 2675 2724 populo
2698 2641 2873 2720 regni
2897 2642 3017 2717 sui,
3036 2651 3108 2702 ut
3126 2643 3395 2701 serviret

1907 2744 2185 2803 Domino
2218 2745 2346 2802 Deo
2378 2745 2606 2803 Israel.
2640 2741 2707 2802 In
2737 2759 2863 2821 quo
2892 2740 3097 2823 patuit
3125 2738 3392 2801 mutatio

1905 2842 2180 2903 dexterae
2210 2839 2454 2903 Excelsi
2484 2864 2498 2913 3
2534 2848 2597 2905 et
2644 2858 2769 2901 non
2812 2839 2951 2902 sine
2999 2840 3221 2920 grandi
3260 2856 3393 2901 om-

1907 2940 2084 3001 nium
2123 2938 2543 3002 admiratione
2580 2938 2777 3003 vitam
2829 2938 3009 3000 duxit
3057 2939 3135 3001 dc
3181 2944 3391 3001 cetero

323 3040 448 3103 buit
466 3042 901 3106 contritionem
927 3042 1604 3115 intensam‚secundum
1627 3040 1795 3121 quod
1831 3036 1876 3099 C
1906 3038 2281 3101 virtuosam.
2307 3043 2611 3099 Attamen
2632 3042 2847 3098 adhuc
2867 3040 3147 3115 populus
3175 3039 3393 3097 immo-

324 3141 675 3219 magnitudo
705 3150 770 3203 et
798 3140 1142 3203 multitudo
1162 3131 1504 3202 criminum
1525 3140 1663 3220 ejus
1696 3158 1800 3201 ex-

325 3239 460 3317 egit.
491 3238 948 3302 Contritionem
979 3240 1219 3320 quippe
1247 3245 1496 3320 oportet
1524 3256 1664 3300 esse
1692 3237 1800 3298 ad-

325 3346 617 3417 aequatam
649 3338 950 3420 peccatis,
987 3341 1500 3417 Deprecatusque
1535 3346 1625 3397 est
1654 3357 1801 3396 eum

326 3455 430 3516 pro
461 3436 832 3500 remissione
865 3436 1221 3517 culparum,
1247 3446 1306 3496 et
1323 3437 1670 3495 obsecravit
1701 3437 1803 3495 in-

331 3544 480 3595 tente
522 3553 636 3616 pro
686 3533 1014 3597 infusione
1071 3534 1289 3615 gratiae
1345 3552 1420 3595 ac
1465 3532 1796 3609 virtutum,

162 3652 187 3679 ι.
215 3656 303 3695 mn,
329 3634 640 3696 vexatione
683 3633 1028 3695 durissima
1069 3634 1260 3695 dante
1303 3632 1432 3694 sibi.
1458 3631 1801 3694 durissimo

330 3730 700 3795 intellectum
728 3758 743 3809 3
794 3744 854 3793 et
882 3734 1227 3793 exaudivit
1255 3733 1608 3792 orationem
1637 3731 1800 3809 ejus.

329 3828 370 3891 Ο
398 3850 577 3911 quam
611 3830 868 3893 infinita
894 3830 1018 3892 fuit.
1047 3830 1182 3893 haec
1211 3829 1646 3892 misericordia
1668 3830 1797 3906 Dei,

329 3930 488 4008 quod
535 3938 656 3991 tam
714 3929 844 3992 cito
892 3936 956 3991 et
1004 3928 1110 4011 pie
1157 3928 1481 3991 exaudivit
1530 3928 1800 4010 impium

331 4027 520 4105 illum,
573 4047 697 4108 quo
749 4029 815 4089 in
864 4036 990 4090 tota
1041 4027 1368 4109 Scriptura
1416 4027 1522 4089 vix
1565 4027 1800 4107 aliquis

332 4123 544 4204 legitur
577 4126 834 4207 gravius
889 4125 1420 4208 ineffabiliusque
1463 4130 1796 4207 peccasse!

1910 3140 2082 3197 labat
2103 3140 2175 3197 in
2206 3138 2467 3196 eoecelsis
2494 3138 2769 3197 Domino
2800 3140 2927 3196 Deo
2956 3156 3090 3196 suo,

2000 3238 2281 3316 Reliqua
2327 3246 2540 3297 autem
2585 3245 2907 3313 qestorum
2946 3239 3287 3306 Manassae,
3335 3247 3395 3296 et

1906 3338 2361 3396 obsecrationes
2400 3336 2540 3411 ejus
2583 3338 2670 3395 acl
2700 3337 2905 3393 Deum
2944 3354 3160 3406 suum,
3203 3337 3393 3395 verba

1908 3456 2154 3515 quoque
2202 3436 2572 3495 Videntium
2612 3434 2797 3513 quae*
2848 3436 3269 3513 loquebantur
3306 3438 3393 3495 ad
3450 3452 3468 3469 ·

1906 3554 2053 3593 eum
2093 3535 2166 3593 in
2206 3534 2464 3593 nomine
2492 3534 2760 3593 Domini
2789 3534 2911 3592 Dei
2939 3535 3164 3604 Israel,
3196 3536 3393 3593 conti-

1909 3642 2150 3693 nentur
2175 3634 2247 3691 in
2266 3632 2663 3693 sermonibus
2683 3650 2905 3707 reyum
2925 3633 3153 3691 Israel.
3178 3633 3392 3692 Oratio

1908 3751 2154 3810 quoque
2183 3731 2345 3809 ejus,
2378 3739 2437 3789 et
2465 3731 2825 3798 exauditae,
2846 3738 2905 3788 et
2932 3738 3163 3789 cuncta
3183 3750 3395 3805 pecca-

1913 3842 1974 3892 ta
2006 3840 2198 3909 atque
2224 3838 2637 3905 contemptu-5,
2674 3831 2808 3887 loca
2835 3829 3031 3887 etiam
3063 3830 3133 3887 in
3163 3830 3393 3906 quibus

1907 3929 2264 4005 aedificavit
2291 3929 2533 3986 eoecelsa
2562 3935 2621 3985 et
2648 3926 2802 4002 fecit
2841 3929 3011 3984 lucos
3037 3934 3095 3985 et
3124 3934 3389 3998 statuas,

1908 4037 2254 4105 antequam
2276 4034 2487 4101 afferet
2506 4026 2681 4099 poeni
2685 4025 2970 4093 tentiam,
2984 4026 3225 4100 scripta
3245 4034 3395 4085 sunt

1911 4127 1981 4185 in
2021 4125 2422 4183 sermonibus
2462 4124 2695 4183 Hozai.
2730 4124 3055 4182 Dormivit
3084 4141 3228 4198 erqo
3258 4124 3395 4183 Ma-

331 4228 718 4305 Reduoeitque
773 4246 924 4286 eum
979 4229 1337 4286 Jerusalem
1396 4227 1470 4285 in
1527 4245 1799 4302 reynum
1832 4224 1883 4287 D
1909 4243 2121 4283 nasses
2135 4242 2283 4281 cum
2295 4222 2596 4299 patribus
2614 4222 3395 4297 suis-,etsepelierunteum

329 4342 526 4384 suum.
574 4324 786 4386 Modus
843 4332 1058 4387 autem
1119 4342 1246 4404 quo
1300 4325 1378 4386 de
1433 4323 1801 4405 captivitate-

333 4438 464 4481 eum
499 4422 778 4497 redemit,
815 4439 944 4483 non
979 4422 1283 4484 scribitur
1322 4422 1428 4485 hic
1460 4441 1669 4503 neque
1699 4441 1802 4483 ex-

333 4518 630 4598 primitur.
661 4523 748 4581 Et
789 4521 1084 4597 coynovit
1117 4523 1446 4581 Manasses
1485 4524 1658 4600 quod
1686 4524 1803 4581 Do-

335 4620 538 4677 minus
555 4622 682 4695 ipse
707 4628 865 4679 esset
886 4622 1058 4679 Deus
1083 4617 1193 4680 :id
1215 4626 1330 4695 est,
1350 4637 1463 4700 per
1493 4618 1803 4701 multipli-

335 4732 460 4777 cem
497 4716 717 4780 divinae
757 4716 1015 4800 pietatis
1053 4725 1116 4780 et
1145 4716 1462 4798 aequitatis
1493 4716 1800 4780 effectum

335 4811 490 4876 circa
516 4833 580 4877 se
605 4824 664 4878 et
693 4815 760 4877 in
791 4836 881 4892 se,
901 4815 1486 4897 experimentaliter
1515 4815 1804 4879 conside.-

337 4911 485 4973 ravit
514 4920 570 4974 et
602 4914 780 4990 vidit,
819 4914 995 4995 quod
1025 4914 1328 4977 Dominus
1369 4922 1614 4977 creator
1663 4914 1803 4975 uni—

334 5027 656 5087 versorum,
697 5032 849 5075 vere
893 5012 978 5074 sit
1028 5013 1192 5075 Deus
1241 5013 1596 5089 hominum,
1651 5032 1802 5095 prae-

336 5107 536 5170 sertim
576 5110 1001 5186 Hebraeorum,
1039 5110 1282 5174 habens
1331 5111 1798 5193 providentiam

337 5208 689 5286 eorumdem,
733 5217 798 5271 et
840 5210 1054 5291 justus
1103 5209 1412 5272 exsistens
1459 5210 1652 5292 judex
1698 5210 1802 5273 Ju-

339 5301 596 5367 daeorum
629 5326 700 5373 ac
738 5306 1052 5371 omnium.

1909 4324 1982 4381 in
2003 4325 2187 4381 domo
2208 4341 2351 4391 sua,
2372 4318 2434 4381 id
2468 4327 2564 4381 est
2596 4318 2661 4379 in
2693 4318 2877 4382 horto
2898 4320 3123 4381 domus
3148 4338 3301 4395 suae,
3327 4320 3394 4380 in

1909 4419 2094 4481 horto
2114 4418 2255 4495 Oza,
2282 4426 2473 4499 prout
2503 4424 2727 4497 quarto
2749 4417 2986 4497 Regum
3020 4417 3183 4480 libro
3216 4418 3398 4482 hahe-

1912 4526 2035 4579 tur.
2067 4518 2515 4595 Reqnavitque
2534 4536 2656 4593 pro
2686 4537 2754 4575 eo
2783 4522 2835 4594 fi
2840 4519 2968 4576 lius
2994 4518 3132 4595 ejus
3159 4520 3392 4580 Amon.

2009 4617 2259 4691 Viyinti
2303 4619 2586 4675 duorum
2630 4635 2952 4676 annorum
3000 4625 3139 4676 erat
3186 4618 3397 4677 Amon

1910 4736 2108 4794 quum
2159 4734 2428 4792 reynare
2476 4715 2775 4791 coepisset,
2806 4723 2865 4773 et
2912 4716 3159 4773 (luobus
3202 4717 3399 4775 annis

1909 4815 2209 4890 reynavit
2240 4815 2310 4873 in
2329 4816 2708 4875 Jerusalem.
2734 4814 3033 4891 Fecitque
3054 4815 3301 4872 malum
3324 4815 3397 4873 in

1908 4922 2242 4991 conspectu
2272 4913 2565 4980 Domini,
2602 4913 2769 4971 sicut
2804 4912 3042 4988 fecerat
3072 4914 3398 4971 Manasses

1902 5020 2092 5090 pater
2111 5012 2251 5088 ejus
2264 5034 2291 5081 ,⁰
2325 5020 2385 5069 et
2413 5012 2661 5069 cunctis
2678 5012 2872 5068 idolis
2899 5030 3041 5088 quoe
3072 5012 3397 5069 Manasses

1908 5112 2132 5188 fuerat
2161 5111 2547 5186 fabricatus,
2578 5109 2939 5167 immolavit
2978 5116 3169 5185 alque
3203 5110 3399 5168 servi-

1912 5212 2026 5269 vit.
2073 5210 2161 5268 Et
2202 5227 2333 5267 non
2376 5216 2465 5267 est
2502 5207 2815 5265 reveritus
2851 5205 3089 5281 faciem
3126 5208 3399 5266 Domini

1910 5309 2078 5369 sicut
2104 5307 2423 5365 reveritus
2450 5312 2539 5363 est
2567 5306 2896 5365 Manasses
2926 5312 3117 5381 pater
3145 5305 3311 5382 ejus,
3337 5314 3399 5365 et

3451 2761 3527 2804 Pe.
3545 2774 3681 2813 ικκνι,

3423 2828 3489 2869 ¹1.

3494 3450 3573 3505 qui

3426 4340 3476 4383 1v
3492 4341 3687 4395 Reum.

3428 4408 3493 4447 18.
