4309 6259
1185 525 1542 608 ,ΕΝΑΒΒΑΤΙΟ
1586 532 1645 577 ιΝ
1689 532 1824 577 CAP.
1872 524 2023 577 xxxt
2062 528 2186 578 1013.
2234 553 2314 563 -
2354 525 2495 580 ΛΒΤ.
2543 532 2642 580 ux

3335 512 3455 583 643

357 699 510 777 quis
552 701 919 763 occasiones
954 711 1013 763 et
1045 700 1432 782 praeambula
1474 722 1581 764 seu
1624 701 1859 783 princi-
1888 702 1937 762 A
1972 720 2069 763 res
2100 722 2323 764 sensus
2355 712 2503 763 sunt
2523 704 2696 765 velut
2717 703 3030 767 foramina
3057 715 3119 768 et
3141 707 3450 781 fenestrae,

354 797 470 877 pia
499 800 643 879 ejus
673 800 932 877 devitet,
965 820 1001 861 a
1032 800 1488 881 posterioribus
1528 799 1630 861 vix
1660 800 1858 880 possit

358 897 589 975 pedem
622 898 973 960 extrahere.
1000 899 1306 978 Denique,
1332 898 1608 980 primum
1643 898 1707 959 in
1738 898 1856 959 hoc

358 1004 648 1073 peccato,
686 1005 782 1058 est
810 997 1139 1058 oculorum
1170 998 1527 1078 adspectuS‚
1564 1015 1693 1076 quo
1725 1015 1857 1056 mu-

356 1092 478 1153 lier
510 1094 783 1175 pulchra
810 1093 1184 1175 adspicitur,
1210 1104 1269 1156 et
1303 1095 1621 1175 praecipuc
1644 1094 1849 1173 virgo;

354 1194 736 1263 secundum,
773 1200 869 1255 est
906 1194 1239 1273 cogitatio;
1280 1195 1555 1269 tertium,
1594 1195 1857 1257 delecta-

358 1290 447 1353 tio
493 1290 561 1351 in
613 1292 1037 1371 cogitatione3
1084 1300 1406 1372 quartum,
1454 1312 1851 1367 consensus3

352 1388 684 1469 quintum,
730 1409 912 1472 opus,
949 1390 1161 1453 Voluit
1202 1408 1351 1470 crgo
1386 1390 1501 1452 Job
1543 1390 1851 1469 originem

356 1487 553 1567 hujus
588 1489 832 1569 peccati
865 1489 1222 1564 excludere,
1260 1490 1425 1551 sicut
1456 1488 1709 1551 fatetur.

436 1588 680 1661 I’cpifsi
718 1588 933 1663 foedus
968 1609 1115 1647 eam
1154 1591 1355 1647 oculis
1402 1590 1574 1658 mci-3,
1624 1587 1686 1648 id
1732 1596 1850 1664 ost,

360 1682 637 1745 firmiter
684 1685 936 1747 decrevi
988 1686 1203 1747 oculos
1251 1704 1423 1747 meos
1469 1685 1550 1746 ab
1600 1685 1853 1747 incauto

358 1781 706 1843 mulierum
741 1782 978 1844 intuitu
1019 1784 1359 1844 custodire.
1394 1784 1569 1846 Oculi
1613 1783 1851 1865 quippe

353 1880 746 1941 annuntiant
765 1900 876 1942 seu
908 1883 1251 1943 ostendunt
1277 1882 1649 1944 delectabile
1671 1900 1853 1944 venc-
1889 1888 1935 1949 Β

358 1996 563 2053 reum,
597 1986 661 2039 et
698 1998 776 2040 cx
814 1980 1119 2059 adspectu
1159 1980 1457 2058 cogitatio
1508 1989 1740 2056 manat,
1777 1999 1851 2042 ex

354 2094 481 2156 qua
505 2078 1028 2157 concupiscentia
1048 2078 1271 2157 surgit.
1300 2082 1373 2139 Ut
1404 2099 1480 2137 ree
1508 2080 1852 2153 cofflftarem

356 2177 626 2252 quidem
663 2180 743 2235 de
780 2178 1061 2253 vimine,
1096 2176 1160 2238 id
1198 2183 1314 2246 est,
1354 2195 1433 2237 ne
1474 2176 1554 2237 ab
1599 2176 1853 2239 incauto

358 2263 667 2353 adspectu
697 2275 777 2335 ad
808 2274 1231 2355 periculosam
1271 2274 1718 2353 cogitationem
1750 2275 1855 2337 de-

358 2370 677 2433 volverer.
719 2371 1007 2451 Cogitarc
1053 2380 1263 2433 autem
1320 2373 1399 2433 de
1446 2372 1712 2451 virgine,
1764 2392 1855 2435 se-

358 2470 643 2531 cundum
676 2470 1027 2545 Albertum,
1054 2479 1149 2532 est
1178 2470 1467 2533 decorem
1491 2480 1553 2532 et
1583 2470 1851 2533 formam

359 2566 503 2646 ejus
532 2587 678 2630 cum
711 2568 923 2631 colore
953 2577 1014 2629 ct
1044 2568 1505 2649 compositione
1534 2588 1606 2631 ac
1627 2569 1853 2631 ceteris

358 2666 830 2729 delectantibus
873 2667 1044 2729 intus
1091 2676 1355 2729 tractare
1392 2684 1405 2727 ε
1442 2686 1584 2747 quae
1627 2668 1856 2747 cogita-

301 2756 309 2765 ’
360 2764 451 2827 tio
487 2764 859 2845 frequenter
898 2765 1129 2848 polluit
1158 2773 1434 2827 mentem
1480 2766 1670 2828 etiam
1715 2767 1855 2846 ejus

360 2864 474 2945 qui
510 2864 831 2946 impotens
860 2875 955 2927 est
987 2884 1272 2946 corpore.
1308 2865 1431 2926 Nec
1472 2864 1678 2926 solum
1713 2865 1857 2927 bea-

364 2971 465 3023 tus
496 2962 613 3024 Job
646 2964 865 3025 oculos
907 2962 1274 3037 custodivit,
1310 2982 1389 3025 ne
1421 2962 1512 3025 sic
1551 2962 1857 3043 cogitaret

1966 818 2079 881 per
2109 820 2268 881 quas
2305 801 2518 863 anima
2558 803 2867 865 exteriora
2911 805 3182 887 percipit
3221 824 3332 867 seu
3363 825 3454 867 re-

1966 898 2177 978 spicit,
2215 908 2277 961 ct
2322 899 2666 981 respiciens
2706 902 3121 983 concupiscit,
3158 904 3452 984 quemad-

1964 997 2224 1058 modum
2257 997 2538 1077 loquitur
2565 1000 2868 1061 Jeremias
2904 1018 2917 1061 ε
2951 1001 3247 1063 Ascendit
3278 1020 3448 1064 mors
3489 1016 3738 1067 aen-,mxu

1964 1112 2076 1173 per
2108 1093 2418 1155 fenestras
2459 1104 2726 1173 nostraS,
2767 1098 3049 1177 ingressa
3089 1108 3186 1160 est
3222 1100 3448 1160 domus

1965 1199 2235 1253 nostras,
2261 1192 2419 1254 Mors
2451 1194 2622 1255 enim
2653 1214 2766 1275 per
2796 1194 3107 1258 fenestras
3138 1198 3444 1271 ascendit,

1963 1298 2025 1350 et
2056 1290 2313 1351 domum
2346 1290 2721 1369 ingreditur,
2746 1293 2897 1353 dum
2929 1312 3041 1374 per
3070 1313 3292 1356 sensus
3314 1314 3452 1358 cor-

1964 1387 2135 1468 poris
2183 1390 2700 1470 concupiscentia
2739 1390 3004 1453 veniens
3045 1392 3238 1455 intrat
3280 1412 3451 1455 men-

1964 1490 2111 1545 tem.
2161 1484 2317 1546 Hinc
2353 1486 2734 1563 (secundum
2771 1486 3174 1569 Gregorium)
3213 1488 3448 1552 intueri

1965 1600 2088 1643 non
2128 1582 2337 1656 debet,
2375 1585 2544 1664 quod
2578 1586 2942 1666 concupisci
2977 1605 3102 1649 non
3134 1588 3300 1649 licet.
3337 1588 3451 1649 lta—

1962 1700 2087 1762 que
2117 1702 2264 1743 cum
2295 1684 2624 1769 Psalmista
2651 1686 2876 1748 devote
2904 1705 3158 1749 oremus
3185 1706 3198 1749 τ
3224 1688 3449 1752 Averte
3505 1701 3739 1753 Ρε-εκυιι,

1962 1780 2179 1842 oculos
2212 1800 2386 1843 meos
2415 1802 2496 1844 nc
2525 1782 2780 1845 videant
2809 1785 3168 1848 vanitatem.
3479 1766 3545 1805 ³⁷·

2042 1878 2304 1959 Insuper
2351 1888 2606 1943 sanctus
2643 1881 2759 1943 Job
2808 1902 3060 1946 causam
3111 1886 3300 1967 hujus
3348 1905 3453 1947 cu-

1962 1977 2181 2039 stodiae
2231 1986 2295 2039 et
2340 1978 2647 2041 castitatis
2696 1980 2994 2061 assignat.
3041 1988 3248 2051 Quam
3277 1986 3450 2043 enim

1954 2086 2208 2152 parte-m
2238 2080 2491 2137 lea-berec
2521 2081 2590 2137 in
2614 2100 2711 2139 me
2729 2082 2900 2141 Deus
2917 2084 3229 2158 desuper?
3250 2082 3311 2143 id
3335 2091 3446 2154 est,

1962 2172 2011 2233 si
2048 2172 2204 2236 vitio
2245 2175 2454 2237 carnis
2493 2176 2745 2238 deditus
2783 2197 3010 2254 essem,
3045 2179 3205 2240 nihil
3246 2179 3310 2241 in
3350 2201 3452 2243 me

1962 2279 2125 2332 esset
2159 2274 2326 2352 quod
2356 2274 2435 2334 ad
2465 2275 2659 2336 Deum
2702 2275 3050 2355 pertineret
3082 2296 3194 2358 per
3233 2278 3484 2341 carita-.

1966 2376 2089 2428 tem
2121 2369 2262 2448 ejus
2294 2378 2356 2433 et
2382 2371 2651 2449 gratiam
2680 2390 2693 2432 :
2732 2373 2899 2435 unde
2919 2392 3047 2435 non
3079 2392 3282 2437 essem
3307 2394 3452 2456 pars

1963 2475 2072 2528 aut
2093 2468 2412 2548 possessio
2441 2469 2574 2545 Dei,
2601 2470 2728 2534 imo
2751 2478 2918 2533 totus
2948 2490 3153 2533 essem
3185 2472 3446 2535 diaboli.

1964 2563 2059 2625 llli
2094 2584 2244 2627 vero
2277 2575 2424 2627 sunt
2455 2586 2599 2647 pars
2629 2568 2760 2643 Dei,
2795 2568 2860 2629 in
2900 2570 3136 2650 quibus
3167 2570 3302 2652 ipse
3339 2590 3453 2653 per

1962 2663 2231 2740 gratiam
2263 2663 2528 2741 habitat,
2560 2665 2734 2745 juxta
2766 2665 2924 2727 illud
2945 2667 3446 2730 Deuteronomii:

1964 2760 2111 2822 Pars
2141 2770 2351 2824 autem
2385 2763 2632 2825 Domini
2673 2764 2948 2845 populus
2987 2766 3147 2846 ejuS.
3181 2767 3316 2828 Non
3351 2786 3452 2829 au·
3478 2788 3740 2837 Deuaxxxu.

1966 2866 2093 2921 tem
2126 2859 2369 2921 habitat
2401 2860 2466 2921 in
2500 2861 2854 2942 inquinatis
2889 2862 3156 2925 luxuria.
3191 2864 3334 2927 ldeo
3363 2865 3453 2927 ait
3479 2854 3520 2893 ⁹·

1964 2954 2303 3037 Gregorius
2342 2975 2356 3018 ε
2391 2959 2573 3019 Nulla
2607 2968 2756 3021 sunt
2792 2960 2959 3024 bona
2996 2970 3224 3039 cetera,
3259 2962 3314 3023 si
3343 2962 3451 3026 Dei

360 3061 441 3121 de
474 3060 746 3140 virgine,
773 3062 882 3123 sed
903 3060 1094 3123 etiam
1127 3080 1207 3123 ne
1236 3061 1313 3122 de
1343 3060 1855 3149 aliqua-muliere
1886 3061 1931 3123 C
1967 3056 2170 3118 oculis
2201 3056 2566 3119 testimonio
2595 3058 2901 3121 castitatis
2943 3077 3069 3123 non
3099 3061 3456 3142 approban—

364 3176 492 3221 non
532 3178 670 3219 sua.
708 3159 1159 3221 Verumtamen
1204 3158 1346 3221 ideo
1390 3159 1499 3232 ait,
1544 3159 1629 3221 De
1667 3158 1859 3238 virgi-

364 3275 465 3331 ne,
502 3255 808 3336 quoniam
850 3256 984 3319 haec
1026 3256 1303 3337 amplius
1342 3265 1553 3319 movet
1592 3258 1672 3318 ad
1712 3276 1860 3319 con-

363 3354 827 3437 cupiscentiam
858 3364 959 3418 :et
991 3355 1190 3435 magis
1221 3356 1562 3436 appetitur,
1590 3355 1739 3436 quia
1771 3356 1861 3416 in-

368 3462 533 3515 tacta
566 3462 702 3527 est3
751 3454 958 3516 adhuc
1000 3472 1256 3534 quoquc
1302 3452 1562 3534 majoris
1612 3453 1859 3516 decoris

362 3559 481 3627 est,
516 3550 759 3613 idcirco
799 3551 1053 3613 facilius
1096 3550 1355 3631 decipit.
1391 3551 1627 3631 ltaque,
1670 3550 1862 3632 quili-

365 3649 467 3712 bet
512 3658 803 3712 nostrum
850 3649 1013 3711 hanc
1055 3650 1223 3712 beati
1252 3649 1368 3711 Job
1414 3650 1721 3711 cautelam
1767 3669 1862 3711 se-

365 3748 525 3810 ctari
568 3767 697 3811 non
740 3749 1039 3827 negligat,
1074 3748 1424 3829 praesertim
1468 3748 1578 3828 qui
1632 3748 1863 3829 imper—

370 3846 574 3909 fectus
613 3854 677 3909 et
714 3845 968 3926 juvenis
1017 3855 1209 3927 atque
1246 3846 1325 3907 ad
1356 3845 1519 3906 mala
1562 3845 1859 3926 proclivis

368 3954 483 4007 est.
528 3945 723 4018 Quam
758 3944 928 4005 enim
970 3944 1325 4025 periculosa
1376 3944 1457 4004 sit
1508 3942 1860 4006 incustodia

368 4043 723 4118 oculorum,
744 4050 993 4104 constat
1021 4061 1095 4103 ex
1128 4061 1201 4104 eo
1230 4042 1397 4122 quod
1430 4040 1515 4101 ait
1538 4041 1857 4103 Salvator:

126 4161 271 4205 naun.
294 4177 335 4207 s.
367 4140 481 4214 Qui
514 4139 751 4202 viderit
788 4139 1123 4201 mulierem
1167 4141 1242 4201 ad
1282 4138 1860 4220 concupiscendum

104 4228 134 4256 *s

1970 3163 2092 3216 tur.
2145 3154 2416 3216 Thomas
2467 3174 2722 3235 quoque
2770 3156 2875 3219 hic
2925 3157 3150 3220 scribit
3202 3176 3215 3219 :
3263 3158 3457 3221 Homo

1971 3273 2081 3334 per
2114 3261 2445 3335 peccatum
2487 3252 2750 3315 luxuria)
2790 3254 3041 3318 videtur
3069 3276 3106 3317 a
3136 3257 3260 3319 Deo
3293 3275 3460 3320 rece-

1970 3352 2139 3413 dere.
2166 3351 2423 3414 Accedit
2452 3351 2620 3413 enim
2657 3352 2734 3413 ad
2756 3352 2948 3414 Deum
2983 3372 3096 3434 per
3123 3364 3304 3417 actus
3333 3354 3462 3436 spi-

1972 3450 2255 3525 ritualeS,
2291 3450 2402 3530 qui
2433 3449 2706 3511 maxime
2750 3449 3186 3532 impediuntur
3218 3472 3331 3534 per
3357 3455 3462 3515 de·

1972 3548 2376 3610 lectationem
2413 3564 2771 3609 veneream.
2806 3551 2891 3609 Ec
2919 3552 3364 3621 hereditatem,
3397 3551 3460 3613 id

1970 3654 2085 3721 est,
2124 3664 2316 3726 quam
2357 3644 2803 3707 hereditariam
2844 3646 3309 3727 possessionem
3352 3649 3461 3710 ha-

1970 3745 2148 3806 beret
2195 3743 2258 3803 in
2304 3762 2426 3819 me,
2466 3746 2876 3821 Omnipotens
2919 3748 2996 3805 de
3043 3749 3355 3806 ear-celsis?
3393 3747 3454 3807 id

1971 3852 2066 3904 est
2114 3842 2277 3903 Deus
2335 3842 2716 3917 altissimuS‚
2772 3842 3066 3904 habitans
3116 3843 3183 3905 in
3233 3864 3456 3926 super-

1972 3939 2070 4001 nis
2098 3957 2173 4001 ac
2205 3937 2567 4002 coelestibus
2595 3938 2866 4015 civibuS‚
2896 3941 3075 4021 Juxta
3113 3940 3269 4002 illud
3305 3942 3456 4003 Deu-

1975 4037 2309 4101 teronomii
2366 4054 2379 4097 :
2431 4037 2740 4099 Ascensor
2783 4038 2928 4099 coeli
2977 4039 3139 4101 Deus
3187 4039 3456 4101 rectissi-
3485 4062 3746 4115 mmmm,

1972 4156 2111 4197 mus
2138 4159 2152 4208 3
2196 4134 2625 4197 habitaculum
2669 4135 2808 4215 ejus
2841 4155 3114 4211 sursum,
3148 4145 3211 4199 et
3241 4138 3458 4200 subter
3487 4128 3553 4175 ²⁰³
3580 4128 3648 4167 ²⁷·

368 4258 529 4313 eam,
551 4238 682 4317 jam
718 4238 1073 4299 moechatus
1106 4246 1201 4299 est
1233 4256 1370 4299 eam
1406 4237 1471 4297 in
1503 4237 1691 4298 corde
1722 4254 1858 4297 suc.
1895 4236 1944 4301 D
1970 4233 2231 4296 brachia
2270 4232 2676 4313 sempiterna.
2718 4233 3042 4310 Praeterca,
3085 4234 3262 4315 juxta
3301 4235 3460 4297 Tho-

126 4360 335 4408 Εεειωκ,
368 4336 528 4397 Hinc
572 4335 881 4416 scriptum
930 4344 1024 4397 est
1071 4335 1137 4396 in
1176 4334 1621 4397 Ecclesiastico
1670 4352 1682 4395 :
1729 4334 1866 4396 vir-

95 4426 228 4469 ⁰·⁷·‘·'·
364 4434 584 4513 ginem
630 4452 709 4496 ne
752 4433 1134 4513 conspiciaS,
1184 4452 1265 4494 nc
1309 4433 1753 4495 scandalizeris
1799 4433 1865 4493 in

366 4534 598 4595 decore
648 4532 811 4612 ejus,
854 4530 991 4593 Noli
1044 4530 1532 4612 circumspicere
1594 4531 1659 4591 in
1706 4530 1865 4593 vicis

367 4630 674 4693 civitatis.
728 4630 957 4691 Averte
1017 4628 1246 4691 faciem
1293 4638 1464 4692 tuam
1515 4649 1550 4691 a
1600 4630 1867 4693 muliere

368 4736 650 4809 compta.
702 4727 963 4808 Propter
1018 4726 1295 4808 speciem
1346 4727 1631 4789 mulieris
1681 4728 1865 4789 multi

120 4840 223 4881 ιωα.
244 4855 337 4884 ω.
368 4825 723 4907 perierunt.
749 4824 1030 4905 Itemque
1057 4841 1070 4885 :
1096 4824 1161 4885 ln
1192 4824 1402 4906 specie
1435 4824 1733 4897 mulieriS,
1756 4825 1861 4899 ira,

98 4902 234 4946 ²³²²9·
370 4930 433 4983 et
484 4920 924 4997 irreverentia,
967 4929 1031 4983 et
1081 4920 1377 4983 confusio
1423 4939 1673 4999 magna.
1708 4920 1869 4993 Quo-

371 5021 545 5083 niam
587 5038 740 5099 ergo
784 5018 1053 5081 intuitus
1094 5020 1447 5093 oculorum,
1488 5027 1577 5081 tot
1618 5019 1866 5081 occasio

371 5129 469 5181 est
496 5118 837 5193 malorum,
875 5118 1105 5180 iterum
1147 5118 1212 5178 'in
1243 5116 1685 5179 Ecclesiastico
1716 5118 1867 5179 scri-

114 5239 339 5289 111111.m·‚
372 5227 554 5299 ptum
604 5224 699 5279 est
750 5232 765 5277 z
813 5216 1009 5278 Oculo
1058 5216 1213 5295 quid
1262 5215 1535 5297 nequius
1584 5223 1863 5277 creatum

102 5304 155 5343 ¹⁵·
371 5317 513 5378 estt
544 5314 757 5391 Porro,
794 5314 1143 5375 secundum
1172 5312 1564 5393 Gregorium‚
1600 5313 1867 5375 exterio-

1973 4351 2164 4407 mam,
2199 4331 2582 4412 quandoque
2621 4330 2934 4410 contingit
2973 4333 3140 4412 quod
3185 4333 3462 4396 luxurio-

1974 4431 2027 4491 si
2058 4432 2139 4492 ad
2171 4431 2392 4493 horam
2427 4431 2506 4491 de
2546 4430 2671 4491 Deo
2712 4430 3129 4511 spiritualiter
3157 4430 3460 4511 cogitant,

1975 4530 2085 4591 sed
2107 4546 2254 4590 mox
2277 4547 2388 4609 per
2417 4527 2853 4589 delectationis
2885 4528 3465 4610 concupiscentiam

1976 4633 2351 4688 revocantur
2379 4624 2459 4685 ad
2499 4624 2647 4685 ima.
2683 4624 2825 4687 Ideo
2855 4625 3019 4686 Deus
3059 4626 3124 4686 in
3166 4626 3257 4687 eis
3289 4626 3468 4690 here-

1976 4724 2261 4797 ditatem,
2313 4723 2375 4784 id
2416 4730 2509 4784 est
2563 4720 2813 4782 firmam
2860 4742 2934 4785 ac
2982 4723 3276 4785 stabilem
3325 4743 3469 4806 pos-

1976 4822 2348 4897 sessionem,
2401 4840 2527 4884 non
2587 4821 2798 4883 habet.
2859 4821 3034 4883 Unde
3091 4830 3339 4903 oportet
3399 4831 3470 4884 ut

1977 4919 2295 4982 hereditas
2338 4918 2447 4980 Dei
2497 4917 2579 4979 sit
2631 4918 2693 4978 in
2745 4917 2845 4979 his
2893 4918 3006 4997 qui
3055 4917 3354 4980 sublimia
3405 4929 3468 4981 et

1977 5016 2335 5100 spiritualia
2383 5023 2724 5097 appetunt,
2781 5034 2907 5077 non
2959 5015 3022 5077 in
3076 5015 3178 5077 his
3224 5017 3336 5097 qui
3383 5016 3462 5078 ad

1976 5114 2258 5179 carnalia
2309 5120 2614 5175 corruunt
2661 5132 2732 5175 ac
2781 5112 3197 5175 descendunt.
3247 5114 3464 5197 Itaque

1976 5214 2161 5277 electi
2220 5220 2278 5274 et
2329 5211 2592 5274 virtuosi
2643 5219 2791 5272 sunt
2843 5210 3098 5292 proprie
3148 5213 3464 5276 hereditas

1976 5312 2107 5385 Dei,
2133 5308 2244 5390 qui
2275 5328 2387 5390 per
2408 5308 2626 5370 isaiam
2663 5316 2925 5369 testatur
2946 5325 2958 5370 :
2979 5308 3304 5372 Hereditas
3325 5330 3465 5375 mea
3517 5330 3758 5383 10.x·x,25.
