4309 6259
586 1514 717 1569 1⁸29.
730 1528 828 1563 xvu.

563 1580 709 1620 48-51.

570 4260 711 4305 [Tim.
724 4274 777 4313 vi,
787 4263 828 4307 7.

608 4458 680 4500 Pa.
692 4470 829 4508 nutu,

568 4520 635 4572 17,
656 4520 725 4563 18.

852 509 971 571 612
1662 519 2009 567 mannum
2050 518 2113 563 m
2154 518 2292 564 ω.
2337 516 2509 562 xxvn
2547 517 2674 563 soa.
2719 537 2800 547 —
2839 519 2983 565 aar.
3029 520 3132 567 uu

852 704 1181 776 argentum
1230 694 1578 775 collegerit,
1622 692 1906 773 talesque
1954 698 2161 753 vestes
2212 686 2336 749 sibi
2367 682 2416 744 A
2449 685 2516 747 ni
2561 686 2795 750 virtute
2853 696 2916 750 et
2973 690 3203 753 merito
3255 708 3548 753 vacuum.
3607 690 3674 751 In
3725 688 3938 771 poenis

850 794 1186 875 paraverit,
1206 814 1278 857 ac
1310 813 1527 857 secum
1551 791 1849 855 detulerit
1875 790 1954 852 ad
1984 788 2339 868 disceptan-

854 896 1005 958 dum
1044 903 1264 957 contra
1294 893 1689 955 Catholicum
1730 890 2047 963 edoctum,
2082 885 2182 949 vir
2221 884 2340 945 iste

852 992 1203 1056 catholicus
1248 990 1446 1055 verba
1492 988 1985 1068 testimoniaque
2036 984 2210 1046 illius
2259 983 2338 1042 ad

854 1092 1184 1174 proprium
1227 1099 1507 1155 assumet
1548 1087 2091 1172 comprobandum
2137 1084 2343 1145 inten-

852 1198 1011 1268 tum,
1047 1193 1124 1253 ad
1158 1190 1313 1255 fidei
1345 1188 1806 1264 defensionem,
1833 1187 1909 1249 ad
1942 1182 2238 1247 falsitatis
2270 1198 2343 1242 ac

854 1289 1201 1371 impietatis
1233 1289 1727 1353 destructionem
1764 1304 1777 1348 :
1812 1287 2033 1366 sicque
2067 1281 2340 1363 impium

857 1390 1133 1471 propriis
1164 1409 1306 1471 quae
1338 1409 1553 1453 secum
1585 1387 1834 1463 detulit,
1860 1384 2053 1448 armis
2084 1380 2344 1446 convin-

858 1497 980 1564 cet,
1015 1489 1179 1551 sicut
1208 1487 1404 1552 David
1436 1487 1670 1551 occidit
1699 1484 1971 1549 Goliath.
2002 1480 2212 1545 Verba
2241 1479 2344 1540 de-

858 1606 1031 1647 mum
1078 1594 1141 1649 et
1184 1586 1517 1649 scientiam
1557 1584 2024 1665 Scripturarum
2064 1578 2242 1642 dabit
2281 1582 2344 1637 et

857 1684 1119 1762 dividet,
1154 1704 1265 1747 seu
1296 1691 1611 1767 proponet
1647 1690 1838 1762 atque
1880 1686 2152 1761 exponet
2189 1674 2344 1737 fide-

858 1782 1052 1845 libus.

2451 801 2704 866 quoque
2761 786 2996 849 inferni
3047 806 3224 849 suam
3283 788 3568 851 advertet
3619 787 3938 849 insaniam

2451 891 2642 963 atque
2699 884 3032 966 inopiam3
3097 886 3164 948 in
3225 888 3688 949 resurrectione
3745 886 3940 948 etiam

2452 982 2671 1044 oculos
2701 984 2909 1045 carnis
2940 986 3202 1067 aperiet,
3239 1004 3434 1067 seque
3464 984 3940 1067 pauperrimum

2453 1088 2690 1142 cernet.
2737 1082 2894 1145 Hinc
2947 1082 3149 1146 fertur
3197 1084 3263 1146 in
3311 1084 3557 1146 Psalmo
3601 1100 3616 1144 :
3661 1082 3941 1146 Dormie-
3970 1099 4219 1144 Pauus.

2455 1186 2604 1239 runt
2641 1197 2934 1243 somnum
2979 1202 3188 1261 suum,
3231 1191 3294 1245 et
3341 1183 3504 1245 nihil
3553 1182 3940 1245 invenerunt

2454 1294 2676 1341 omnes
2705 1279 2830 1343 viri
2858 1280 3228 1344 divitiarum
3260 1282 3326 1343 in
3356 1280 3651 1344 manibus
3683 1280 3838 1343 suis,

2551 1380 3006 1456 Apprelzendet
3052 1402 3198 1441 eum
3247 1382 3437 1461 quasi
3484 1402 3683 1461 aqua,
3735 1379 3797 1440 id
3845 1386 3944 1441 est

2457 1473 2873 1553 abundanter,
2908 1480 3160 1555 inopia,
3189 1478 3256 1540 id
3287 1488 3382 1541 est
3411 1479 3619 1541 omnis
3649 1478 3806 1540 boni
3835 1478 3944 1539 de-

2457 1570 2662 1635 fectus
2701 1575 2766 1635 in
2807 1575 3082 1640 inferno.
3122 1577 3382 1659 Propter
3422 1578 3592 1658 quod
3633 1576 3944 1639 Ecclesia-

2457 1680 2584 1733 stes
2632 1673 2823 1736 habet

936 1883 1324 1959 AEdificavit
1352 1884 1519 1941 sicut
1550 1882 1723 1941 tinea
1751 1883 2014 1939 domum
2044 1895 2256 1945 suam,
2279 1871 2345 1933 id
2383 1872 2430 1934 B
2458 1870 2638 1946 ratio,
2692 1890 2808 1933 nec
2859 1872 3191 1954 sapientia,
3243 1891 3360 1935 nec
3411 1871 3703 1946 scientia,
3755 1878 3942 1933 erunt

856 1988 967 2056 est,
986 1979 1350 2042 instabilem
1380 1978 1503 2041 sibi
1534 1978 1932 2040 mansionem
1964 1971 2340 2047 construxit,

855 2078 1007 2160 quia
1036 2078 1355 2161 peccando
1387 2085 1667 2139 meretur
1694 2075 1807 2137 illa
1834 2073 2095 2156 privari,
2122 2089 2345 2152 quem-

858 2177 1199 2240 admodum
1231 2175 1401 2238 tinea
1430 2184 1670 2240 vestem
1710 2173 1991 2236 rodendo
2032 2175 2345 2253 praeparat

855 2275 978 2337 sibi
1013 2276 1221 2338 locum
1254 2275 1319 2337 in
1352 2294 1447 2351 ea,
1483 2274 1591 2337 sed
1622 2271 1972 2336 corrosioni
2013 2268 2338 2343 insistenS,

858 2373 1067 2436 locum
1107 2373 1289 2436 illum
1328 2372 1585 2435 amittit.
1622 2375 1705 2434 Ec
1741 2374 1908 2431 sicut
1946 2378 2148 2429 eustos
2191 2368 2345 2443 fecit

856 2474 1309 2533 umbraculum
1338 2492 1360 2530 .·
1394 2470 1457 2532 id
1497 2477 1612 2546 est,
1655 2465 2192 2551 quemadmodum
2237 2481 2345 2525 cu-

858 2578 988 2634 stos
1032 2569 1234 2633 vineae
1279 2569 1431 2632 facit
1474 2567 1799 2648 tugurium
1844 2565 1910 2626 in
1956 2582 2084 2645 quo
2129 2562 2346 2645 paulu-

858 2668 990 2730 lum
1020 2668 1804 2749 conquiescat,quousque
1835 2680 1973 2727 uvae
2004 2662 2340 2735 tollantur3

856 2765 948 2828 sic
980 2766 1117 2849 ipse
1145 2763 1579 2827 habitaculum
1610 2762 1733 2824 sibi
1767 2760 1941 2837 fecit,
1964 2760 2027 2820 in
2061 2777 2190 2840 quo
2221 2777 2346 2822 mo-

855 2865 999 2928 dico
1048 2874 1332 2947 tempore
1379 2859 1799 2944 permanebit.
1847 2860 1989 2935 Ista,
2035 2865 2342 2939 quantum

855 2964 934 3025 ad
965 2981 1246 3037 sensum,
1286 2959 1653 3041 frequenter
1681 2956 2033 3040 praehabita
2064 2964 2234 3032 sunt,
2261 2955 2346 3017 id-

2457 1970 2623 2050 apud
2666 1968 2908 2033 inferos
2952 1990 3081 2052 quo
3124 1979 3194 2033 tu
3237 1990 3562 2054 properaS.
3611 1970 3688 2030 Et
3729 1968 3943 2031 Eccle-

2457 2066 2747 2131 siasticus
2783 2087 2794 2130 :
2830 2068 2992 2132 Ante
3031 2069 3275 2132 obitum
3317 2078 3494 2131 tuum
3542 2086 3806 2150 operare
3843 2068 3942 2149 ju-
3987 2089 4132 2132 acen.
4149 2103 4220 2132 m.

2456 2166 2718 2245 stitiam,
2769 2167 3072 2249 quoniam
3131 2187 3258 2232 non
3315 2176 3412 2231 est
3469 2167 3635 2249 apud
3699 2166 3940 2229 inferos
3973 2154 4042 2194 ¹⁷·

2457 2264 2746 2329 invenire
2787 2267 2988 2329 cibos,
3033 2267 3337 2347 Denique,
3383 2266 3548 2327 sicut
3590 2284 3757 2347 aqua
3793 2283 3940 2327 eum

2456 2383 2647 2444 quem
2678 2366 3120 2449 apprehendit,
3154 2374 3331 2428 extra
3359 2366 3712 2428 circumdat
3751 2372 3814 2427 et
3853 2364 3944 2425 in-

2457 2472 2557 2525 tus
2591 2464 2830 2545 replet3
2876 2464 2969 2528 sic
3010 2483 3216 2547 poenae
3255 2472 3318 2527 et
3355 2464 3806 2526 inundationes
3845 2462 3944 2522 in-

2456 2561 2600 2639 feri,
2656 2563 2986 2626 damnatos
3034 2564 3333 2645 operiunt
3379 2582 3453 2626 ac
3499 2561 3778 2625 totaliter
3825 2560 3943 2622 im-

2456 2660 2655 2742 plent.
2689 2661 2886 2724 Tanta
2915 2662 3173 2725 demum
3202 2670 3299 2725 est
3329 2660 3566 2724 inferni
3600 2660 3837 2741 inopia,
3876 2666 3944 2720 ut

2877 1694 2890 1738 :
2942 1674 3394 1757 Quodcumque
3449 1683 3659 1757 potest
3713 1692 3941 1735 manus
4008 1696 4224 1739 sectam.

2458 1778 2586 1847 tua,
2622 1770 2933 1835 instanter
2960 1792 3255 1855 operare3
3289 1774 3443 1855 quia
3471 1792 3587 1836 nec
3616 1791 3800 1855 opuS‚
3825 1790 3942 1833 nec
3975 1761 4041 1799 ¹⁰·

4279 2560 4281 2667 ἱ

4280 2668 4281 2757 Ν

2455 2758 2634 2821 dives
2673 2758 2864 2841 epulo
2906 2767 3147 2839 guttam
3187 2778 3368 2839 aquae
3410 2757 3685 2839 petierit,
3729 2764 3794 2819 et
3833 2756 3940 2817 im·
4012 2770 4121 2814 Luc.
4147 2784 4223 2814 m
4280 2778 4281 2783 ¹

2455 2866 2703 2940 petrare
2763 2876 2890 2920 non
2951 2858 3178 2941 potuit.
3235 2859 3456 2927 Nocte,
3517 2856 3581 2917 id
3640 2864 3736 2918 est
3783 2855 3940 2917 hora

2453 2956 2875 3033 adversitatiS,
2911 2955 3157 3032 mort-ia,
3201 2974 3309 3018 seu
3354 2953 3806 3029 damnationis,
3839 2974 3943 3031 op-

856 3079 931 3124 eo
963 3058 1289 3124 immorari
1318 3056 1719 3139 superfluum
1750 3065 1860 3117 est.
1888 3054 2339 3137 Spiritualiter,
2380 3056 2425 3118 C
2449 3058 2689 3131 primet
2725 3076 2873 3116 eum
2915 3066 3266 3132 tempesta-5,
3297 3053 3361 3115 id
3399 3061 3496 3115 est
3532 3054 3808 3134 impetus
3847 3052 3942 3113 ul-
4280 3122 4281 3141 χ

2457 3153 2646 3215 tionis
2678 3153 3304 3231 divinae,secundum
3335 3151 3492 3213 illud
3522 3151 3803 3214 Nahum:
3831 3151 3941 3213 Do-
4003 3164 4177 3207 Natum
4201 3178 4222 3213 ι,
4280 3190 4281 3213 ἦ

856 3157 1061 3220 malus
1093 3155 1547 3237 negligensque
1584 3154 1881 3236 praelatus
1926 3155 2186 3215 domum
2220 3152 2342 3213 sibi

856 3254 1136 3318 aedificat
1172 3254 1337 3317 sicut
1380 3262 1443 3315 et
1486 3252 1658 3315 tinea
1692 3271 1707 3315 t
1743 3251 2047 3333 quoniam
2081 3251 2247 3313 inter
2276 3250 2346 3311 il-

859 3355 954 3416 los
986 3361 1281 3429 moratur,
1297 3369 1567 3433 quorum
1593 3351 1782 3414 corda
1810 3350 1991 3411 malis
2023 3349 2345 3430 exemplis,

859 3452 1199 3533 verbisque
1247 3450 1463 3531 impiis
1517 3468 1589 3511 ac
1639 3447 2027 3529 negligentia
2082 3447 2348 3510 demoli-

858 3558 987 3625 tur3
1012 3559 1075 3613 et
1105 3549 1288 3631 quasi
1317 3547 1428 3610 diu
1458 3547 1735 3610 victurus
1767 3546 1850 3607 sit
1880 3545 1999 3622 hic,
2020 3546 2342 3621 construit,

858 3648 1033 3724 emit,
1060 3654 1368 3729 paratque
1397 3644 1619 3721 multa,
1645 3663 1773 3708 non
1805 3644 2137 3706 attendens
2171 3643 2342 3724 quod

856 3745 1147 3809 celeriter
1204 3743 1531 3819 morietur,
1588 3749 1651 3804 et
1705 3749 1933 3804 cuncta
1996 3740 2336 3822 relinquet.

856 3844 1015 3907 Hinc
1046 3842 1343 3905 subditur
1380 3858 1392 3903 :

936 3946 1129 4003 Dives
1158 3962 1359 4021 quum
1388 3941 1755 4007 dormierit,
1786 3940 1959 3998 nihil
1986 3959 2198 3998 seeum
2229 3959 2345 3998 au-

855 4043 1040 4119 feret,
1076 4040 1138 4101 id
1184 4046 1299 4115 est,
1350 4036 1513 4099 nihil
1556 4037 1636 4098 de
1682 4035 1813 4097 suis
1858 4036 2088 4118 opibus
2133 4036 2343 4117 ipsum

859 4147 1179 4221 sequetur,
1229 4136 1407 4217 juxta
1454 4134 1612 4195 illud
1670 4133 1953 4216 Apostoli
2012 4134 2092 4196 ad
2144 4133 2344 4197 Timo-

2455 3251 2689 3327 minus,
2724 3251 2790 3312 in
2817 3259 3204 3334 tempestate
3242 3258 3306 3313 et
3341 3250 3594 3313 turbine
3624 3249 3744 3314 viae
3773 3250 3936 3331 ejus.
3967 3228 4013 3269 ³·

3189 3348 3550 3429 Tempestas
3599 3366 3940 3428 erumpens
3970 3360 4102 3464 igar.
4119 3373 4218 3407 nm,

2453 3350 2754 3411 Jeremias
2814 3368 3070 3430 quoque
3121 3366 3134 3410 :

2457 3465 2646 3527 super
2685 3454 2875 3528 caput
2915 3444 3256 3527 impiorum
3304 3444 3538 3507 veniet.

2559 3547 2754 3605 Tollet
2794 3564 2942 3604 eum
2984 3552 3211 3603 ventus
3256 3562 3474 3612 arena,
3517 3551 3576 3601 et
3621 3543 3874 3619 auferet
3918 3563 3943 3601 .·

2453 3642 2603 3723 quia
2651 3661 2765 3723 per
2813 3641 3182 3722 languorem
3233 3649 3488 3702 acutum
3536 3639 3826 3702 aufertur
3861 3640 3940 3701 dc

2453 3740 2585 3801 vita
2621 3740 2760 3802 hac.
2804 3740 3102 3801 Diabolus
3148 3758 3403 3820 quoque
3444 3737 3604 3800 flatu
3645 3738 3941 3801 tentatio—

2455 3838 2554 3899 nis
2583 3838 2774 3900 corda
2811 3837 2977 3900 male
3017 3837 3388 3914 incendenS,
3423 3844 3488 3899 et
3527 3836 3796 3899 nocendi
3837 3836 3942 3897 de-

2455 3934 2688 3998 siderio
2720 3936 2969 4012 ardena,
2995 3935 3163 3997 tollit
3193 3954 3338 3997 eum
3369 3936 3448 3997 ad
3481 3933 3744 4011 inferoS‚
3764 3934 3942 4015 juxta

2456 4032 2614 4094 illud
2647 4032 2984 4114 Sapientia}
3018 4051 3031 4094 τ
3067 4032 3390 4113 Tanquam
3425 4031 3611 4096 turbo
3641 4032 3816 4094 venti
3849 4031 3942 4093 di-
3967 4042 4125 4098 says.
4147 4042 4207 4082 ει.

2457 4134 2632 4197 videt
2673 4131 2838 4193 illos.
2885 4134 2968 4193 Et
3009 4136 3182 4191 velut
3223 4134 3402 4191 curbo
3441 4133 3652 4208 rapiet
3677 4151 3826 4190 eum
3863 4134 3942 4191 dc

860 4239 1077 4300 theum
1134 4252 1147 4296 :
1198 4233 1365 4295 Nihil
1420 4232 1751 4293 intulimus
1805 4231 1871 4292 in
1930 4232 2101 4294 hunc
2161 4251 2347 4293 mun·
2378 4239 2426 4299 D
2461 4238 2587 4293 loco
2617 4252 2753 4302 suo,
2789 4229 2853 4291 id
2883 4237 2979 4291 est
3007 4230 3086 4292 de
3115 4229 3266 4293 vitae
3289 4230 3480 4311 hujus
3510 4229 3840 4291 mansione
3870 4248 3939 4290 ac

2459 4331 2804 4412 voluptate,
2839 4328 3003 4391 sicut
3035 4328 3326 4410 superius
3358 4328 3597 4389 dictum
3641 4334 3738 4391 est
3772 4345 3786 4388 ε
3821 4328 3940 4388 Du·
3963 4344 4202 4392 satanan.
4280 4342 4281 4369 2

860 4336 1049 4408 dum3
1085 4332 1254 4394 haud
1287 4330 1551 4392 dubium
1582 4328 1736 4409 quia
1765 4347 1880 4391 nec
1912 4328 2161 4409 auferre
2191 4330 2347 4410 quid

862 4450 1221 4516 possumus,
1272 4430 1349 4490 Et
1407 4428 1472 4488 in
1530 4426 1775 4489 Psalmo
1839 4444 1852 4489 τ
1910 4426 1997 4489 Ne
2053 4426 2347 4489 timueris

860 4549 1061 4615 quum
1099 4528 1277 4593 dives
1321 4526 1525 4589 factus
1565 4524 1761 4588 fuerit
1797 4525 2008 4602 hom0,
2044 4534 2105 4587 et
2144 4546 2344 4607 quum

859 4627 1275 4711 multiplicata
1307 4625 1493 4687 fuerit
1522 4623 1723 4705 gloria
1749 4625 1970 4686 domus
1997 4624 2168 4705 ejus3
2196 4642 2350 4705 quo-

862 4728 1034 4789 niam
1076 4744 1276 4807 quum
1320 4720 1656 4798 interierit,
1691 4740 1819 4783 non
1860 4729 2067 4784 sumet
2105 4722 2342 4800 omnia,

862 4844 1069 4906 neque
1098 4823 1437 4886 descendet
1474 4840 1619 4883 cum
1650 4838 1724 4882 eo
1754 4820 1957 4900 gloria
1995 4821 2158 4900 ejus.
2193 4824 2350 4898 Ape-

859 4928 982 4986 riec
1022 4930 1233 4985 oculos
1274 4946 1441 4995 ειιοε,
1486 4933 1544 4982 et
1586 4925 1761 4984 nihil
1802 4924 2087 4983 inveniet
2125 4944 2147 4982 .·
2191 4921 2342 5002 quia

860 5025 965 5087 vel
1011 5023 1166 5086 hora
1212 5022 1432 5085 mortis
1481 5022 1789 5084 mentales
1846 5022 2048 5103 aperit
2095 5020 2342 5095 oculoS,

862 5121 1322 5184 considerando
1352 5139 1480 5202 quo
1514 5121 1749 5197 tendat,
1775 5120 1926 5201 quid
1954 5126 2168 5194 restet,
2191 5136 2347 5199 quo-

863 5221 1050 5283 modo
1080 5220 1260 5295 vixit,
1279 5218 1434 5299 quid
1465 5217 1701 5291 habuit,
1718 5238 1909 5299 quam
1941 5218 2068 5281 cito
2101 5225 2350 5299 tempus

862 5318 1011 5381 vitae
1039 5336 1168 5381 suae
1198 5316 1508 5380 defluxit:
1536 5326 1811 5397 tuncque
1842 5318 2083 5382 invenit
2118 5336 2186 5379 se
2216 5336 2350 5381 om-

2459 4437 2610 4493 cunt
2638 4428 2703 4489 in
2736 4425 2922 4491 bonis
2952 4426 3087 4488 dies
3119 4433 3367 4502 suOS,et
3396 4424 3462 4487 in
3495 4434 3730 4507 puncto
3750 4425 3827 4487 ad
3853 4425 3940 4486 in-

2461 4528 2639 4590 ferna
2666 4526 3078 4588 descendunt.
3105 4527 3261 4585 Emi
3266 4534 3374 4585 etet
3397 4525 3560 4586 Deus
3581 4544 3772 4601 super
3793 4545 3940 4585 eum

2458 4625 2701 4687 debitas
2741 4640 2982 4706 poenaS,
3015 4632 3074 4683 et
3105 4643 3234 4683 non
3263 4631 3508 4700 parcet,
3546 4620 3606 4683 id
3651 4629 3768 4698 est,
3813 4638 3944 4703 poe-

2459 4744 2604 4786 nam
2628 4722 2864 4785 inferni
2895 4740 3021 4783 non
3049 4720 3427 4792 terminabit,
3450 4739 3566 4783 nec
3589 4719 3944 4800 quidquam

2457 4822 2758 4885 vitiorum
2792 4819 3109 4901 relinquet
3137 4819 3436 4881 inultum.
3459 4822 3553 4880 De
3581 4838 3783 4878 manu
3805 4819 3945 4894 ejus

2458 4924 2718 5000 fay-iens
2745 4921 2975 4997 fuqiet,
3003 4918 3064 4979 id
3096 4927 3212 4993 est,
3247 4937 3505 4979 manum
3537 4936 3647 4979 seu
3678 4924 3948 4997 potesta-

2459 5028 2585 5081 tem
2630 5027 2818 5099 atque
2861 5017 3203 5082 vindictam
3248 5015 3484 5097 judicis
3523 5014 3945 5097 percutientis

2461 5118 2727 5181 evadere
2757 5116 2994 5198 cupiet,
3028 5116 3156 5178 imo
3185 5123 3248 5177 et
3279 5132 3404 5177 non
3435 5132 3574 5175 esse
3604 5111 3870 5195 optabit.

2543 5217 2832 5291 Strinyet
2860 5234 3048 5292 super
3075 5234 3222 5274 ezr-m
3253 5232 3487 5273 manus
3514 5232 3690 5280 sua-3,
3721 5209 3785 5271 id
3825 5216 3940 5285 est,

2464 5320 2772 5400 potestate
2800 5332 2914 5375 sua
2942 5313 3103 5374 Deus
3135 5311 3226 5374 sic
3255 5330 3403 5373 eum
3442 5308 3733 5386 arctabit,
3767 5316 3828 5371 et
3874 5306 3941 5367 in

3967 2836 4116 2876 2⁴·2fi.
