<?xml version="1.0" encoding="UTF-8"?>
<!DOCTYPE html PUBLIC "-//W3C//DTD XHTML 1.0 Transitional//EN"
    "http://www.w3.org/TR/xhtml1/DTD/xhtml1-transitional.dtd">
<html xmlns="http://www.w3.org/1999/xhtml" xml:lang="en" lang="en">
 <head>
  <title>
</title>
<meta http-equiv="Content-Type" content="text/html;charset=utf-8" />
  <meta name='ocr-system' content='tesseract 3.04.00' />
  <meta name='ocr-capabilities' content='ocr_page ocr_carea ocr_par ocr_line ocrx_word'/>
</head>
<body>
  <div class='ocr_page' id='page_1' title='image "./doctorisecstati06unkngoog_0227.png"; bbox 0 0 4309 6259; ppageno 0'>
   <div class='ocr_carea' id='block_1_1' title="bbox 865 494 3513 589">
    <p class='ocr_par' dir='ltr' id='par_1_1' title="bbox 865 494 3513 589">
     <span class='ocr_line' id='line_1_1' title="bbox 865 494 3513 589; baseline -0.001 -28"><span class='ocrx_word' id='word_1_1' title='bbox 865 514 1214 562; x_wconf 64' lang='lat' dir='ltr'><em>mannum</em></span> <span class='ocrx_word' id='word_1_2' title='bbox 1255 516 1318 561; x_wconf 78' lang='lat' dir='ltr'><em>m</em></span> <span class='ocrx_word' id='word_1_3' title='bbox 1359 517 1496 562; x_wconf 69' lang='lat' dir='ltr'><em>cn».</em></span> <span class='ocrx_word' id='word_1_4' title='bbox 1541 516 1604 561; x_wconf 86' lang='lat' dir='ltr'><em>v1</em></span> <span class='ocrx_word' id='word_1_5' title='bbox 1647 514 1806 561; x_wconf 79' lang='lat' dir='ltr'><em>uam</em></span> <span class='ocrx_word' id='word_1_6' title='bbox 1831 514 2099 589; x_wconf 16' lang='lat' dir='ltr'><em>‘saeuum</em></span> <span class='ocrx_word' id='word_1_7' title='bbox 2139 514 2669 562; x_wconf 56' lang='lat' dir='ltr'><em>masuronsflos.</em></span> <span class='ocrx_word' id='word_1_8' title='bbox 2716 532 2797 544; x_wconf 94' lang='lat'>—</span> <span class='ocrx_word' id='word_1_9' title='bbox 2838 513 2979 559; x_wconf 62' lang='lat' dir='ltr'><em>aar.</em></span> <span class='ocrx_word' id='word_1_10' title='bbox 3026 513 3090 559; x_wconf 77' lang='lat' dir='ltr'><em>vi</em></span> <span class='ocrx_word' id='word_1_11' title='bbox 3393 494 3513 559; x_wconf 80' lang='lat'><em>203</em></span> 
     </span>
    </p>
   </div>
   <div class='ocr_carea' id='block_1_2' title="bbox 394 682 3518 767">
    <p class='ocr_par' dir='ltr' id='par_1_2' title="bbox 394 682 3518 767">
     <span class='ocr_line' id='line_1_2' title="bbox 394 682 3518 767; baseline 0 -22"><span class='ocrx_word' id='word_1_12' title='bbox 394 695 686 763; x_wconf 79' lang='lat' dir='ltr'><em>propter</em></span> <span class='ocrx_word' id='word_1_13' title='bbox 713 705 946 745; x_wconf 84' lang='lat' dir='ltr'><em>nomen</em></span> <span class='ocrx_word' id='word_1_14' title='bbox 981 696 1166 746; x_wconf 81' lang='lat' dir='ltr'><em>tuum</em></span> <span class='ocrx_word' id='word_1_15' title='bbox 1208 706 1540 764; x_wconf 74' lang='lat' dir='ltr'><em>maynum,</em></span> <span class='ocrx_word' id='word_1_16' title='bbox 1573 694 1632 745; x_wconf 83' lang='lat' dir='ltr'><em>et</em></span> <span class='ocrx_word' id='word_1_17' title='bbox 1655 694 1922 764; x_wconf 83' lang='lat' dir='ltr'><em>propter</em></span> <span class='ocrx_word' id='word_1_18' title='bbox 1947 682 2000 745; x_wconf 82' lang='lat' dir='ltr'>A</span> <span class='ocrx_word' id='word_1_19' title='bbox 2031 691 2154 759; x_wconf 86' lang='lat' dir='ltr'><em>tur,</em></span> <span class='ocrx_word' id='word_1_20' title='bbox 2182 703 2329 747; x_wconf 88' lang='lat' dir='ltr'><em>arca</em></span> <span class='ocrx_word' id='word_1_21' title='bbox 2350 682 2743 747; x_wconf 83' lang='lat' dir='ltr'><em>fortitudinis</em></span> <span class='ocrx_word' id='word_1_22' title='bbox 2766 683 2897 761; x_wconf 88' lang='lat' dir='ltr'><em>Dei,</em></span> <span class='ocrx_word' id='word_1_23' title='bbox 2916 683 3071 765; x_wconf 89' lang='lat' dir='ltr'><em>quia</em></span> <span class='ocrx_word' id='word_1_24' title='bbox 3090 703 3204 767; x_wconf 89' lang='lat' dir='ltr'><em>per</em></span> <span class='ocrx_word' id='word_1_25' title='bbox 3224 702 3363 746; x_wconf 90' lang='lat' dir='ltr'><em>eam</em></span> <span class='ocrx_word' id='word_1_26' title='bbox 3382 700 3518 745; x_wconf 91' lang='lat' dir='ltr'><em>om-</em></span> 
     </span>
    </p>
   </div>
   <div class='ocr_carea' id='block_1_3' title="bbox 403 788 1922 954">
    <p class='ocr_par' dir='ltr' id='par_1_3' title="bbox 403 788 1922 954">
     <span class='ocr_line' id='line_1_3' title="bbox 407 788 1922 856; baseline -0.001 -11"><span class='ocrx_word' id='word_1_27' title='bbox 407 806 696 845; x_wconf 83' lang='lat' dir='ltr'><em>manum</em></span> <span class='ocrx_word' id='word_1_28' title='bbox 721 796 901 846; x_wconf 81' lang='lat' dir='ltr'><em>tuam</em></span> <span class='ocrx_word' id='word_1_29' title='bbox 923 789 1275 856; x_wconf 77' lang='lat' dir='ltr'><strong><em>robustam,</em></strong></span> <span class='ocrx_word' id='word_1_30' title='bbox 1295 796 1355 847; x_wconf 93' lang='lat' dir='ltr'><em>et</em></span> <span class='ocrx_word' id='word_1_31' title='bbox 1376 788 1712 847; x_wconf 75' lang='lat' dir='ltr'><em>brachium</em></span> <span class='ocrx_word' id='word_1_32' title='bbox 1736 795 1922 845; x_wconf 82' lang='lat' dir='ltr'><em>tuum</em></span> 
     </span>
     <span class='ocr_line' id='line_1_4' title="bbox 403 886 1922 954; baseline 0 -13"><span class='ocrx_word' id='word_1_33' title='bbox 403 893 858 954; x_wconf 72' lang='lat' dir='ltr'><em>extentum,et</em></span> <span class='ocrx_word' id='word_1_34' title='bbox 888 886 1262 946; x_wconf 80' lang='lat' dir='ltr'><em>adoraverit</em></span> <span class='ocrx_word' id='word_1_35' title='bbox 1292 887 1360 945; x_wconf 81' lang='lat' dir='ltr'><em>in</em></span> <span class='ocrx_word' id='word_1_36' title='bbox 1397 890 1526 945; x_wconf 84' lang='lat' dir='ltr'><em>loco</em></span> <span class='ocrx_word' id='word_1_37' title='bbox 1557 887 1704 954; x_wconf 85' lang='lat' dir='ltr'><em>istc,</em></span> <span class='ocrx_word' id='word_1_38' title='bbox 1735 894 1802 945; x_wconf 81' lang='lat' dir='ltr'><em>tu</em></span> <span class='ocrx_word' id='word_1_39' title='bbox 1823 903 1922 942; x_wconf 80' lang='lat' dir='ltr'><em>eoe-</em></span> 
     </span>
    </p>
   </div>
   <div class='ocr_carea' id='block_1_4' title="bbox 403 988 1926 3034">
    <p class='ocr_par' dir='ltr' id='par_1_4' title="bbox 403 988 1923 1658">
     <span class='ocr_line' id='line_1_5' title="bbox 405 988 1920 1065; baseline 0.001 -19"><span class='ocrx_word' id='word_1_40' title='bbox 405 988 651 1047; x_wconf 81' lang='lat' dir='ltr'><em>audies</em></span> <span class='ocrx_word' id='word_1_41' title='bbox 677 990 760 1047; x_wconf 89' lang='lat' dir='ltr'><em>de</em></span> <span class='ocrx_word' id='word_1_42' title='bbox 789 992 964 1059; x_wconf 83' lang='lat' dir='ltr'><em>coelo,</em></span> <span class='ocrx_word' id='word_1_43' title='bbox 986 990 1361 1065; x_wconf 75' lang='lat' dir='ltr'><em>firmissimo</em></span> <span class='ocrx_word' id='word_1_44' title='bbox 1387 990 1758 1049; x_wconf 79' lang='lat' dir='ltr'><em>habitaculo</em></span> <span class='ocrx_word' id='word_1_45' title='bbox 1791 997 1920 1055; x_wconf 82' lang='lat' dir='ltr'><em>tuo,</em></span> 
     </span>
     <span class='ocr_line' id='line_1_6' title="bbox 405 1086 1923 1167; baseline 0.001 -24"><span class='ocrx_word' id='word_1_46' title='bbox 405 1094 476 1144; x_wconf 84' lang='lat' dir='ltr'><em>et</em></span> <span class='ocrx_word' id='word_1_47' title='bbox 502 1086 716 1161; x_wconf 69' lang='lat' dir='ltr'><em>facies</em></span> <span class='ocrx_word' id='word_1_48' title='bbox 743 1096 980 1147; x_wconf 81' lang='lat' dir='ltr'><em>cuncta</em></span> <span class='ocrx_word' id='word_1_49' title='bbox 1011 1106 1136 1163; x_wconf 84' lang='lat' dir='ltr'><em>pro</em></span> <span class='ocrx_word' id='word_1_50' title='bbox 1174 1089 1408 1167; x_wconf 80' lang='lat' dir='ltr'><em>quibus</em></span> <span class='ocrx_word' id='word_1_51' title='bbox 1439 1087 1834 1147; x_wconf 77' lang='lat' dir='ltr'><em>invocaverit</em></span> <span class='ocrx_word' id='word_1_52' title='bbox 1867 1095 1923 1145; x_wconf 89' lang='lat' dir='ltr'><em>te</em></span> 
     </span>
     <span class='ocr_line' id='line_1_7' title="bbox 411 1185 1922 1263; baseline 0.001 -22"><span class='ocrx_word' id='word_1_53' title='bbox 411 1186 538 1259; x_wconf 79' lang='lat' dir='ltr'><em>ille</em></span> <span class='ocrx_word' id='word_1_54' title='bbox 579 1186 970 1263; x_wconf 72' lang='lat' dir='ltr'><em>pereyrinus</em></span> <span class='ocrx_word' id='word_1_55' title='bbox 999 1206 1022 1245; x_wconf 92' lang='lat'><em>.·</em></span> <span class='ocrx_word' id='word_1_56' title='bbox 1057 1196 1130 1245; x_wconf 84' lang='lat' dir='ltr'><em>ut</em></span> <span class='ocrx_word' id='word_1_57' title='bbox 1176 1186 1386 1246; x_wconf 85' lang='lat' dir='ltr'><em>sciant</em></span> <span class='ocrx_word' id='word_1_58' title='bbox 1434 1204 1648 1245; x_wconf 80' lang='lat' dir='ltr'><em>omnes</em></span> <span class='ocrx_word' id='word_1_59' title='bbox 1691 1185 1922 1263; x_wconf 80' lang='lat' dir='ltr'><em>populi</em></span> 
     </span>
     <span class='ocr_line' id='line_1_8' title="bbox 416 1284 1922 1355; baseline 0.001 -14"><span class='ocrx_word' id='word_1_60' title='bbox 416 1291 616 1344; x_wconf 80' lang='lat' dir='ltr'><em>terroe</em></span> <span class='ocrx_word' id='word_1_61' title='bbox 663 1304 898 1343; x_wconf 83' lang='lat' dir='ltr'><em>nomen</em></span> <span class='ocrx_word' id='word_1_62' title='bbox 947 1293 1154 1355; x_wconf 78' lang='lat' dir='ltr'><em>tuum,</em></span> <span class='ocrx_word' id='word_1_63' title='bbox 1195 1293 1256 1343; x_wconf 90' lang='lat' dir='ltr'><em>et</em></span> <span class='ocrx_word' id='word_1_64' title='bbox 1308 1286 1579 1344; x_wconf 81' lang='lat' dir='ltr'><em>timeant</em></span> <span class='ocrx_word' id='word_1_65' title='bbox 1630 1293 1706 1354; x_wconf 85' lang='lat' dir='ltr'><em>te,</em></span> <span class='ocrx_word' id='word_1_66' title='bbox 1755 1284 1922 1343; x_wconf 85' lang='lat' dir='ltr'><em>sicut</em></span> 
     </span>
     <span class='ocr_line' id='line_1_9' title="bbox 403 1382 1923 1459; baseline -0.001 -18"><span class='ocrx_word' id='word_1_67' title='bbox 403 1385 705 1458; x_wconf 79' lang='lat' dir='ltr'><em>populus</em></span> <span class='ocrx_word' id='word_1_68' title='bbox 757 1391 909 1441; x_wconf 84' lang='lat' dir='ltr'><em>tuus</em></span> <span class='ocrx_word' id='word_1_69' title='bbox 956 1384 1186 1452; x_wconf 82' lang='lat' dir='ltr'><em>Israel,</em></span> <span class='ocrx_word' id='word_1_70' title='bbox 1234 1391 1295 1442; x_wconf 90' lang='lat' dir='ltr'><em>et</em></span> <span class='ocrx_word' id='word_1_71' title='bbox 1340 1390 1718 1458; x_wconf 72' lang='lat' dir='ltr'><em>coynoscant</em></span> <span class='ocrx_word' id='word_1_72' title='bbox 1764 1382 1923 1459; x_wconf 79' lang='lat' dir='ltr'><em>quia</em></span> 
     </span>
     <span class='ocr_line' id='line_1_10' title="bbox 407 1482 1922 1557; baseline 0 -18"><span class='ocrx_word' id='word_1_73' title='bbox 407 1500 654 1540; x_wconf 74' lang='lat' dir='ltr'><em>nomen</em></span> <span class='ocrx_word' id='word_1_74' title='bbox 691 1491 878 1542; x_wconf 80' lang='lat' dir='ltr'><em>tuum</em></span> <span class='ocrx_word' id='word_1_75' title='bbox 909 1482 1282 1543; x_wconf 82' lang='lat' dir='ltr'><em>invocatum</em></span> <span class='ocrx_word' id='word_1_76' title='bbox 1311 1490 1400 1541; x_wconf 90' lang='lat' dir='ltr'><em>est</em></span> <span class='ocrx_word' id='word_1_77' title='bbox 1429 1500 1622 1557; x_wconf 83' lang='lat' dir='ltr'><em>super</em></span> <span class='ocrx_word' id='word_1_78' title='bbox 1657 1482 1922 1539; x_wconf 80' lang='lat' dir='ltr'><em>domum</em></span> 
     </span>
     <span class='ocr_line' id='line_1_11' title="bbox 409 1581 1649 1658; baseline 0.001 -20"><span class='ocrx_word' id='word_1_79' title='bbox 409 1582 617 1649; x_wconf 82' lang='lat' dir='ltr'><em>hanc,</em></span> <span class='ocrx_word' id='word_1_80' title='bbox 650 1600 852 1658; x_wconf 82' lang='lat' dir='ltr'><em>quam</em></span> <span class='ocrx_word' id='word_1_81' title='bbox 877 1581 1207 1656; x_wconf 75' lang='lat' dir='ltr'><em>(edificavi</em></span> <span class='ocrx_word' id='word_1_82' title='bbox 1234 1581 1493 1641; x_wconf 79' lang='lat' dir='ltr'><em>nomini</em></span> <span class='ocrx_word' id='word_1_83' title='bbox 1525 1589 1649 1640; x_wconf 80' lang='lat' dir='ltr'><em>tuo.</em></span> 
     </span>
    </p>

    <p class='ocr_par' dir='ltr' id='par_1_5' title="bbox 405 1678 1926 3034">
     <span class='ocr_line' id='line_1_12' title="bbox 499 1678 1926 1756; baseline -0.001 -19"><span class='ocrx_word' id='word_1_84' title='bbox 499 1678 585 1737; x_wconf 88' lang='lat' dir='ltr'><em>Si</em></span> <span class='ocrx_word' id='word_1_85' title='bbox 611 1697 898 1753; x_wconf 72' lang='lat' dir='ltr'><em>cyressus</em></span> <span class='ocrx_word' id='word_1_86' title='bbox 927 1678 1136 1756; x_wconf 82' lang='lat' dir='ltr'><em>fuerit</em></span> <span class='ocrx_word' id='word_1_87' title='bbox 1171 1682 1455 1756; x_wconf 79' lang='lat' dir='ltr'><em>populus</em></span> <span class='ocrx_word' id='word_1_88' title='bbox 1497 1687 1647 1738; x_wconf 83' lang='lat' dir='ltr'><em>tuus</em></span> <span class='ocrx_word' id='word_1_89' title='bbox 1691 1679 1779 1737; x_wconf 87' lang='lat' dir='ltr'><em>ad</em></span> <span class='ocrx_word' id='word_1_90' title='bbox 1806 1678 1926 1735; x_wconf 85' lang='lat' dir='ltr'><em>bet-</em></span> 
     </span>
     <span class='ocr_line' id='line_1_13' title="bbox 411 1776 1922 1853; baseline 0.002 -21"><span class='ocrx_word' id='word_1_91' title='bbox 411 1777 564 1845; x_wconf 75' lang='lat' dir='ltr'><em>lum</em></span> <span class='ocrx_word' id='word_1_92' title='bbox 604 1785 833 1835; x_wconf 83' lang='lat' dir='ltr'><em>contra</em></span> <span class='ocrx_word' id='word_1_93' title='bbox 861 1777 1266 1836; x_wconf 84' lang='lat' dir='ltr'><em>adversarios</em></span> <span class='ocrx_word' id='word_1_94' title='bbox 1305 1796 1473 1847; x_wconf 83' lang='lat' dir='ltr'><em>suos,</em></span> <span class='ocrx_word' id='word_1_95' title='bbox 1487 1796 1609 1853; x_wconf 82' lang='lat' dir='ltr'><em>per</em></span> <span class='ocrx_word' id='word_1_96' title='bbox 1639 1777 1818 1835; x_wconf 85' lang='lat' dir='ltr'><em>viam</em></span> <span class='ocrx_word' id='word_1_97' title='bbox 1848 1776 1922 1835; x_wconf 80' lang='lat' dir='ltr'><em>in</em></span> 
     </span>
     <span class='ocr_line' id='line_1_14' title="bbox 407 1875 1920 1952; baseline 0.001 -19"><span class='ocrx_word' id='word_1_98' title='bbox 407 1894 554 1952; x_wconf 82' lang='lat' dir='ltr'><em>qua</em></span> <span class='ocrx_word' id='word_1_99' title='bbox 583 1875 844 1933; x_wconf 86' lang='lat' dir='ltr'><em>miseris</em></span> <span class='ocrx_word' id='word_1_100' title='bbox 870 1894 996 1943; x_wconf 89' lang='lat' dir='ltr'><em>eos,</em></span> <span class='ocrx_word' id='word_1_101' title='bbox 1023 1876 1389 1935; x_wconf 78' lang='lat' dir='ltr'><em>adorabunt</em></span> <span class='ocrx_word' id='word_1_102' title='bbox 1412 1886 1468 1935; x_wconf 89' lang='lat' dir='ltr'><em>te</em></span> <span class='ocrx_word' id='word_1_103' title='bbox 1497 1884 1721 1935; x_wconf 85' lang='lat' dir='ltr'><em>contra</em></span> <span class='ocrx_word' id='word_1_104' title='bbox 1745 1876 1920 1935; x_wconf 83' lang='lat' dir='ltr'><em>viam</em></span> 
     </span>
     <span class='ocr_line' id='line_1_15' title="bbox 411 1973 1922 2053; baseline 0.001 -22"><span class='ocrx_word' id='word_1_105' title='bbox 411 1973 494 2033; x_wconf 80' lang='lat' dir='ltr'><em>in</em></span> <span class='ocrx_word' id='word_1_106' title='bbox 539 1992 676 2050; x_wconf 83' lang='lat' dir='ltr'><em>qua</em></span> <span class='ocrx_word' id='word_1_107' title='bbox 713 1974 950 2033; x_wconf 87' lang='lat' dir='ltr'><em>civitas</em></span> <span class='ocrx_word' id='word_1_108' title='bbox 987 1975 1121 2034; x_wconf 78' lang='lat' dir='ltr'><em>lzaec</em></span> <span class='ocrx_word' id='word_1_109' title='bbox 1162 1982 1273 2044; x_wconf 86' lang='lat' dir='ltr'><em>est,</em></span> <span class='ocrx_word' id='word_1_110' title='bbox 1318 1994 1516 2053; x_wconf 79' lang='lat' dir='ltr'><em>quam</em></span> <span class='ocrx_word' id='word_1_111' title='bbox 1563 1974 1834 2050; x_wconf 71' lang='lat' dir='ltr'><em>eleyisti,</em></span> <span class='ocrx_word' id='word_1_112' title='bbox 1863 1983 1922 2033; x_wconf 91' lang='lat' dir='ltr'><em>et</em></span> 
     </span>
     <span class='ocr_line' id='line_1_16' title="bbox 409 2072 1923 2150; baseline 0.002 -22"><span class='ocrx_word' id='word_1_113' title='bbox 409 2072 652 2130; x_wconf 82' lang='lat' dir='ltr'><em>domus</em></span> <span class='ocrx_word' id='word_1_114' title='bbox 681 2091 882 2150; x_wconf 81' lang='lat' dir='ltr'><em>quam</em></span> <span class='ocrx_word' id='word_1_115' title='bbox 909 2074 1237 2147; x_wconf 64' lang='lat' dir='ltr'><em>aedificavi</em></span> <span class='ocrx_word' id='word_1_116' title='bbox 1267 2073 1525 2131; x_wconf 79' lang='lat' dir='ltr'><em>nomini</em></span> <span class='ocrx_word' id='word_1_117' title='bbox 1557 2082 1684 2143; x_wconf 81' lang='lat' dir='ltr'><em>tuo,</em></span> <span class='ocrx_word' id='word_1_118' title='bbox 1719 2081 1792 2131; x_wconf 83' lang='lat' dir='ltr'><em>ut</em></span> <span class='ocrx_word' id='word_1_119' title='bbox 1818 2093 1923 2131; x_wconf 73' lang='grc' dir='ltr'><em>εω-</em></span> 
     </span>
     <span class='ocr_line' id='line_1_17' title="bbox 407 2169 1922 2245; baseline 0.001 -18"><span class='ocrx_word' id='word_1_120' title='bbox 407 2169 664 2228; x_wconf 79' lang='lat' dir='ltr'><em>audias</em></span> <span class='ocrx_word' id='word_1_121' title='bbox 692 2170 774 2227; x_wconf 85' lang='lat' dir='ltr'><em>de</em></span> <span class='ocrx_word' id='word_1_122' title='bbox 801 2171 956 2229; x_wconf 87' lang='lat' dir='ltr'><em>coelo</em></span> <span class='ocrx_word' id='word_1_123' title='bbox 980 2188 1196 2245; x_wconf 81' lang='lat' dir='ltr'><em>preces</em></span> <span class='ocrx_word' id='word_1_124' title='bbox 1213 2188 1436 2229; x_wconf 82' lang='lat' dir='ltr'><em>eorum</em></span> <span class='ocrx_word' id='word_1_125' title='bbox 1467 2179 1526 2229; x_wconf 89' lang='lat' dir='ltr'><em>et</em></span> <span class='ocrx_word' id='word_1_126' title='bbox 1555 2171 1922 2229; x_wconf 85' lang='lat' dir='ltr'><em>obsecratio-</em></span> 
     </span>
     <span class='ocr_line' id='line_1_18' title="bbox 405 2266 1922 2343; baseline 0.001 -20"><span class='ocrx_word' id='word_1_127' title='bbox 405 2284 581 2335; x_wconf 79' lang='lat' dir='ltr'><em>nem,</em></span> <span class='ocrx_word' id='word_1_128' title='bbox 595 2274 656 2325; x_wconf 89' lang='lat' dir='ltr'><em>et</em></span> <span class='ocrx_word' id='word_1_129' title='bbox 675 2268 1032 2327; x_wconf 76' lang='lat' dir='ltr'><em>ulciscaris.</em></span> <span class='ocrx_word' id='word_1_130' title='bbox 1049 2267 1128 2325; x_wconf 79' lang='lat' dir='ltr'><em>Si</em></span> <span class='ocrx_word' id='word_1_131' title='bbox 1147 2276 1362 2326; x_wconf 82' lang='lat' dir='ltr'><em>autem</em></span> <span class='ocrx_word' id='word_1_132' title='bbox 1373 2268 1782 2343; x_wconf 82' lang='lat' dir='ltr'><em>peccaverint</em></span> <span class='ocrx_word' id='word_1_133' title='bbox 1806 2266 1922 2327; x_wconf 85' lang='lat' dir='ltr'><em>tibi</em></span> 
     </span>
     <span class='ocr_line' id='line_1_19' title="bbox 405 2366 1921 2443; baseline 0.002 -22"><span class='ocrx_word' id='word_1_134' title='bbox 405 2366 655 2441; x_wconf 80' lang='lat' dir='ltr'><em>(neque</em></span> <span class='ocrx_word' id='word_1_135' title='bbox 691 2366 872 2424; x_wconf 82' lang='lat' dir='ltr'><em>enim</em></span> <span class='ocrx_word' id='word_1_136' title='bbox 903 2373 992 2423; x_wconf 85' lang='lat' dir='ltr'><em>est</em></span> <span class='ocrx_word' id='word_1_137' title='bbox 1033 2366 1219 2425; x_wconf 76' lang='lat' dir='ltr'><em>homo</em></span> <span class='ocrx_word' id='word_1_138' title='bbox 1253 2366 1370 2443; x_wconf 80' lang='lat' dir='ltr'><em>qui</em></span> <span class='ocrx_word' id='word_1_139' title='bbox 1407 2384 1534 2425; x_wconf 71' lang='lat' dir='ltr'><em>non</em></span> <span class='ocrx_word' id='word_1_140' title='bbox 1569 2367 1830 2441; x_wconf 84' lang='lat' dir='ltr'><em>peccet),</em></span> <span class='ocrx_word' id='word_1_141' title='bbox 1861 2374 1921 2424; x_wconf 89' lang='lat' dir='ltr'><em>et</em></span> 
     </span>
     <span class='ocr_line' id='line_1_20' title="bbox 409 2462 1922 2537; baseline 0.002 -18"><span class='ocrx_word' id='word_1_142' title='bbox 409 2462 636 2520; x_wconf 78' lang='lat' dir='ltr'><em>iratus</em></span> <span class='ocrx_word' id='word_1_143' title='bbox 655 2462 873 2537; x_wconf 74' lang='lat' dir='ltr'><em>fueris</em></span> <span class='ocrx_word' id='word_1_144' title='bbox 895 2462 1012 2531; x_wconf 89' lang='lat' dir='ltr'><em>eis,</em></span> <span class='ocrx_word' id='word_1_145' title='bbox 1033 2471 1093 2521; x_wconf 88' lang='lat' dir='ltr'><em>et</em></span> <span class='ocrx_word' id='word_1_146' title='bbox 1119 2463 1470 2522; x_wconf 84' lang='lat' dir='ltr'><em>tradideris</em></span> <span class='ocrx_word' id='word_1_147' title='bbox 1492 2481 1592 2521; x_wconf 89' lang='lat' dir='ltr'><em>eos</em></span> <span class='ocrx_word' id='word_1_148' title='bbox 1616 2464 1922 2531; x_wconf 77' lang='lat' dir='ltr'><em>hostibus,</em></span> 
     </span>
     <span class='ocr_line' id='line_1_21' title="bbox 405 2562 1923 2647; baseline 0 -28"><span class='ocrx_word' id='word_1_149' title='bbox 405 2569 474 2619; x_wconf 89' lang='lat' dir='ltr'><em>et</em></span> <span class='ocrx_word' id='word_1_150' title='bbox 503 2562 798 2637; x_wconf 83' lang='lat' dir='ltr'><em>captivos</em></span> <span class='ocrx_word' id='word_1_151' title='bbox 824 2580 926 2619; x_wconf 89' lang='lat' dir='ltr'><em>eos</em></span> <span class='ocrx_word' id='word_1_152' title='bbox 953 2562 1270 2621; x_wconf 67' lang='lat' dir='ltr'><em>dic-verint</em></span> <span class='ocrx_word' id='word_1_153' title='bbox 1300 2563 1390 2647; x_wconf 38' lang='lat' dir='ltr'><em>in·</em></span> <span class='ocrx_word' id='word_1_154' title='bbox 1411 2570 1650 2621; x_wconf 83' lang='lat' dir='ltr'><em>terram</em></span> <span class='ocrx_word' id='word_1_155' title='bbox 1675 2562 1923 2637; x_wconf 66' lang='lat' dir='ltr'><em>lonqin-</em></span> 
     </span>
     <span class='ocr_line' id='line_1_22' title="bbox 407 2660 1924 2738; baseline 0 -21"><span class='ocrx_word' id='word_1_156' title='bbox 407 2678 637 2736; x_wconf 77' lang='lat' dir='ltr'><em>quam‚</em></span> <span class='ocrx_word' id='word_1_157' title='bbox 675 2662 778 2718; x_wconf 82' lang='lat' dir='ltr'><em>vet</em></span> <span class='ocrx_word' id='word_1_158' title='bbox 804 2668 970 2719; x_wconf 87' lang='lat' dir='ltr'><em>certe</em></span> <span class='ocrx_word' id='word_1_159' title='bbox 998 2680 1143 2738; x_wconf 83' lang='lat' dir='ltr'><em>quce</em></span> <span class='ocrx_word' id='word_1_160' title='bbox 1160 2660 1370 2736; x_wconf 67' lang='lat' dir='ltr'><em>juata</em></span> <span class='ocrx_word' id='word_1_161' title='bbox 1401 2669 1512 2731; x_wconf 88' lang='lat' dir='ltr'><em>est,</em></span> <span class='ocrx_word' id='word_1_162' title='bbox 1545 2668 1604 2718; x_wconf 91' lang='lat' dir='ltr'><em>et</em></span> <span class='ocrx_word' id='word_1_163' title='bbox 1634 2662 1924 2717; x_wconf 82' lang='lat' dir='ltr'><em>conversi</em></span> 
     </span>
     <span class='ocr_line' id='line_1_23' title="bbox 412 2758 1922 2838; baseline 0.001 -23"><span class='ocrx_word' id='word_1_164' title='bbox 412 2758 494 2815; x_wconf 78' lang='lat' dir='ltr'><em>in</em></span> <span class='ocrx_word' id='word_1_165' title='bbox 523 2760 716 2817; x_wconf 81' lang='lat' dir='ltr'><em>corde</em></span> <span class='ocrx_word' id='word_1_166' title='bbox 737 2778 877 2828; x_wconf 84' lang='lat' dir='ltr'><em>suo,</em></span> <span class='ocrx_word' id='word_1_167' title='bbox 902 2758 977 2817; x_wconf 85' lang='lat' dir='ltr'><em>in</em></span> <span class='ocrx_word' id='word_1_168' title='bbox 1011 2768 1180 2818; x_wconf 88' lang='lat' dir='ltr'><em>terra</em></span> <span class='ocrx_word' id='word_1_169' title='bbox 1205 2760 1294 2819; x_wconf 86' lang='lat' dir='ltr'><em>ad</em></span> <span class='ocrx_word' id='word_1_170' title='bbox 1315 2779 1512 2838; x_wconf 79' lang='lat' dir='ltr'><em>quam</em></span> <span class='ocrx_word' id='word_1_171' title='bbox 1537 2758 1785 2835; x_wconf 82' lang='lat' dir='ltr'><em>captivi</em></span> <span class='ocrx_word' id='word_1_172' title='bbox 1809 2760 1922 2817; x_wconf 81' lang='lat' dir='ltr'><em>du-</em></span> 
     </span>
     <span class='ocr_line' id='line_1_24' title="bbox 409 2855 1923 2933; baseline 0.001 -20"><span class='ocrx_word' id='word_1_173' title='bbox 409 2857 510 2915; x_wconf 84' lang='lat' dir='ltr'><em>cti</em></span> <span class='ocrx_word' id='word_1_174' title='bbox 553 2855 850 2930; x_wconf 78' lang='lat' dir='ltr'><em>fuerant,</em></span> <span class='ocrx_word' id='word_1_175' title='bbox 899 2857 1149 2933; x_wconf 74' lang='lat' dir='ltr'><em>eyerint</em></span> <span class='ocrx_word' id='word_1_176' title='bbox 1189 2858 1665 2933; x_wconf 69' lang='lat' dir='ltr'><em>poenitentiam,</em></span> <span class='ocrx_word' id='word_1_177' title='bbox 1711 2865 1772 2915; x_wconf 87' lang='lat' dir='ltr'><em>et</em></span> <span class='ocrx_word' id='word_1_178' title='bbox 1817 2858 1923 2915; x_wconf 86' lang='lat' dir='ltr'><em>de-</em></span> 
     </span>
     <span class='ocr_line' id='line_1_25' title="bbox 407 2957 1921 3034; baseline 0.001 -19"><span class='ocrx_word' id='word_1_179' title='bbox 407 2957 672 3034; x_wconf 81' lang='lat' dir='ltr'><em>precati</em></span> <span class='ocrx_word' id='word_1_180' title='bbox 697 2966 756 3017; x_wconf 87' lang='lat' dir='ltr'><em>te</em></span> <span class='ocrx_word' id='word_1_181' title='bbox 773 2957 1032 3032; x_wconf 81' lang='lat' dir='ltr'><em>fuerint</em></span> <span class='ocrx_word' id='word_1_182' title='bbox 1053 2958 1128 3016; x_wconf 78' lang='lat' dir='ltr'><em>in</em></span> <span class='ocrx_word' id='word_1_183' title='bbox 1152 2966 1323 3017; x_wconf 82' lang='lat' dir='ltr'><em>terra</em></span> <span class='ocrx_word' id='word_1_184' title='bbox 1343 2957 1744 3033; x_wconf 84' lang='lat' dir='ltr'><em>captivitatis</em></span> <span class='ocrx_word' id='word_1_185' title='bbox 1763 2976 1921 3025; x_wconf 81' lang='lat' dir='ltr'><em>suae,</em></span> 
     </span>
    </p>
   </div>
   <div class='ocr_carea' id='block_1_5' title="bbox 1959 780 3811 2939">
    <p class='ocr_par' dir='ltr' id='par_1_6' title="bbox 2029 780 3517 864">
     <span class='ocr_line' id='line_1_26' title="bbox 2029 780 3517 864; baseline 0 -21"><span class='ocrx_word' id='word_1_186' title='bbox 2029 781 2447 864; x_wconf 88' lang='lat' dir='ltr'><em>nipotentiam</em></span> <span class='ocrx_word' id='word_1_187' title='bbox 2500 802 2679 844; x_wconf 88' lang='lat' dir='ltr'><em>suam</em></span> <span class='ocrx_word' id='word_1_188' title='bbox 2732 780 3098 863; x_wconf 83' lang='lat' dir='ltr'><em>frequenter</em></span> <span class='ocrx_word' id='word_1_189' title='bbox 3140 780 3517 845; x_wconf 81' lang='lat' dir='ltr'><em>monstravit</em></span> 
     </span>
    </p>

    <p class='ocr_par' dir='ltr' id='par_1_7' title="bbox 2031 880 3805 963">
     <span class='ocr_line' id='line_1_27' title="bbox 2031 880 3805 963; baseline -0.004 -20"><span class='ocrx_word' id='word_1_190' title='bbox 2031 899 2142 963; x_wconf 89' lang='lat' dir='ltr'><em>per</em></span> <span class='ocrx_word' id='word_1_191' title='bbox 2184 881 2600 944; x_wconf 90' lang='lat' dir='ltr'><em>miraculosos</em></span> <span class='ocrx_word' id='word_1_192' title='bbox 2628 880 2923 957; x_wconf 81' lang='lat' dir='ltr'><em>effectuS‚</em></span> <span class='ocrx_word' id='word_1_193' title='bbox 2958 880 3125 943; x_wconf 86' lang='lat' dir='ltr'><em>sicut</em></span> <span class='ocrx_word' id='word_1_194' title='bbox 3162 880 3229 941; x_wconf 90' lang='lat' dir='ltr'><em>in</em></span> <span class='ocrx_word' id='word_1_195' title='bbox 3262 898 3517 961; x_wconf 85' lang='lat' dir='ltr'><em>percus·</em></span> <span class='ocrx_word' id='word_1_196' title='bbox 3580 894 3613 937; x_wconf 83' lang='lat'><em>11</em></span> <span class='ocrx_word' id='word_1_197' title='bbox 3630 896 3805 949; x_wconf 52' lang='lat' dir='ltr'><em>naqa„</em></span> 
     </span>
    </p>

    <p class='ocr_par' dir='ltr' id='par_1_8' title="bbox 2029 957 3811 1071">
     <span class='ocr_line' id='line_1_28' title="bbox 2029 957 3811 1071; baseline -0.002 -30"><span class='ocrx_word' id='word_1_198' title='bbox 2029 978 2209 1041; x_wconf 89' lang='lat' dir='ltr'><em>sione</em></span> <span class='ocrx_word' id='word_1_199' title='bbox 2229 979 2363 1043; x_wconf 83' lang='lat' dir='ltr'><em>Ozae</em></span> <span class='ocrx_word' id='word_1_200' title='bbox 2394 988 2457 1043; x_wconf 90' lang='lat' dir='ltr'><em>et</em></span> <span class='ocrx_word' id='word_1_201' title='bbox 2480 978 3027 1054; x_wconf 87' lang='lat' dir='ltr'><em>Bethsamitarum,</em></span> <span class='ocrx_word' id='word_1_202' title='bbox 3044 986 3108 1041; x_wconf 90' lang='lat' dir='ltr'><em>et</em></span> <span class='ocrx_word' id='word_1_203' title='bbox 3137 978 3203 1041; x_wconf 89' lang='lat' dir='ltr'><em>in</em></span> <span class='ocrx_word' id='word_1_204' title='bbox 3220 977 3515 1061; x_wconf 84' lang='lat' dir='ltr'><em>plagatio·</em></span> <span class='ocrx_word' id='word_1_205' title='bbox 3543 957 3811 1071; x_wconf 52' lang='lat' dir='ltr'><em>{gfff‘g&#39;ss-</em></span> 
     </span>
    </p>

    <p class='ocr_par' dir='ltr' id='par_1_9' title="bbox 2031 1077 3807 1158">
     <span class='ocr_line' id='line_1_29' title="bbox 2031 1077 3807 1158; baseline -0.001 -19"><span class='ocrx_word' id='word_1_206' title='bbox 2031 1097 2110 1139; x_wconf 92' lang='lat' dir='ltr'><em>nc</em></span> <span class='ocrx_word' id='word_1_207' title='bbox 2151 1078 2629 1142; x_wconf 80' lang='lat' dir='ltr'><em>philistinorum</em></span> <span class='ocrx_word' id='word_1_208' title='bbox 2652 1103 2667 1155; x_wconf 90' lang='lat'><strong>;</strong></span> <span class='ocrx_word' id='word_1_209' title='bbox 2693 1078 2760 1141; x_wconf 91' lang='lat' dir='ltr'><em>in</em></span> <span class='ocrx_word' id='word_1_210' title='bbox 2800 1077 3224 1141; x_wconf 78' lang='lat' dir='ltr'><em>desiccatione</em></span> <span class='ocrx_word' id='word_1_211' title='bbox 3260 1094 3516 1158; x_wconf 89' lang='lat' dir='ltr'><em>quoque</em></span> <span class='ocrx_word' id='word_1_212' title='bbox 3542 1096 3699 1133; x_wconf 75' lang='lat' dir='ltr'><em>wem·</em></span> <span class='ocrx_word' id='word_1_213' title='bbox 3735 1085 3807 1125; x_wconf 85' lang='lat'><em>¹⁴·</em></span> 
     </span>
    </p>

    <p class='ocr_par' dir='ltr' id='par_1_10' title="bbox 2025 1147 3807 1265">
     <span class='ocr_line' id='line_1_30' title="bbox 2025 1147 3807 1265; baseline -0.002 -27"><span class='ocrx_word' id='word_1_214' title='bbox 2025 1176 2336 1253; x_wconf 78' lang='lat' dir='ltr'><em>Iordanis,</em></span> <span class='ocrx_word' id='word_1_215' title='bbox 2349 1177 2832 1259; x_wconf 89' lang='lat' dir='ltr'><em>dejectioneque</em></span> <span class='ocrx_word' id='word_1_216' title='bbox 2852 1196 3176 1240; x_wconf 88' lang='lat' dir='ltr'><em>murorum</em></span> <span class='ocrx_word' id='word_1_217' title='bbox 3195 1174 3519 1239; x_wconf 82' lang='lat' dir='ltr'><em>Ierichun-</em></span> <span class='ocrx_word' id='word_1_218' title='bbox 3546 1148 3595 1253; x_wconf 58' lang='lat'><em>{1⁶</em></span> <span class='ocrx_word' id='word_1_219' title='bbox 3598 1162 3612 1198; x_wconf 74' lang='lat'><em>³</em></span> <span class='ocrx_word' id='word_1_220' title='bbox 3612 1147 3807 1265; x_wconf 45' lang='lat'><em>12:2¹2?</em></span> 
     </span>
    </p>

    <p class='ocr_par' dir='ltr' id='par_1_11' title="bbox 2030 1274 3614 1339">
     <span class='ocr_line' id='line_1_31' title="bbox 2030 1274 3614 1339; baseline 0.001 -2"><span class='ocrx_word' id='word_1_221' title='bbox 2030 1276 2333 1339; x_wconf 88' lang='lat' dir='ltr'><em>tinorum.</em></span> <span class='ocrx_word' id='word_1_222' title='bbox 2367 1277 2480 1339; x_wconf 88' lang='lat' dir='ltr'><em>Per</em></span> <span class='ocrx_word' id='word_1_223' title='bbox 2509 1296 2646 1339; x_wconf 84' lang='lat' dir='ltr'><em>eam</em></span> <span class='ocrx_word' id='word_1_224' title='bbox 2688 1276 2885 1339; x_wconf 86' lang='lat' dir='ltr'><em>etiam</em></span> <span class='ocrx_word' id='word_1_225' title='bbox 2924 1275 3247 1339; x_wconf 74' lang='lat' dir='ltr'><em>benedixit</em></span> <span class='ocrx_word' id='word_1_226' title='bbox 3280 1274 3518 1339; x_wconf 88' lang='lat' dir='ltr'><em>Obede-</em></span> <span class='ocrx_word' id='word_1_227' title='bbox 3546 1282 3614 1325; x_wconf 87' lang='lat'><em>¹¹·</em></span> 
     </span>
    </p>

    <p class='ocr_par' dir='ltr' id='par_1_12' title="bbox 2030 1374 2717 1438">
     <span class='ocr_line' id='line_1_32' title="bbox 2030 1374 2717 1438; baseline -0.001 -1"><span class='ocrx_word' id='word_1_228' title='bbox 2030 1374 2179 1438; x_wconf 92' lang='lat' dir='ltr'><em>dom</em></span> <span class='ocrx_word' id='word_1_229' title='bbox 2210 1383 2271 1438; x_wconf 88' lang='lat' dir='ltr'><em>et</em></span> <span class='ocrx_word' id='word_1_230' title='bbox 2302 1374 2445 1437; x_wconf 90' lang='lat' dir='ltr'><em>aliis</em></span> <span class='ocrx_word' id='word_1_231' title='bbox 2476 1374 2717 1437; x_wconf 66' lang='lat' dir='ltr'><em>multis</em></span> 
     </span>
    </p>

    <p class='ocr_par' dir='ltr' id='par_1_13' title="bbox 2112 1471 3518 1555">
     <span class='ocr_line' id='line_1_33' title="bbox 2112 1471 3518 1555; baseline 0 -20"><span class='ocrx_word' id='word_1_232' title='bbox 2112 1473 2232 1536; x_wconf 87' lang='lat' dir='ltr'><em>Sed</em></span> <span class='ocrx_word' id='word_1_233' title='bbox 2264 1493 2378 1535; x_wconf 89' lang='lat' dir='ltr'><em>cur</em></span> <span class='ocrx_word' id='word_1_234' title='bbox 2400 1474 2694 1537; x_wconf 87' lang='lat' dir='ltr'><em>Salomon</em></span> <span class='ocrx_word' id='word_1_235' title='bbox 2718 1474 2839 1536; x_wconf 90' lang='lat' dir='ltr'><em>ista</em></span> <span class='ocrx_word' id='word_1_236' title='bbox 2870 1474 3094 1548; x_wconf 89' lang='lat' dir='ltr'><em>oravit,</em></span> <span class='ocrx_word' id='word_1_237' title='bbox 3120 1492 3319 1555; x_wconf 92' lang='lat' dir='ltr'><em>quum</em></span> <span class='ocrx_word' id='word_1_238' title='bbox 3342 1471 3518 1552; x_wconf 81' lang='lat' dir='ltr'><em>juxta</em></span> 
     </span>
    </p>

    <p class='ocr_par' dir='ltr' id='par_1_14' title="bbox 2033 1570 3521 1654">
     <span class='ocr_line' id='line_1_34' title="bbox 2033 1570 3521 1654; baseline 0 -21"><span class='ocrx_word' id='word_1_239' title='bbox 2033 1571 2314 1635; x_wconf 83' lang='lat' dir='ltr'><em>historiae</em></span> <span class='ocrx_word' id='word_1_240' title='bbox 2345 1573 2656 1649; x_wconf 83' lang='lat' dir='ltr'><em>ordinem,</em></span> <span class='ocrx_word' id='word_1_241' title='bbox 2690 1574 2821 1654; x_wconf 88' lang='lat' dir='ltr'><em>jam</em></span> <span class='ocrx_word' id='word_1_242' title='bbox 2854 1572 3020 1635; x_wconf 77' lang='lat' dir='ltr'><em>facta</em></span> <span class='ocrx_word' id='word_1_243' title='bbox 3053 1571 3247 1635; x_wconf 85' lang='lat' dir='ltr'><em>fuerit</em></span> <span class='ocrx_word' id='word_1_244' title='bbox 3276 1570 3521 1633; x_wconf 89' lang='lat' dir='ltr'><em>dedica-</em></span> 
     </span>
    </p>

    <p class='ocr_par' dir='ltr' id='par_1_15' title="bbox 2031 1670 3523 1754">
     <span class='ocr_line' id='line_1_35' title="bbox 2031 1670 3523 1754; baseline -0.001 -22"><span class='ocrx_word' id='word_1_245' title='bbox 2031 1670 2121 1733; x_wconf 89' lang='lat' dir='ltr'><em>tio</em></span> <span class='ocrx_word' id='word_1_246' title='bbox 2154 1672 2396 1754; x_wconf 86' lang='lat' dir='ltr'><em>templi,</em></span> <span class='ocrx_word' id='word_1_247' title='bbox 2422 1680 2484 1735; x_wconf 88' lang='lat' dir='ltr'><em>et</em></span> <span class='ocrx_word' id='word_1_248' title='bbox 2503 1673 2666 1736; x_wconf 89' lang='lat' dir='ltr'><em>Deus</em></span> <span class='ocrx_word' id='word_1_249' title='bbox 2698 1692 2883 1734; x_wconf 90' lang='lat' dir='ltr'><em>suum</em></span> <span class='ocrx_word' id='word_1_250' title='bbox 2915 1671 3261 1753; x_wconf 83' lang='lat' dir='ltr'><em>gratiosum</em></span> <span class='ocrx_word' id='word_1_251' title='bbox 3283 1670 3523 1751; x_wconf 83' lang='lat' dir='ltr'><em>ingres-</em></span> 
     </span>
    </p>

    <p class='ocr_par' dir='ltr' id='par_1_16' title="bbox 1959 1768 3521 1953">
     <span class='ocr_line' id='line_1_36' title="bbox 2033 1768 3521 1855; baseline -0.002 -22"><span class='ocrx_word' id='word_1_252' title='bbox 2033 1790 2175 1833; x_wconf 89' lang='lat' dir='ltr'><em>sum</em></span> <span class='ocrx_word' id='word_1_253' title='bbox 2223 1770 2287 1833; x_wconf 93' lang='lat' dir='ltr'><em>in</em></span> <span class='ocrx_word' id='word_1_254' title='bbox 2330 1772 2639 1855; x_wconf 83' lang='lat' dir='ltr'><em>templum</em></span> <span class='ocrx_word' id='word_1_255' title='bbox 2682 1770 3132 1835; x_wconf 76' lang='lat' dir='ltr'><em>monstraverit</em></span> <span class='ocrx_word' id='word_1_256' title='bbox 3176 1790 3288 1852; x_wconf 89' lang='lat' dir='ltr'><em>per</em></span> <span class='ocrx_word' id='word_1_257' title='bbox 3333 1768 3521 1831; x_wconf 91' lang='lat' dir='ltr'><em>nubis</em></span> 
     </span>
     <span class='ocr_line' id='line_1_37' title="bbox 1959 1862 3521 1953; baseline -0.001 -22"><span class='ocrx_word' id='word_1_258' title='bbox 1959 1862 2413 1933; x_wconf 72' lang='lat' dir='ltr'><em>Bintroitumt</em></span> <span class='ocrx_word' id='word_1_259' title='bbox 2456 1872 2616 1935; x_wconf 85' lang='lat' dir='ltr'><em>Arca</em></span> <span class='ocrx_word' id='word_1_260' title='bbox 2662 1889 2919 1953; x_wconf 89' lang='lat' dir='ltr'><em>quoque</em></span> <span class='ocrx_word' id='word_1_261' title='bbox 2965 1872 3093 1951; x_wconf 88' lang='lat' dir='ltr'><em>jam</em></span> <span class='ocrx_word' id='word_1_262' title='bbox 3146 1868 3268 1931; x_wconf 83' lang='lat' dir='ltr'><em>fuit</em></span> <span class='ocrx_word' id='word_1_263' title='bbox 3317 1868 3407 1931; x_wconf 95' lang='lat' dir='ltr'><em>ibi</em></span> <span class='ocrx_word' id='word_1_264' title='bbox 3454 1867 3521 1930; x_wconf 89' lang='lat' dir='ltr'><em>in</em></span> 
     </span>
    </p>

    <p class='ocr_par' dir='ltr' id='par_1_17' title="bbox 2033 1968 3518 2051">
     <span class='ocr_line' id='line_1_38' title="bbox 2033 1968 3518 2051; baseline -0.003 -20"><span class='ocrx_word' id='word_1_265' title='bbox 2033 1968 2262 2032; x_wconf 84' lang='lat' dir='ltr'><em>Sancto</em></span> <span class='ocrx_word' id='word_1_266' title='bbox 2312 1977 2675 2033; x_wconf 88' lang='lat' dir='ltr'><em>sanctorum</em></span> <span class='ocrx_word' id='word_1_267' title='bbox 2726 1970 3023 2051; x_wconf 85' lang='lat' dir='ltr'><em>reposita.</em></span> <span class='ocrx_word' id='word_1_268' title='bbox 3060 1968 3518 2049; x_wconf 89' lang='lat' dir='ltr'><em>Respondetur,</em></span> 
     </span>
    </p>

    <p class='ocr_par' dir='ltr' id='par_1_18' title="bbox 2031 2065 3523 2150">
     <span class='ocr_line' id='line_1_39' title="bbox 2031 2065 3523 2150; baseline 0 -21"><span class='ocrx_word' id='word_1_269' title='bbox 2031 2070 2202 2149; x_wconf 90' lang='lat' dir='ltr'><em>quod</em></span> <span class='ocrx_word' id='word_1_270' title='bbox 2252 2068 2372 2130; x_wconf 88' lang='lat' dir='ltr'><em>ista</em></span> <span class='ocrx_word' id='word_1_271' title='bbox 2410 2067 2637 2145; x_wconf 90' lang='lat' dir='ltr'><em>oravit,</em></span> <span class='ocrx_word' id='word_1_272' title='bbox 2671 2076 2985 2150; x_wconf 90' lang='lat' dir='ltr'><em>quatenus</em></span> <span class='ocrx_word' id='word_1_273' title='bbox 3033 2068 3197 2130; x_wconf 91' lang='lat' dir='ltr'><em>Deus</em></span> <span class='ocrx_word' id='word_1_274' title='bbox 3248 2065 3523 2130; x_wconf 81' lang='lat' dir='ltr'><em>effectus</em></span> 
     </span>
    </p>

    <p class='ocr_par' dir='ltr' id='par_1_19' title="bbox 2031 2165 3523 2247">
     <span class='ocr_line' id='line_1_40' title="bbox 2031 2165 3523 2247; baseline 0.001 -19"><span class='ocrx_word' id='word_1_275' title='bbox 2031 2185 2177 2228; x_wconf 92' lang='lat' dir='ltr'><em>suos</em></span> <span class='ocrx_word' id='word_1_276' title='bbox 2191 2167 2493 2247; x_wconf 85' lang='lat' dir='ltr'><em>gratiosos</em></span> <span class='ocrx_word' id='word_1_277' title='bbox 2513 2174 2911 2229; x_wconf 80' lang='lat' dir='ltr'><em>conservaret</em></span> <span class='ocrx_word' id='word_1_278' title='bbox 2936 2175 2999 2228; x_wconf 89' lang='lat' dir='ltr'><em>et</em></span> <span class='ocrx_word' id='word_1_279' title='bbox 3019 2174 3268 2245; x_wconf 82' lang='lat' dir='ltr'><em>augeret</em></span> <span class='ocrx_word' id='word_1_280' title='bbox 3286 2165 3352 2227; x_wconf 92' lang='lat' dir='ltr'><em>in</em></span> <span class='ocrx_word' id='word_1_281' title='bbox 3374 2176 3523 2230; x_wconf 89' lang='lat' dir='ltr'><em>tem-</em></span> 
     </span>
    </p>

    <p class='ocr_par' dir='ltr' id='par_1_20' title="bbox 2031 2264 3520 2348">
     <span class='ocr_line' id='line_1_41' title="bbox 2031 2264 3520 2348; baseline 0.001 -22"><span class='ocrx_word' id='word_1_282' title='bbox 2031 2266 2152 2348; x_wconf 91' lang='lat' dir='ltr'><em>plo,</em></span> <span class='ocrx_word' id='word_1_283' title='bbox 2170 2275 2233 2328; x_wconf 88' lang='lat' dir='ltr'><em>et</em></span> <span class='ocrx_word' id='word_1_284' title='bbox 2251 2286 2460 2329; x_wconf 87' lang='lat' dir='ltr'><em>arcam</em></span> <span class='ocrx_word' id='word_1_285' title='bbox 2484 2266 2797 2328; x_wconf 87' lang='lat' dir='ltr'><em>stabiliret</em></span> <span class='ocrx_word' id='word_1_286' title='bbox 2818 2264 3072 2340; x_wconf 87' lang='lat' dir='ltr'><em>ibidem,</em></span> <span class='ocrx_word' id='word_1_287' title='bbox 3091 2284 3171 2327; x_wconf 89' lang='lat' dir='ltr'><em>ne</em></span> <span class='ocrx_word' id='word_1_288' title='bbox 3194 2265 3520 2329; x_wconf 87' lang='lat' dir='ltr'><em>tolleretur</em></span> 
     </span>
    </p>

    <p class='ocr_par' dir='ltr' id='par_1_21' title="bbox 2032 2362 3513 2445">
     <span class='ocr_line' id='line_1_42' title="bbox 2032 2362 3513 2445; baseline 0.001 -19"><span class='ocrx_word' id='word_1_289' title='bbox 2032 2363 2198 2427; x_wconf 89' lang='lat' dir='ltr'><em>sicut</em></span> <span class='ocrx_word' id='word_1_290' title='bbox 2227 2364 2355 2445; x_wconf 86' lang='lat' dir='ltr'><em>jam</em></span> <span class='ocrx_word' id='word_1_291' title='bbox 2392 2363 2515 2426; x_wconf 84' lang='lat' dir='ltr'><em>fuit</em></span> <span class='ocrx_word' id='word_1_292' title='bbox 2560 2363 2768 2426; x_wconf 87' lang='lat' dir='ltr'><em>ablata</em></span> <span class='ocrx_word' id='word_1_293' title='bbox 2798 2365 2877 2426; x_wconf 92' lang='lat' dir='ltr'><em>de</em></span> <span class='ocrx_word' id='word_1_294' title='bbox 2904 2362 3179 2444; x_wconf 84' lang='lat' dir='ltr'><em>Galgala,</em></span> <span class='ocrx_word' id='word_1_295' title='bbox 3212 2366 3290 2427; x_wconf 88' lang='lat' dir='ltr'><em>de</em></span> <span class='ocrx_word' id='word_1_296' title='bbox 3317 2363 3513 2442; x_wconf 87' lang='lat' dir='ltr'><em>Nobe,</em></span> 
     </span>
    </p>

    <p class='ocr_par' dir='ltr' id='par_1_22' title="bbox 2032 2460 3516 2526">
     <span class='ocr_line' id='line_1_43' title="bbox 2032 2460 3516 2526; baseline 0 -1"><span class='ocrx_word' id='word_1_297' title='bbox 2032 2464 2109 2525; x_wconf 92' lang='lat' dir='ltr'><em>dc</em></span> <span class='ocrx_word' id='word_1_298' title='bbox 2129 2462 2571 2525; x_wconf 89' lang='lat' dir='ltr'><em>Cariathiarim</em></span> <span class='ocrx_word' id='word_1_299' title='bbox 2592 2471 2655 2525; x_wconf 87' lang='lat' dir='ltr'><em>et</em></span> <span class='ocrx_word' id='word_1_300' title='bbox 2676 2460 2953 2525; x_wconf 84' lang='lat' dir='ltr'><em>Gabaon.</em></span> <span class='ocrx_word' id='word_1_301' title='bbox 2977 2462 3152 2525; x_wconf 87' lang='lat' dir='ltr'><em>Unde</em></span> <span class='ocrx_word' id='word_1_302' title='bbox 3174 2462 3239 2525; x_wconf 92' lang='lat' dir='ltr'><em>in</em></span> <span class='ocrx_word' id='word_1_303' title='bbox 3259 2462 3516 2526; x_wconf 86' lang='lat' dir='ltr'><em>exordio</em></span> 
     </span>
    </p>

    <p class='ocr_par' dir='ltr' id='par_1_23' title="bbox 2033 2561 3809 2644">
     <span class='ocr_line' id='line_1_44' title="bbox 2033 2561 3809 2644; baseline -0.002 -21"><span class='ocrx_word' id='word_1_304' title='bbox 2033 2561 2361 2644; x_wconf 87' lang='lat' dir='ltr'><em>sequentis</em></span> <span class='ocrx_word' id='word_1_305' title='bbox 2401 2561 2665 2643; x_wconf 89' lang='lat' dir='ltr'><em>capituli</em></span> <span class='ocrx_word' id='word_1_306' title='bbox 2716 2561 2969 2641; x_wconf 83' lang='lat' dir='ltr'><em>legitur,</em></span> <span class='ocrx_word' id='word_1_307' title='bbox 3017 2563 3189 2643; x_wconf 90' lang='lat' dir='ltr'><em>quod</em></span> <span class='ocrx_word' id='word_1_308' title='bbox 3232 2562 3518 2626; x_wconf 86' lang='lat' dir='ltr'><em>oratione</em></span> <span class='ocrx_word' id='word_1_309' title='bbox 3546 2580 3809 2630; x_wconf 55' lang='lat' dir='ltr'><em>neuma.</em></span> 
     </span>
    </p>

    <p class='ocr_par' dir='ltr' id='par_1_24' title="bbox 2032 2659 3521 2742">
     <span class='ocr_line' id='line_1_45' title="bbox 2032 2659 3521 2742; baseline -0.001 -20"><span class='ocrx_word' id='word_1_310' title='bbox 2032 2662 2154 2722; x_wconf 87' lang='lat' dir='ltr'><em>ista</em></span> <span class='ocrx_word' id='word_1_311' title='bbox 2193 2660 2530 2742; x_wconf 88' lang='lat' dir='ltr'><em>completa,</em></span> <span class='ocrx_word' id='word_1_312' title='bbox 2565 2659 2732 2739; x_wconf 88' lang='lat' dir='ltr'><em>ignis</em></span> <span class='ocrx_word' id='word_1_313' title='bbox 2776 2660 3105 2723; x_wconf 89' lang='lat' dir='ltr'><em>descendit</em></span> <span class='ocrx_word' id='word_1_314' title='bbox 3145 2660 3223 2735; x_wconf 88' lang='lat' dir='ltr'><em>de</em></span> <span class='ocrx_word' id='word_1_315' title='bbox 3253 2660 3414 2723; x_wconf 87' lang='lat' dir='ltr'><em>coelo</em></span> <span class='ocrx_word' id='word_1_316' title='bbox 3456 2668 3521 2723; x_wconf 88' lang='lat' dir='ltr'><em>et</em></span> 
     </span>
    </p>

    <p class='ocr_par' dir='ltr' id='par_1_25' title="bbox 2032 2757 3523 2840">
     <span class='ocr_line' id='line_1_46' title="bbox 2032 2757 3523 2840; baseline 0.001 -20"><span class='ocrx_word' id='word_1_317' title='bbox 2032 2759 2362 2821; x_wconf 84' lang='lat' dir='ltr'><em>devoravit</em></span> <span class='ocrx_word' id='word_1_318' title='bbox 2389 2758 2761 2821; x_wconf 88' lang='lat' dir='ltr'><em>holocausta</em></span> <span class='ocrx_word' id='word_1_319' title='bbox 2788 2766 2851 2821; x_wconf 88' lang='lat' dir='ltr'><em>ct</em></span> <span class='ocrx_word' id='word_1_320' title='bbox 2880 2757 3193 2835; x_wconf 61' lang='lat' dir='ltr'><em>victimas„</em></span> <span class='ocrx_word' id='word_1_321' title='bbox 3238 2766 3299 2820; x_wconf 88' lang='lat' dir='ltr'><em>et</em></span> <span class='ocrx_word' id='word_1_322' title='bbox 3330 2758 3523 2840; x_wconf 86' lang='lat' dir='ltr'><em>maje-</em></span> 
     </span>
    </p>

    <p class='ocr_par' dir='ltr' id='par_1_26' title="bbox 2034 2855 3524 2939">
     <span class='ocr_line' id='line_1_47' title="bbox 2034 2855 3524 2939; baseline 0 -21"><span class='ocrx_word' id='word_1_323' title='bbox 2034 2865 2161 2919; x_wconf 87' lang='lat' dir='ltr'><em>stas</em></span> <span class='ocrx_word' id='word_1_324' title='bbox 2186 2856 2438 2919; x_wconf 90' lang='lat' dir='ltr'><em>Domini</em></span> <span class='ocrx_word' id='word_1_325' title='bbox 2462 2855 2755 2939; x_wconf 90' lang='lat' dir='ltr'><em>implcvit</em></span> <span class='ocrx_word' id='word_1_326' title='bbox 2774 2858 3054 2933; x_wconf 90' lang='lat' dir='ltr'><em>domum,</em></span> <span class='ocrx_word' id='word_1_327' title='bbox 3074 2856 3373 2919; x_wconf 82' lang='lat' dir='ltr'><em>videlicet</em></span> <span class='ocrx_word' id='word_1_328' title='bbox 3402 2876 3524 2918; x_wconf 90' lang='lat' dir='ltr'><em>ma-</em></span> 
     </span>
    </p>
   </div>
   <div class='ocr_carea' id='block_1_6' title="bbox 2032 2953 3521 3036">
    <p class='ocr_par' dir='ltr' id='par_1_27' title="bbox 2032 2953 3521 3036">
     <span class='ocr_line' id='line_1_48' title="bbox 2032 2953 3521 3036; baseline -0.001 -20"><span class='ocrx_word' id='word_1_329' title='bbox 2032 2956 2129 3033; x_wconf 82' lang='lat' dir='ltr'><em>gis</em></span> <span class='ocrx_word' id='word_1_330' title='bbox 2160 2974 2353 3036; x_wconf 88' lang='lat' dir='ltr'><em>quam</em></span> <span class='ocrx_word' id='word_1_331' title='bbox 2376 2964 2545 3018; x_wconf 89' lang='lat' dir='ltr'><em>ante.</em></span> <span class='ocrx_word' id='word_1_332' title='bbox 2570 2955 2801 3017; x_wconf 89' lang='lat' dir='ltr'><em>Dicunt</em></span> <span class='ocrx_word' id='word_1_333' title='bbox 2830 2963 3039 3017; x_wconf 91' lang='lat' dir='ltr'><em>tamen</em></span> <span class='ocrx_word' id='word_1_334' title='bbox 3062 2953 3325 3031; x_wconf 84' lang='lat' dir='ltr'><em>Hebraei,</em></span> <span class='ocrx_word' id='word_1_335' title='bbox 3350 2954 3521 3036; x_wconf 88' lang='lat' dir='ltr'><em>quod</em></span> 
     </span>
    </p>
   </div>
   <div class='ocr_carea' id='block_1_7' title="bbox 410 3052 3523 3134">
    <p class='ocr_par' dir='ltr' id='par_1_28' title="bbox 410 3052 3523 3134">
     <span class='ocr_line' id='line_1_49' title="bbox 410 3052 3523 3134; baseline 0.001 -21"><span class='ocrx_word' id='word_1_336' title='bbox 410 3055 702 3115; x_wconf 81' lang='lat' dir='ltr'><em>dicentes</em></span> <span class='ocrx_word' id='word_1_337' title='bbox 731 3075 754 3114; x_wconf 93' lang='lat'><em>.·</em></span> <span class='ocrx_word' id='word_1_338' title='bbox 776 3057 1224 3125; x_wconf 77' lang='lat' dir='ltr'><em>Peccavimus,</em></span> <span class='ocrx_word' id='word_1_339' title='bbox 1247 3055 1471 3133; x_wconf 80' lang='lat' dir='ltr'><em>inique</em></span> <span class='ocrx_word' id='word_1_340' title='bbox 1498 3055 1799 3131; x_wconf 82' lang='lat' dir='ltr'><em>fecimus,</em></span> <span class='ocrx_word' id='word_1_341' title='bbox 1825 3055 1924 3115; x_wconf 82' lang='lat' dir='ltr'><em>in·</em></span> <span class='ocrx_word' id='word_1_342' title='bbox 1958 3052 2002 3117; x_wconf 94' lang='lat' dir='ltr'>C</span> <span class='ocrx_word' id='word_1_343' title='bbox 2033 3053 2466 3128; x_wconf 84' lang='lat' dir='ltr'><em>sacerdotibus</em></span> <span class='ocrx_word' id='word_1_344' title='bbox 2516 3053 2877 3117; x_wconf 83' lang='lat' dir='ltr'><em>volentibus</em></span> <span class='ocrx_word' id='word_1_345' title='bbox 2927 3052 3233 3134; x_wconf 89' lang='lat' dir='ltr'><em>templum</em></span> <span class='ocrx_word' id='word_1_346' title='bbox 3287 3052 3523 3115; x_wconf 87' lang='lat' dir='ltr'><em>intrare</em></span> 
     </span>
    </p>
   </div>
   <div class='ocr_carea' id='block_1_8' title="bbox 389 3154 1927 5198">
    <p class='ocr_par' dir='ltr' id='par_1_29' title="bbox 389 3154 1927 5198">
     <span class='ocr_line' id='line_1_50' title="bbox 389 3154 1920 3231; baseline 0.001 -21"><span class='ocrx_word' id='word_1_347' title='bbox 389 3154 590 3229; x_wconf 84' lang='lat' dir='ltr'><em>juste</em></span> <span class='ocrx_word' id='word_1_348' title='bbox 621 3154 921 3229; x_wconf 72' lang='lat' dir='ltr'><em>eqimus,·</em></span> <span class='ocrx_word' id='word_1_349' title='bbox 957 3162 1018 3213; x_wconf 87' lang='lat' dir='ltr'><em>et</em></span> <span class='ocrx_word' id='word_1_350' title='bbox 1052 3155 1293 3213; x_wconf 85' lang='lat' dir='ltr'><em>reversi</em></span> <span class='ocrx_word' id='word_1_351' title='bbox 1330 3154 1585 3231; x_wconf 79' lang='lat' dir='ltr'><em>fuerint</em></span> <span class='ocrx_word' id='word_1_352' title='bbox 1621 3154 1710 3212; x_wconf 85' lang='lat' dir='ltr'><em>ad</em></span> <span class='ocrx_word' id='word_1_353' title='bbox 1749 3162 1806 3211; x_wconf 88' lang='lat' dir='ltr'><em>te</em></span> <span class='ocrx_word' id='word_1_354' title='bbox 1849 3154 1920 3212; x_wconf 81' lang='lat' dir='ltr'><em>in</em></span> 
     </span>
     <span class='ocr_line' id='line_1_51' title="bbox 412 3251 1922 3323; baseline 0.001 -14"><span class='ocrx_word' id='word_1_355' title='bbox 412 3259 544 3309; x_wconf 80' lang='lat' dir='ltr'><em>toto</em></span> <span class='ocrx_word' id='word_1_356' title='bbox 588 3253 780 3310; x_wconf 86' lang='lat' dir='ltr'><em>corde</em></span> <span class='ocrx_word' id='word_1_357' title='bbox 822 3272 960 3323; x_wconf 85' lang='lat' dir='ltr'><em>suo,</em></span> <span class='ocrx_word' id='word_1_358' title='bbox 997 3261 1057 3311; x_wconf 90' lang='lat' dir='ltr'><em>et</em></span> <span class='ocrx_word' id='word_1_359' title='bbox 1101 3253 1175 3310; x_wconf 84' lang='lat' dir='ltr'><em>in</em></span> <span class='ocrx_word' id='word_1_360' title='bbox 1224 3260 1352 3311; x_wconf 80' lang='lat' dir='ltr'><em>tota</em></span> <span class='ocrx_word' id='word_1_361' title='bbox 1392 3253 1620 3311; x_wconf 82' lang='lat' dir='ltr'><em>anima</em></span> <span class='ocrx_word' id='word_1_362' title='bbox 1660 3271 1809 3319; x_wconf 83' lang='lat' dir='ltr'><em>sua,</em></span> <span class='ocrx_word' id='word_1_363' title='bbox 1848 3251 1922 3311; x_wconf 80' lang='lat' dir='ltr'><em>in</em></span> 
     </span>
     <span class='ocr_line' id='line_1_52' title="bbox 411 3350 1920 3429; baseline 0.001 -22"><span class='ocrx_word' id='word_1_364' title='bbox 411 3358 596 3408; x_wconf 86' lang='lat' dir='ltr'><em>terra</em></span> <span class='ocrx_word' id='word_1_365' title='bbox 615 3350 1026 3427; x_wconf 83' lang='lat' dir='ltr'><em>captivitatis</em></span> <span class='ocrx_word' id='word_1_366' title='bbox 1049 3370 1206 3417; x_wconf 78' lang='lat' dir='ltr'><em>sua’,</em></span> <span class='ocrx_word' id='word_1_367' title='bbox 1228 3352 1315 3410; x_wconf 90' lang='lat' dir='ltr'><em>ad</em></span> <span class='ocrx_word' id='word_1_368' title='bbox 1335 3370 1532 3429; x_wconf 81' lang='lat' dir='ltr'><em>quam</em></span> <span class='ocrx_word' id='word_1_369' title='bbox 1548 3351 1732 3410; x_wconf 80' lang='lat' dir='ltr'><em>ducti</em></span> <span class='ocrx_word' id='word_1_370' title='bbox 1750 3359 1920 3419; x_wconf 80' lang='lat' dir='ltr'><em>sunt,</em></span> 
     </span>
     <span class='ocr_line' id='line_1_53' title="bbox 409 3448 1921 3527; baseline -0.001 -18"><span class='ocrx_word' id='word_1_371' title='bbox 409 3450 793 3509; x_wconf 79' lang='lat' dir='ltr'><em>adorabunt</em></span> <span class='ocrx_word' id='word_1_372' title='bbox 819 3456 876 3508; x_wconf 86' lang='lat' dir='ltr'><em>te</em></span> <span class='ocrx_word' id='word_1_373' title='bbox 896 3466 1010 3507; x_wconf 82' lang='lat' dir='ltr'><em>con</em></span> <span class='ocrx_word' id='word_1_374' title='bbox 1020 3456 1121 3507; x_wconf 89' lang='lat' dir='ltr'><em>tra</em></span> <span class='ocrx_word' id='word_1_375' title='bbox 1145 3448 1323 3507; x_wconf 87' lang='lat' dir='ltr'><em>viam</em></span> <span class='ocrx_word' id='word_1_376' title='bbox 1345 3456 1530 3507; x_wconf 88' lang='lat' dir='ltr'><em>terroe</em></span> <span class='ocrx_word' id='word_1_377' title='bbox 1549 3466 1700 3516; x_wconf 83' lang='lat' dir='ltr'><em>suoe,</em></span> <span class='ocrx_word' id='word_1_378' title='bbox 1723 3468 1921 3527; x_wconf 81' lang='lat' dir='ltr'><em>quam</em></span> 
     </span>
     <span class='ocr_line' id='line_1_54' title="bbox 409 3545 1922 3625; baseline -0.001 -19"><span class='ocrx_word' id='word_1_379' title='bbox 409 3548 664 3607; x_wconf 84' lang='lat' dir='ltr'><em>dedisti</em></span> <span class='ocrx_word' id='word_1_380' title='bbox 685 3546 992 3623; x_wconf 81' lang='lat' dir='ltr'><em>patribus</em></span> <span class='ocrx_word' id='word_1_381' title='bbox 1019 3565 1265 3617; x_wconf 83' lang='lat' dir='ltr'><em>eorum,</em></span> <span class='ocrx_word' id='word_1_382' title='bbox 1287 3554 1347 3605; x_wconf 90' lang='lat' dir='ltr'><em>et</em></span> <span class='ocrx_word' id='word_1_383' title='bbox 1373 3545 1553 3605; x_wconf 85' lang='lat' dir='ltr'><em>urbis</em></span> <span class='ocrx_word' id='word_1_384' title='bbox 1582 3565 1780 3625; x_wconf 81' lang='lat' dir='ltr'><em>quam</em></span> <span class='ocrx_word' id='word_1_385' title='bbox 1807 3549 1922 3605; x_wconf 83' lang='lat' dir='ltr'><em>ele-</em></span> 
     </span>
     <span class='ocr_line' id='line_1_55' title="bbox 403 3642 1923 3723; baseline -0.001 -20"><span class='ocrx_word' id='word_1_386' title='bbox 403 3644 598 3721; x_wconf 72' lang='lat' dir='ltr'><em>yisti,</em></span> <span class='ocrx_word' id='word_1_387' title='bbox 650 3653 714 3703; x_wconf 90' lang='lat' dir='ltr'><em>et</em></span> <span class='ocrx_word' id='word_1_388' title='bbox 763 3646 994 3703; x_wconf 85' lang='lat' dir='ltr'><em>domus</em></span> <span class='ocrx_word' id='word_1_389' title='bbox 1039 3662 1237 3723; x_wconf 83' lang='lat' dir='ltr'><em>quam</em></span> <span class='ocrx_word' id='word_1_390' title='bbox 1288 3642 1618 3719; x_wconf 67' lang='lat' dir='ltr'><em>(edificavi</em></span> <span class='ocrx_word' id='word_1_391' title='bbox 1663 3644 1923 3703; x_wconf 80' lang='lat' dir='ltr'><em>nomini</em></span> 
     </span>
     <span class='ocr_line' id='line_1_56' title="bbox 416 3742 1922 3818; baseline -0.001 -15"><span class='ocrx_word' id='word_1_392' title='bbox 416 3754 530 3803; x_wconf 79' lang='lat' dir='ltr'><em>tuo</em></span> <span class='ocrx_word' id='word_1_393' title='bbox 553 3760 578 3803; x_wconf 93' lang='grc'><em>.·</em></span> <span class='ocrx_word' id='word_1_394' title='bbox 599 3752 674 3803; x_wconf 83' lang='lat' dir='ltr'><em>ut</em></span> <span class='ocrx_word' id='word_1_395' title='bbox 702 3744 1028 3802; x_wconf 72' lang='lat' dir='ltr'><em>exaudias</em></span> <span class='ocrx_word' id='word_1_396' title='bbox 1054 3744 1135 3801; x_wconf 87' lang='lat' dir='ltr'><em>de</em></span> <span class='ocrx_word' id='word_1_397' title='bbox 1161 3744 1340 3811; x_wconf 84' lang='lat' dir='ltr'><em>coelo,</em></span> <span class='ocrx_word' id='word_1_398' title='bbox 1363 3742 1479 3801; x_wconf 77' lang='lat' dir='ltr'><em>hoc</em></span> <span class='ocrx_word' id='word_1_399' title='bbox 1505 3750 1596 3800; x_wconf 88' lang='lat' dir='ltr'><em>est</em></span> <span class='ocrx_word' id='word_1_400' title='bbox 1625 3744 1704 3800; x_wconf 86' lang='lat' dir='ltr'><em>de</em></span> <span class='ocrx_word' id='word_1_401' title='bbox 1731 3745 1922 3818; x_wconf 79' lang='lat' dir='ltr'><em>firmo</em></span> 
     </span>
     <span class='ocr_line' id='line_1_57' title="bbox 411 3840 1923 3917; baseline -0.001 -16"><span class='ocrx_word' id='word_1_402' title='bbox 411 3842 796 3901; x_wconf 79' lang='lat' dir='ltr'><em>habitaculo</em></span> <span class='ocrx_word' id='word_1_403' title='bbox 829 3850 957 3911; x_wconf 83' lang='lat' dir='ltr'><em>tuo,</em></span> <span class='ocrx_word' id='word_1_404' title='bbox 989 3860 1205 3917; x_wconf 79' lang='lat' dir='ltr'><em>preces</em></span> <span class='ocrx_word' id='word_1_405' title='bbox 1232 3859 1479 3909; x_wconf 86' lang='lat' dir='ltr'><em>eorum,</em></span> <span class='ocrx_word' id='word_1_406' title='bbox 1498 3848 1556 3899; x_wconf 89' lang='lat' dir='ltr'><em>et</em></span> <span class='ocrx_word' id='word_1_407' title='bbox 1584 3840 1796 3916; x_wconf 82' lang='lat' dir='ltr'><em>facias</em></span> <span class='ocrx_word' id='word_1_408' title='bbox 1813 3840 1923 3917; x_wconf 79' lang='lat' dir='ltr'><em>ju-</em></span> 
     </span>
     <span class='ocr_line' id='line_1_58' title="bbox 411 3938 1922 4017; baseline -0.001 -18"><span class='ocrx_word' id='word_1_409' title='bbox 411 3941 701 4009; x_wconf 81' lang='lat' dir='ltr'><em>dicium,</em></span> <span class='ocrx_word' id='word_1_410' title='bbox 745 3948 808 3999; x_wconf 88' lang='lat' dir='ltr'><em>et</em></span> <span class='ocrx_word' id='word_1_411' title='bbox 851 3939 1150 3999; x_wconf 78' lang='lat' dir='ltr'><em>dimittas</em></span> <span class='ocrx_word' id='word_1_412' title='bbox 1183 3942 1426 4015; x_wconf 77' lang='lat' dir='ltr'><em>populo</em></span> <span class='ocrx_word' id='word_1_413' title='bbox 1473 3947 1576 3997; x_wconf 84' lang='lat' dir='ltr'><em>tuo</em></span> <span class='ocrx_word' id='word_1_414' title='bbox 1624 3938 1922 4017; x_wconf 82' lang='lat' dir='ltr'><em>quamvis</em></span> 
     </span>
     <span class='ocr_line' id='line_1_59' title="bbox 401 4038 1923 4115; baseline -0.001 -18"><span class='ocrx_word' id='word_1_415' title='bbox 401 4039 761 4115; x_wconf 81' lang='lat' dir='ltr'><em>peccatori.</em></span> <span class='ocrx_word' id='word_1_416' title='bbox 786 4040 884 4097; x_wconf 83' lang='lat' dir='ltr'><em>Tu</em></span> <span class='ocrx_word' id='word_1_417' title='bbox 901 4056 966 4095; x_wconf 84' lang='lat' dir='ltr'><em>es</em></span> <span class='ocrx_word' id='word_1_418' title='bbox 987 4038 1166 4095; x_wconf 85' lang='lat' dir='ltr'><em>enim</em></span> <span class='ocrx_word' id='word_1_419' title='bbox 1187 4039 1358 4095; x_wconf 83' lang='lat' dir='ltr'><em>Deus</em></span> <span class='ocrx_word' id='word_1_420' title='bbox 1387 4055 1583 4095; x_wconf 82' lang='lat' dir='ltr'><em>meus.</em></span> <span class='ocrx_word' id='word_1_421' title='bbox 1609 4038 1666 4095; x_wconf 85' lang='lat' dir='ltr'><strong><em>A</em></strong></span> <span class='ocrx_word' id='word_1_422' title='bbox 1665 4038 1923 4112; x_wconf 76' lang='lat' dir='ltr'><em>perian-</em></span> 
     </span>
     <span class='ocr_line' id='line_1_60' title="bbox 413 4134 1922 4214; baseline -0.001 -18"><span class='ocrx_word' id='word_1_423' title='bbox 413 4145 556 4205; x_wconf 79' lang='lat' dir='ltr'><em>tur,</em></span> <span class='ocrx_word' id='word_1_424' title='bbox 576 4154 810 4214; x_wconf 80' lang='lat' dir='ltr'><em>quoesO,</em></span> <span class='ocrx_word' id='word_1_425' title='bbox 842 4135 1017 4193; x_wconf 81' lang='lat' dir='ltr'><em>oculi</em></span> <span class='ocrx_word' id='word_1_426' title='bbox 1049 4136 1174 4203; x_wconf 83' lang='lat' dir='ltr'><em>tui,</em></span> <span class='ocrx_word' id='word_1_427' title='bbox 1193 4142 1253 4193; x_wconf 88' lang='lat' dir='ltr'><em>et</em></span> <span class='ocrx_word' id='word_1_428' title='bbox 1281 4152 1472 4193; x_wconf 80' lang='lat' dir='ltr'><em>aures</em></span> <span class='ocrx_word' id='word_1_429' title='bbox 1503 4143 1629 4194; x_wconf 78' lang='lat' dir='ltr'><em>tuoe</em></span> <span class='ocrx_word' id='word_1_430' title='bbox 1659 4134 1922 4195; x_wconf 65' lang='lat' dir='ltr'><em>intentae</em></span> 
     </span>
     <span class='ocr_line' id='line_1_61' title="bbox 409 4234 1782 4311; baseline -0.001 -17"><span class='ocrx_word' id='word_1_431' title='bbox 409 4236 550 4294; x_wconf 76' lang='lat' dir='ltr'><em>sint</em></span> <span class='ocrx_word' id='word_1_432' title='bbox 581 4237 674 4294; x_wconf 88' lang='lat' dir='ltr'><em>ad</em></span> <span class='ocrx_word' id='word_1_433' title='bbox 701 4235 1060 4293; x_wconf 82' lang='lat' dir='ltr'><em>orationem</em></span> <span class='ocrx_word' id='word_1_434' title='bbox 1092 4252 1237 4311; x_wconf 81' lang='lat' dir='ltr'><em>quoe</em></span> <span class='ocrx_word' id='word_1_435' title='bbox 1264 4237 1342 4309; x_wconf 73' lang='lat' dir='ltr'><em>fit</em></span> <span class='ocrx_word' id='word_1_436' title='bbox 1373 4234 1444 4291; x_wconf 80' lang='lat' dir='ltr'><em>in</em></span> <span class='ocrx_word' id='word_1_437' title='bbox 1479 4236 1610 4291; x_wconf 88' lang='lat' dir='ltr'><em>toco</em></span> <span class='ocrx_word' id='word_1_438' title='bbox 1641 4234 1782 4293; x_wconf 85' lang='lat' dir='ltr'><em>ist0.</em></span> 
     </span>
     <span class='ocr_line' id='line_1_62' title="bbox 497 4332 1922 4409; baseline -0.002 -15"><span class='ocrx_word' id='word_1_439' title='bbox 497 4334 704 4394; x_wconf 82' lang='lat' dir='ltr'><em>Nunc</em></span> <span class='ocrx_word' id='word_1_440' title='bbox 735 4332 948 4409; x_wconf 72' lang='lat' dir='ltr'><em>iyitur</em></span> <span class='ocrx_word' id='word_1_441' title='bbox 975 4350 1304 4407; x_wconf 71' lang='lat' dir='ltr'><em>consurqe,</em></span> <span class='ocrx_word' id='word_1_442' title='bbox 1329 4332 1603 4391; x_wconf 80' lang='lat' dir='ltr'><em>Domine</em></span> <span class='ocrx_word' id='word_1_443' title='bbox 1631 4333 1828 4401; x_wconf 83' lang='lat' dir='ltr'><em>Deus,</em></span> <span class='ocrx_word' id='word_1_444' title='bbox 1850 4332 1922 4391; x_wconf 84' lang='lat' dir='ltr'><em>in</em></span> 
     </span>
     <span class='ocr_line' id='line_1_63' title="bbox 411 4426 1926 4509; baseline 0 -20"><span class='ocrx_word' id='word_1_445' title='bbox 411 4432 710 4509; x_wconf 83' lang='lat' dir='ltr'><em>requiem</em></span> <span class='ocrx_word' id='word_1_446' title='bbox 757 4439 966 4498; x_wconf 79' lang='lat' dir='ltr'><em>tuam,</em></span> <span class='ocrx_word' id='word_1_447' title='bbox 1000 4427 1064 4489; x_wconf 88' lang='lat' dir='ltr'><em>id</em></span> <span class='ocrx_word' id='word_1_448' title='bbox 1111 4436 1228 4503; x_wconf 82' lang='lat' dir='ltr'><em>est,</em></span> <span class='ocrx_word' id='word_1_449' title='bbox 1273 4426 1339 4489; x_wconf 91' lang='lat' dir='ltr'><em>in</em></span> <span class='ocrx_word' id='word_1_450' title='bbox 1383 4426 1624 4509; x_wconf 84' lang='lat' dir='ltr'><em>templo</em></span> <span class='ocrx_word' id='word_1_451' title='bbox 1666 4427 1786 4490; x_wconf 88' lang='lat' dir='ltr'><em>isto</em></span> <span class='ocrx_word' id='word_1_452' title='bbox 1831 4428 1926 4490; x_wconf 92' lang='lat' dir='ltr'><em>di-</em></span> 
     </span>
     <span class='ocr_line' id='line_1_64' title="bbox 409 4529 1924 4614; baseline -0.001 -19"><span class='ocrx_word' id='word_1_453' title='bbox 409 4540 694 4614; x_wconf 82' lang='lat' dir='ltr'><em>gnanter</em></span> <span class='ocrx_word' id='word_1_454' title='bbox 747 4530 1038 4593; x_wconf 90' lang='lat' dir='ltr'><em>habitare</em></span> <span class='ocrx_word' id='word_1_455' title='bbox 1070 4532 1150 4593; x_wconf 85' lang='lat' dir='ltr'><em>de</em></span> <span class='ocrx_word' id='word_1_456' title='bbox 1188 4540 1398 4594; x_wconf 90' lang='lat' dir='ltr'><em>cetero</em></span> <span class='ocrx_word' id='word_1_457' title='bbox 1449 4529 1634 4607; x_wconf 91' lang='lat' dir='ltr'><em>velis,</em></span> <span class='ocrx_word' id='word_1_458' title='bbox 1669 4538 1731 4593; x_wconf 90' lang='lat' dir='ltr'><em>et</em></span> <span class='ocrx_word' id='word_1_459' title='bbox 1763 4530 1924 4593; x_wconf 91' lang='lat' dir='ltr'><em>illud</em></span> 
     </span>
     <span class='ocr_line' id='line_1_65' title="bbox 411 4628 1920 4711; baseline 0 -19"><span class='ocrx_word' id='word_1_460' title='bbox 411 4631 700 4711; x_wconf 79' lang='lat' dir='ltr'><em>gratiose</em></span> <span class='ocrx_word' id='word_1_461' title='bbox 745 4629 1106 4710; x_wconf 85' lang='lat' dir='ltr'><em>ingredere,</em></span> <span class='ocrx_word' id='word_1_462' title='bbox 1143 4628 1210 4690; x_wconf 90' lang='lat' dir='ltr'><em>in</em></span> <span class='ocrx_word' id='word_1_463' title='bbox 1252 4646 1380 4711; x_wconf 92' lang='lat' dir='ltr'><em>quo</em></span> <span class='ocrx_word' id='word_1_464' title='bbox 1419 4636 1517 4690; x_wconf 91' lang='lat' dir='ltr'><em>est</em></span> <span class='ocrx_word' id='word_1_465' title='bbox 1559 4628 1741 4691; x_wconf 90' lang='lat' dir='ltr'><em>sedes</em></span> <span class='ocrx_word' id='word_1_466' title='bbox 1793 4638 1920 4707; x_wconf 88' lang='lat' dir='ltr'><em>tua,</em></span> 
     </span>
     <span class='ocr_line' id='line_1_66' title="bbox 415 4726 1924 4811; baseline -0.001 -18"><span class='ocrx_word' id='word_1_467' title='bbox 415 4728 728 4793; x_wconf 82' lang='lat' dir='ltr'><em>videlieet</em></span> <span class='ocrx_word' id='word_1_468' title='bbox 773 4726 1316 4811; x_wconf 88' lang='lat' dir='ltr'><em>propitiatorium,</em></span> <span class='ocrx_word' id='word_1_469' title='bbox 1360 4736 1425 4791; x_wconf 86' lang='lat' dir='ltr'><em>et</em></span> <span class='ocrx_word' id='word_1_470' title='bbox 1463 4729 1633 4809; x_wconf 90' lang='lat' dir='ltr'><em>quod</em></span> <span class='ocrx_word' id='word_1_471' title='bbox 1685 4728 1924 4792; x_wconf 82' lang='lat' dir='ltr'><em>sactum</em></span> 
     </span>
     <span class='ocr_line' id='line_1_67' title="bbox 415 4825 1926 4909; baseline -0.001 -19"><span class='ocrx_word' id='word_1_472' title='bbox 415 4836 518 4891; x_wconf 84' lang='lat' dir='ltr'><em>est</em></span> <span class='ocrx_word' id='word_1_473' title='bbox 549 4834 622 4888; x_wconf 92' lang='lat' dir='ltr'><em>ut</em></span> <span class='ocrx_word' id='word_1_474' title='bbox 653 4825 1018 4907; x_wconf 86' lang='lat' dir='ltr'><em>requiescas</em></span> <span class='ocrx_word' id='word_1_475' title='bbox 1051 4825 1304 4907; x_wconf 89' lang='lat' dir='ltr'><em>inipso,</em></span> <span class='ocrx_word' id='word_1_476' title='bbox 1338 4825 1402 4888; x_wconf 92' lang='lat' dir='ltr'><em>id</em></span> <span class='ocrx_word' id='word_1_477' title='bbox 1434 4833 1551 4901; x_wconf 88' lang='lat' dir='ltr'><em>est,</em></span> <span class='ocrx_word' id='word_1_478' title='bbox 1589 4845 1702 4907; x_wconf 89' lang='lat' dir='ltr'><em>per</em></span> <span class='ocrx_word' id='word_1_479' title='bbox 1733 4826 1926 4909; x_wconf 88' lang='lat' dir='ltr'><em>pieta-</em></span> 
     </span>
     <span class='ocr_line' id='line_1_68' title="bbox 419 4922 1924 4988; baseline 0 -1"><span class='ocrx_word' id='word_1_480' title='bbox 419 4927 505 4988; x_wconf 86' lang='lat' dir='ltr'><em>tis</em></span> <span class='ocrx_word' id='word_1_481' title='bbox 539 4934 667 4987; x_wconf 82' lang='lat' dir='ltr'><em>tuae</em></span> <span class='ocrx_word' id='word_1_482' title='bbox 713 4922 990 4987; x_wconf 83' lang='lat' dir='ltr'><em>effectus</em></span> <span class='ocrx_word' id='word_1_483' title='bbox 1030 4925 1326 4987; x_wconf 87' lang='lat' dir='ltr'><em>ostendas</em></span> <span class='ocrx_word' id='word_1_484' title='bbox 1372 4933 1436 4988; x_wconf 86' lang='lat' dir='ltr'><em>te</em></span> <span class='ocrx_word' id='word_1_485' title='bbox 1479 4924 1924 4988; x_wconf 84' lang='lat' dir='ltr'><em>invariabilem</em></span> 
     </span>
     <span class='ocr_line' id='line_1_69' title="bbox 419 5021 1920 5104; baseline 0 -17"><span class='ocrx_word' id='word_1_486' title='bbox 419 5033 486 5087; x_wconf 88' lang='lat' dir='ltr'><em>et</em></span> <span class='ocrx_word' id='word_1_487' title='bbox 519 5021 1264 5104; x_wconf 87' lang='lat' dir='ltr'><em>incircumscriptibilem</em></span> <span class='ocrx_word' id='word_1_488' title='bbox 1291 5022 1484 5085; x_wconf 88' lang='lat' dir='ltr'><em>Deum</em></span> <span class='ocrx_word' id='word_1_489' title='bbox 1531 5022 1620 5085; x_wconf 91' lang='lat' dir='ltr'><em>ibi</em></span> <span class='ocrx_word' id='word_1_490' title='bbox 1659 5026 1920 5100; x_wconf 89' lang='lat' dir='ltr'><em>adessc;</em></span> 
     </span>
     <span class='ocr_line' id='line_1_70' title="bbox 425 5122 1927 5198; baseline 0 -13"><span class='ocrx_word' id='word_1_491' title='bbox 425 5134 500 5185; x_wconf 77' lang='lat' dir='ltr'><em>tu</em></span> <span class='ocrx_word' id='word_1_492' title='bbox 529 5132 590 5182; x_wconf 89' lang='lat' dir='ltr'><em>et</em></span> <span class='ocrx_word' id='word_1_493' title='bbox 622 5142 780 5182; x_wconf 86' lang='lat' dir='ltr'><em>arca</em></span> <span class='ocrx_word' id='word_1_494' title='bbox 799 5122 1219 5198; x_wconf 82' lang='lat' dir='ltr'><em>fortitudinis</em></span> <span class='ocrx_word' id='word_1_495' title='bbox 1253 5131 1404 5191; x_wconf 77' lang='lat' dir='ltr'><em>tuce,</em></span> <span class='ocrx_word' id='word_1_496' title='bbox 1428 5122 1492 5183; x_wconf 91' lang='lat' dir='ltr'><em>id</em></span> <span class='ocrx_word' id='word_1_497' title='bbox 1524 5131 1619 5184; x_wconf 83' lang='lat' dir='ltr'><em>est</em></span> <span class='ocrx_word' id='word_1_498' title='bbox 1649 5141 1795 5185; x_wconf 83' lang='lat' dir='ltr'><em>area</em></span> <span class='ocrx_word' id='word_1_499' title='bbox 1817 5122 1927 5186; x_wconf 83' lang='lat' dir='ltr'><em>foe-</em></span> 
     </span>
    </p>
   </div>
   <div class='ocr_carea' id='block_1_9' title="bbox 101 5217 1924 5299">
    <p class='ocr_par' dir='ltr' id='par_1_30' title="bbox 101 5217 1924 5299">
     <span class='ocr_line' id='line_1_71' title="bbox 101 5217 1924 5299; baseline -0.003 -11"><span class='ocrx_word' id='word_1_500' title='bbox 101 5244 390 5295; x_wconf 47' lang='lat' dir='ltr'><em>monast.</em></span> <span class='ocrx_word' id='word_1_501' title='bbox 421 5218 644 5283; x_wconf 85' lang='lat' dir='ltr'><em>deris:</em></span> <span class='ocrx_word' id='word_1_502' title='bbox 682 5217 752 5280; x_wconf 91' lang='lat' dir='ltr'><em>in</em></span> <span class='ocrx_word' id='word_1_503' title='bbox 781 5236 910 5299; x_wconf 87' lang='lat' dir='ltr'><em>qua</em></span> <span class='ocrx_word' id='word_1_504' title='bbox 948 5226 1128 5280; x_wconf 89' lang='lat' dir='ltr'><em>erant</em></span> <span class='ocrx_word' id='word_1_505' title='bbox 1161 5217 1392 5280; x_wconf 81' lang='lat' dir='ltr'><em>tabulae</em></span> <span class='ocrx_word' id='word_1_506' title='bbox 1437 5220 1820 5296; x_wconf 83' lang='lat' dir='ltr'><em>testamenti,</em></span> <span class='ocrx_word' id='word_1_507' title='bbox 1858 5220 1924 5282; x_wconf 93' lang='lat' dir='ltr'><em>in</em></span> 
     </span>
    </p>
   </div>
   <div class='ocr_carea' id='block_1_10' title="bbox 421 5314 1926 5399">
    <p class='ocr_par' dir='ltr' id='par_1_31' title="bbox 421 5314 1926 5399">
     <span class='ocr_line' id='line_1_72' title="bbox 421 5314 1926 5399; baseline 0 -20"><span class='ocrx_word' id='word_1_508' title='bbox 421 5316 668 5399; x_wconf 87' lang='lat' dir='ltr'><em>quibus</em></span> <span class='ocrx_word' id='word_1_509' title='bbox 711 5315 988 5398; x_wconf 87' lang='lat' dir='ltr'><em>scriptus</em></span> <span class='ocrx_word' id='word_1_510' title='bbox 1029 5314 1154 5376; x_wconf 81' lang='lat' dir='ltr'><em>suit</em></span> <span class='ocrx_word' id='word_1_511' title='bbox 1179 5314 1549 5397; x_wconf 76' lang='lat' dir='ltr'><em>Decalogus.</em></span> <span class='ocrx_word' id='word_1_512' title='bbox 1584 5316 1732 5390; x_wconf 81' lang='lat' dir='ltr'><em>Quae</em></span> <span class='ocrx_word' id='word_1_513' title='bbox 1769 5318 1926 5381; x_wconf 92' lang='lat' dir='ltr'><em>dici-</em></span> 
     </span>
    </p>
   </div>
   <div class='ocr_carea' id='block_1_11' title="bbox 2030 3151 3807 4221">
    <p class='ocr_par' dir='ltr' id='par_1_32' title="bbox 2030 3151 3807 4221">
     <span class='ocr_line' id='line_1_73' title="bbox 2033 3151 3523 3233; baseline -0.002 -17"><span class='ocrx_word' id='word_1_514' title='bbox 2033 3172 2179 3216; x_wconf 90' lang='lat' dir='ltr'><em>cum</em></span> <span class='ocrx_word' id='word_1_515' title='bbox 2212 3172 2377 3229; x_wconf 87' lang='lat' dir='ltr'><em>arca,</em></span> <span class='ocrx_word' id='word_1_516' title='bbox 2401 3153 2613 3233; x_wconf 83' lang='lat' dir='ltr'><em>januae</em></span> <span class='ocrx_word' id='word_1_517' title='bbox 2646 3151 2866 3233; x_wconf 83' lang='lat' dir='ltr'><em>templi</em></span> <span class='ocrx_word' id='word_1_518' title='bbox 2888 3171 2957 3213; x_wconf 90' lang='lat' dir='ltr'><em>se</em></span> <span class='ocrx_word' id='word_1_519' title='bbox 2976 3160 3197 3215; x_wconf 89' lang='lat' dir='ltr'><em>contra</em></span> <span class='ocrx_word' id='word_1_520' title='bbox 3216 3170 3325 3215; x_wconf 85' lang='lat' dir='ltr'><em>eos</em></span> <span class='ocrx_word' id='word_1_521' title='bbox 3355 3151 3523 3214; x_wconf 89' lang='lat' dir='ltr'><em>clau-</em></span> 
     </span>
     <span class='ocr_line' id='line_1_74' title="bbox 2032 3249 3521 3333; baseline -0.001 -20"><span class='ocrx_word' id='word_1_522' title='bbox 2032 3259 2274 3327; x_wconf 85' lang='lat' dir='ltr'><em>serunt,</em></span> <span class='ocrx_word' id='word_1_523' title='bbox 2309 3258 2568 3333; x_wconf 91' lang='lat' dir='ltr'><em>propter</em></span> <span class='ocrx_word' id='word_1_524' title='bbox 2609 3251 2779 3332; x_wconf 90' lang='lat' dir='ltr'><em>quod</em></span> <span class='ocrx_word' id='word_1_525' title='bbox 2824 3250 3118 3314; x_wconf 88' lang='lat' dir='ltr'><em>Salomon</em></span> <span class='ocrx_word' id='word_1_526' title='bbox 3162 3249 3357 3313; x_wconf 82' lang='lat' dir='ltr'><em>verba</em></span> <span class='ocrx_word' id='word_1_527' title='bbox 3400 3249 3521 3312; x_wconf 88' lang='lat' dir='ltr'><em>ista</em></span> 
     </span>
     <span class='ocr_line' id='line_1_75' title="bbox 2030 3348 3519 3430; baseline -0.001 -18"><span class='ocrx_word' id='word_1_528' title='bbox 2030 3350 2237 3412; x_wconf 87' lang='lat' dir='ltr'><em>oravit</em></span> <span class='ocrx_word' id='word_1_529' title='bbox 2270 3368 2283 3412; x_wconf 90' lang='lat'>:</span> <span class='ocrx_word' id='word_1_530' title='bbox 2320 3349 2541 3430; x_wconf 88' lang='lat' dir='ltr'><em>sicque</em></span> <span class='ocrx_word' id='word_1_531' title='bbox 2584 3348 2919 3411; x_wconf 81' lang='lat' dir='ltr'><em>referenda</em></span> <span class='ocrx_word' id='word_1_532' title='bbox 2948 3356 3114 3413; x_wconf 86' lang='lat' dir='ltr'><em>esset</em></span> <span class='ocrx_word' id='word_1_533' title='bbox 3155 3349 3275 3411; x_wconf 91' lang='lat' dir='ltr'><em>ista</em></span> <span class='ocrx_word' id='word_1_534' title='bbox 3316 3348 3519 3412; x_wconf 88' lang='lat' dir='ltr'><em>oratio</em></span> 
     </span>
     <span class='ocr_line' id='line_1_76' title="bbox 2031 3447 3796 3530; baseline 0.001 -21"><span class='ocrx_word' id='word_1_535' title='bbox 2031 3449 2108 3510; x_wconf 90' lang='lat' dir='ltr'><em>ad</em></span> <span class='ocrx_word' id='word_1_536' title='bbox 2141 3448 2533 3530; x_wconf 82' lang='lat' dir='ltr'><em>praeinducta</em></span> <span class='ocrx_word' id='word_1_537' title='bbox 2560 3447 2893 3529; x_wconf 88' lang='lat' dir='ltr'><em>superiora</em></span> <span class='ocrx_word' id='word_1_538' title='bbox 2911 3448 2991 3511; x_wconf 90' lang='lat' dir='ltr'><em>de</em></span> <span class='ocrx_word' id='word_1_539' title='bbox 3020 3466 3179 3511; x_wconf 84' lang='lat' dir='ltr'><em>arcae</em></span> <span class='ocrx_word' id='word_1_540' title='bbox 3210 3447 3522 3510; x_wconf 87' lang='lat' dir='ltr'><em>inductio·</em></span> <span class='ocrx_word' id='word_1_541' title='bbox 3574 3467 3796 3519; x_wconf 73' lang='lat' dir='ltr'><em>11n·‹1.v,7.</em></span> 
     </span>
     <span class='ocr_line' id='line_1_77' title="bbox 2033 3546 3518 3629; baseline 0 -20"><span class='ocrx_word' id='word_1_542' title='bbox 2033 3565 2112 3609; x_wconf 92' lang='lat' dir='ltr'><em>ne</em></span> <span class='ocrx_word' id='word_1_543' title='bbox 2140 3548 2221 3609; x_wconf 89' lang='lat' dir='ltr'><em>ad</em></span> <span class='ocrx_word' id='word_1_544' title='bbox 2255 3546 2463 3609; x_wconf 91' lang='lat' dir='ltr'><em>locum</em></span> <span class='ocrx_word' id='word_1_545' title='bbox 2506 3565 2714 3608; x_wconf 91' lang='lat' dir='ltr'><em>suum.</em></span> <span class='ocrx_word' id='word_1_546' title='bbox 2748 3547 3003 3609; x_wconf 84' lang='lat' dir='ltr'><em>Addunt</em></span> <span class='ocrx_word' id='word_1_547' title='bbox 3032 3566 3311 3629; x_wconf 89' lang='lat' dir='ltr'><em>quoque,</em></span> <span class='ocrx_word' id='word_1_548' title='bbox 3346 3546 3518 3629; x_wconf 92' lang='lat' dir='ltr'><em>quod</em></span> 
     </span>
     <span class='ocr_line' id='line_1_78' title="bbox 2033 3645 3521 3710; baseline 0.001 -3"><span class='ocrx_word' id='word_1_549' title='bbox 2033 3648 2390 3709; x_wconf 86' lang='lat' dir='ltr'><em>sacerdotes</em></span> <span class='ocrx_word' id='word_1_550' title='bbox 2426 3653 2577 3708; x_wconf 90' lang='lat' dir='ltr'><em>tunc</em></span> <span class='ocrx_word' id='word_1_551' title='bbox 2616 3646 2985 3709; x_wconf 84' lang='lat' dir='ltr'><em>cecinerunt</em></span> <span class='ocrx_word' id='word_1_552' title='bbox 3013 3645 3331 3709; x_wconf 90' lang='lat' dir='ltr'><em>Psalmum</em></span> <span class='ocrx_word' id='word_1_553' title='bbox 3374 3666 3521 3710; x_wconf 85' lang='lat' dir='ltr'><em>cen-</em></span> 
     </span>
     <span class='ocr_line' id='line_1_79' title="bbox 2033 3743 3807 3826; baseline -0.001 -19"><span class='ocrx_word' id='word_1_554' title='bbox 2033 3744 2330 3807; x_wconf 83' lang='lat' dir='ltr'><em>tesimum</em></span> <span class='ocrx_word' id='word_1_555' title='bbox 2365 3743 2757 3806; x_wconf 88' lang='lat' dir='ltr'><em>tricesimum</em></span> <span class='ocrx_word' id='word_1_556' title='bbox 2790 3744 3088 3826; x_wconf 90' lang='lat' dir='ltr'><em>primum,</em></span> <span class='ocrx_word' id='word_1_557' title='bbox 3115 3746 3381 3821; x_wconf 87' lang='lat' dir='ltr'><em>scilicet,</em></span> <span class='ocrx_word' id='word_1_558' title='bbox 3408 3745 3521 3808; x_wconf 87' lang='lat' dir='ltr'><em>Me·</em></span> <span class='ocrx_word' id='word_1_559' title='bbox 3550 3764 3807 3813; x_wconf 52' lang='lat' dir='ltr'><em>Panum.</em></span> 
     </span>
     <span class='ocr_line' id='line_1_80' title="bbox 2033 3843 3521 3925; baseline 0.001 -22"><span class='ocrx_word' id='word_1_560' title='bbox 2033 3850 2272 3917; x_wconf 87' lang='lat' dir='ltr'><em>mento,</em></span> <span class='ocrx_word' id='word_1_561' title='bbox 2337 3843 2625 3919; x_wconf 89' lang='lat' dir='ltr'><em>Domine,</em></span> <span class='ocrx_word' id='word_1_562' title='bbox 2680 3843 2897 3920; x_wconf 86' lang='lat' dir='ltr'><em>David,</em></span> <span class='ocrx_word' id='word_1_563' title='bbox 2947 3852 3260 3925; x_wconf 83' lang='lat' dir='ltr'><em>quatenus</em></span> <span class='ocrx_word' id='word_1_564' title='bbox 3308 3846 3521 3924; x_wconf 82' lang='lat' dir='ltr'><em>januae</em></span> 
     </span>
     <span class='ocr_line' id='line_1_81' title="bbox 2030 3940 3517 4023; baseline -0.001 -19"><span class='ocrx_word' id='word_1_565' title='bbox 2030 3941 2446 4023; x_wconf 84' lang='lat' dir='ltr'><em>aperirentur.</em></span> <span class='ocrx_word' id='word_1_566' title='bbox 2481 3940 2811 4023; x_wconf 89' lang='lat' dir='ltr'><em>Quumque</em></span> <span class='ocrx_word' id='word_1_567' title='bbox 2850 3942 3177 4005; x_wconf 85' lang='lat' dir='ltr'><em>venissent</em></span> <span class='ocrx_word' id='word_1_568' title='bbox 3210 3942 3293 4003; x_wconf 90' lang='lat' dir='ltr'><em>ad</em></span> <span class='ocrx_word' id='word_1_569' title='bbox 3336 3941 3517 4003; x_wconf 91' lang='lat' dir='ltr'><em>illum</em></span> 
     </span>
     <span class='ocr_line' id='line_1_82' title="bbox 2033 4040 3793 4122; baseline -0.001 -19"><span class='ocrx_word' id='word_1_570' title='bbox 2033 4040 2442 4117; x_wconf 89' lang='lat' dir='ltr'><em>versiculum,</em></span> <span class='ocrx_word' id='word_1_571' title='bbox 2476 4040 2738 4122; x_wconf 87' lang='lat' dir='ltr'><em>Propter</em></span> <span class='ocrx_word' id='word_1_572' title='bbox 2768 4040 2963 4104; x_wconf 84' lang='lat' dir='ltr'><em>David</em></span> <span class='ocrx_word' id='word_1_573' title='bbox 3014 4060 3265 4103; x_wconf 85' lang='lat' dir='ltr'><em>servum</em></span> <span class='ocrx_word' id='word_1_574' title='bbox 3313 4049 3515 4115; x_wconf 89' lang='lat' dir='ltr'><em>tuum,</em></span> <span class='ocrx_word' id='word_1_575' title='bbox 3578 4065 3695 4109; x_wconf 53' lang='lat' dir='ltr'><em>ten-(1,</em></span> <span class='ocrx_word' id='word_1_576' title='bbox 3730 4068 3793 4108; x_wconf 77' lang='grc' dir='ltr'><em>ιο,</em></span> 
     </span>
     <span class='ocr_line' id='line_1_83' title="bbox 2033 4137 3521 4221; baseline -0.001 -21"><span class='ocrx_word' id='word_1_577' title='bbox 2033 4139 2098 4201; x_wconf 90' lang='lat' dir='ltr'><em>id</em></span> <span class='ocrx_word' id='word_1_578' title='bbox 2132 4148 2227 4202; x_wconf 86' lang='lat' dir='ltr'><em>est</em></span> <span class='ocrx_word' id='word_1_579' title='bbox 2259 4147 2521 4221; x_wconf 87' lang='lat' dir='ltr'><em>propter</em></span> <span class='ocrx_word' id='word_1_580' title='bbox 2550 4139 2777 4203; x_wconf 90' lang='lat' dir='ltr'><em>merita</em></span> <span class='ocrx_word' id='word_1_581' title='bbox 2804 4140 2963 4221; x_wconf 80' lang='lat' dir='ltr'><em>ejuS,</em></span> <span class='ocrx_word' id='word_1_582' title='bbox 2990 4156 3117 4201; x_wconf 93' lang='lat' dir='ltr'><em>non</em></span> <span class='ocrx_word' id='word_1_583' title='bbox 3150 4146 3397 4201; x_wconf 85' lang='lat' dir='ltr'><em>avertas</em></span> <span class='ocrx_word' id='word_1_584' title='bbox 3428 4137 3521 4200; x_wconf 81' lang='lat' dir='ltr'><em>sa-</em></span> 
     </span>
    </p>
   </div>
   <div class='ocr_carea' id='block_1_12' title="bbox 1956 4236 3522 4319">
    <p class='ocr_par' dir='ltr' id='par_1_33' title="bbox 1956 4236 3522 4319">
     <span class='ocr_line' id='line_1_84' title="bbox 1956 4236 3522 4319; baseline -0.001 -19"><span class='ocrx_word' id='word_1_585' title='bbox 1956 4239 2003 4300; x_wconf 91' lang='lat' dir='ltr'>D</span> <span class='ocrx_word' id='word_1_586' title='bbox 2033 4238 2197 4301; x_wconf 88' lang='lat' dir='ltr'><em>ciem</em></span> <span class='ocrx_word' id='word_1_587' title='bbox 2242 4237 2465 4299; x_wconf 87' lang='lat' dir='ltr'><em>christi</em></span> <span class='ocrx_word' id='word_1_588' title='bbox 2514 4237 2628 4313; x_wconf 91' lang='lat' dir='ltr'><em>tui,</em></span> <span class='ocrx_word' id='word_1_589' title='bbox 2665 4237 2729 4299; x_wconf 91' lang='lat' dir='ltr'><em>id</em></span> <span class='ocrx_word' id='word_1_590' title='bbox 2774 4246 2870 4300; x_wconf 89' lang='lat' dir='ltr'><em>est</em></span> <span class='ocrx_word' id='word_1_591' title='bbox 2910 4256 3129 4319; x_wconf 82' lang='lat' dir='ltr'><em>preces</em></span> <span class='ocrx_word' id='word_1_592' title='bbox 3168 4236 3522 4299; x_wconf 89' lang='lat' dir='ltr'><em>Salomonis</em></span> 
     </span>
    </p>
   </div>
   <div class='ocr_carea' id='block_1_13' title="bbox 2031 4335 3527 5400">
    <p class='ocr_par' dir='ltr' id='par_1_34' title="bbox 2034 4335 3524 4597">
     <span class='ocr_line' id='line_1_85' title="bbox 2034 4335 3522 4419; baseline -0.001 -22"><span class='ocrx_word' id='word_1_593' title='bbox 2034 4336 2211 4398; x_wconf 88' lang='lat' dir='ltr'><em>uncti</em></span> <span class='ocrx_word' id='word_1_594' title='bbox 2239 4336 2303 4398; x_wconf 92' lang='lat' dir='ltr'><em>in</em></span> <span class='ocrx_word' id='word_1_595' title='bbox 2329 4354 2565 4417; x_wconf 78' lang='lat' dir='ltr'><em>regem,</em></span> <span class='ocrx_word' id='word_1_596' title='bbox 2593 4335 2829 4398; x_wconf 89' lang='lat' dir='ltr'><em>orantis</em></span> <span class='ocrx_word' id='word_1_597' title='bbox 2854 4354 2967 4417; x_wconf 90' lang='lat' dir='ltr'><em>pro</em></span> <span class='ocrx_word' id='word_1_598' title='bbox 2988 4335 3325 4416; x_wconf 87' lang='lat' dir='ltr'><em>januarum</em></span> <span class='ocrx_word' id='word_1_599' title='bbox 3347 4355 3522 4419; x_wconf 86' lang='lat' dir='ltr'><em>aper-</em></span> 
     </span>
     <span class='ocr_line' id='line_1_86' title="bbox 2035 4433 3524 4516; baseline 0.001 -19"><span class='ocrx_word' id='word_1_600' title='bbox 2035 4435 2229 4511; x_wconf 87' lang='lat' dir='ltr'><em>tione,</em></span> <span class='ocrx_word' id='word_1_601' title='bbox 2264 4453 2391 4497; x_wconf 91' lang='lat' dir='ltr'><em>non</em></span> <span class='ocrx_word' id='word_1_602' title='bbox 2424 4452 2709 4516; x_wconf 79' lang='lat' dir='ltr'><em>spernaS,</em></span> <span class='ocrx_word' id='word_1_603' title='bbox 2746 4434 2853 4496; x_wconf 91' lang='lat' dir='ltr'><em>sed</em></span> <span class='ocrx_word' id='word_1_604' title='bbox 2889 4433 3195 4515; x_wconf 81' lang='lat' dir='ltr'><em>impleas3</em></span> <span class='ocrx_word' id='word_1_605' title='bbox 3237 4434 3398 4498; x_wconf 89' lang='lat' dir='ltr'><em>ostia</em></span> <span class='ocrx_word' id='word_1_606' title='bbox 3429 4454 3524 4498; x_wconf 90' lang='lat' dir='ltr'><em>rc-</em></span> 
     </span>
     <span class='ocr_line' id='line_1_87' title="bbox 2034 4532 2429 4597; baseline -0.005 -2"><span class='ocrx_word' id='word_1_607' title='bbox 2034 4532 2429 4597; x_wconf 86' lang='lat' dir='ltr'><em>serabantur.</em></span> 
     </span>
    </p>

    <p class='ocr_par' dir='ltr' id='par_1_35' title="bbox 2031 4633 3527 5400">
     <span class='ocr_line' id='line_1_88' title="bbox 2116 4633 3525 4702; baseline 0 -9"><span class='ocrx_word' id='word_1_608' title='bbox 2116 4635 2485 4693; x_wconf 85' lang='lat' dir='ltr'><em>Sacerdotes</em></span> <span class='ocrx_word' id='word_1_609' title='bbox 2509 4633 2633 4700; x_wconf 85' lang='lat' dir='ltr'><em>tui,</em></span> <span class='ocrx_word' id='word_1_610' title='bbox 2650 4633 2923 4692; x_wconf 85' lang='lat' dir='ltr'><em>Domine</em></span> <span class='ocrx_word' id='word_1_611' title='bbox 2941 4634 3128 4702; x_wconf 80' lang='lat' dir='ltr'><em>Deus,</em></span> <span class='ocrx_word' id='word_1_612' title='bbox 3152 4634 3525 4693; x_wconf 74' lang='lat' dir='ltr'><em>induantur</em></span> 
     </span>
     <span class='ocr_line' id='line_1_89' title="bbox 2031 4728 3525 4805; baseline 0.003 -17"><span class='ocrx_word' id='word_1_613' title='bbox 2031 4734 2328 4802; x_wconf 83' lang='lat' dir='ltr'><em>salutem,</em></span> <span class='ocrx_word' id='word_1_614' title='bbox 2367 4728 2430 4790; x_wconf 94' lang='lat' dir='ltr'><em>id</em></span> <span class='ocrx_word' id='word_1_615' title='bbox 2462 4736 2579 4805; x_wconf 90' lang='lat' dir='ltr'><em>cst,</em></span> <span class='ocrx_word' id='word_1_616' title='bbox 2605 4728 2947 4791; x_wconf 86' lang='lat' dir='ltr'><em>salubriter</em></span> <span class='ocrx_word' id='word_1_617' title='bbox 2976 4738 3431 4793; x_wconf 83' lang='lat' dir='ltr'><em>conversentur</em></span> <span class='ocrx_word' id='word_1_618' title='bbox 3461 4739 3525 4793; x_wconf 87' lang='lat' dir='ltr'><em>et</em></span> 
     </span>
     <span class='ocr_line' id='line_1_90' title="bbox 2033 4827 3525 4909; baseline 0.002 -21"><span class='ocrx_word' id='word_1_619' title='bbox 2033 4835 2492 4909; x_wconf 88' lang='lat' dir='ltr'><em>prosperentur</em></span> <span class='ocrx_word' id='word_1_620' title='bbox 2521 4828 2585 4889; x_wconf 95' lang='lat' dir='ltr'><em>in</em></span> <span class='ocrx_word' id='word_1_621' title='bbox 2633 4835 2713 4905; x_wconf 90' lang='lat' dir='ltr'><em>te,</em></span> <span class='ocrx_word' id='word_1_622' title='bbox 2748 4835 3061 4909; x_wconf 89' lang='lat' dir='ltr'><em>quatenus</em></span> <span class='ocrx_word' id='word_1_623' title='bbox 3094 4846 3311 4891; x_wconf 85' lang='lat' dir='ltr'><em>eorum</em></span> <span class='ocrx_word' id='word_1_624' title='bbox 3343 4827 3525 4891; x_wconf 87' lang='lat' dir='ltr'><em>obse-</em></span> 
     </span>
     <span class='ocr_line' id='line_1_91' title="bbox 2033 4925 3526 5009; baseline 0.002 -22"><span class='ocrx_word' id='word_1_625' title='bbox 2033 4926 2257 5007; x_wconf 91' lang='lat' dir='ltr'><em>quium</em></span> <span class='ocrx_word' id='word_1_626' title='bbox 2292 4925 2409 4989; x_wconf 88' lang='lat' dir='ltr'><em>tibi</em></span> <span class='ocrx_word' id='word_1_627' title='bbox 2440 4926 2851 5008; x_wconf 83' lang='lat' dir='ltr'><em>complaceat,</em></span> <span class='ocrx_word' id='word_1_628' title='bbox 2872 4934 2935 4988; x_wconf 90' lang='lat' dir='ltr'><em>et</em></span> <span class='ocrx_word' id='word_1_629' title='bbox 2965 4926 3237 5009; x_wconf 92' lang='lat' dir='ltr'><em>populus</em></span> <span class='ocrx_word' id='word_1_630' title='bbox 3266 4928 3526 5008; x_wconf 88' lang='lat' dir='ltr'><em>adjuve-</em></span> 
     </span>
     <span class='ocr_line' id='line_1_92' title="bbox 2035 5024 3526 5106; baseline 0 -20"><span class='ocrx_word' id='word_1_631' title='bbox 2035 5032 2138 5086; x_wconf 89' lang='lat' dir='ltr'><em>tur</em></span> <span class='ocrx_word' id='word_1_632' title='bbox 2163 5044 2237 5087; x_wconf 91' lang='lat' dir='ltr'><em>ac</em></span> <span class='ocrx_word' id='word_1_633' title='bbox 2284 5024 2639 5087; x_wconf 83' lang='lat' dir='ltr'><em>aedil&#39;icetur</em></span> <span class='ocrx_word' id='word_1_634' title='bbox 2680 5044 2793 5106; x_wconf 91' lang='lat' dir='ltr'><em>per</em></span> <span class='ocrx_word' id='word_1_635' title='bbox 2823 5043 2953 5088; x_wconf 90' lang='lat' dir='ltr'><em>eos.</em></span> <span class='ocrx_word' id='word_1_636' title='bbox 2988 5025 3131 5087; x_wconf 90' lang='lat' dir='ltr'><em>Ideo</em></span> <span class='ocrx_word' id='word_1_637' title='bbox 3162 5042 3277 5106; x_wconf 92' lang='lat' dir='ltr'><em>pro</em></span> <span class='ocrx_word' id='word_1_638' title='bbox 3322 5044 3526 5088; x_wconf 88' lang='lat' dir='ltr'><em>sacer-</em></span> 
     </span>
     <span class='ocr_line' id='line_1_93' title="bbox 2037 5122 3523 5205; baseline 0 -20"><span class='ocrx_word' id='word_1_639' title='bbox 2037 5122 2293 5185; x_wconf 89' lang='lat' dir='ltr'><em>dotibus</em></span> <span class='ocrx_word' id='word_1_640' title='bbox 2345 5123 2707 5205; x_wconf 83' lang='lat' dir='ltr'><em>specialiter</em></span> <span class='ocrx_word' id='word_1_641' title='bbox 2764 5122 3068 5185; x_wconf 85' lang='lat' dir='ltr'><em>exoravit.</em></span> <span class='ocrx_word' id='word_1_642' title='bbox 3122 5123 3273 5184; x_wconf 88' lang='lat' dir='ltr'><em>Nam</em></span> <span class='ocrx_word' id='word_1_643' title='bbox 3333 5132 3395 5184; x_wconf 89' lang='lat' dir='ltr'><em>et</em></span> <span class='ocrx_word' id='word_1_644' title='bbox 3455 5123 3523 5185; x_wconf 89' lang='lat' dir='ltr'><em>in</em></span> 
     </span>
     <span class='ocr_line' id='line_1_94' title="bbox 2034 5220 3527 5300; baseline 0 -17"><span class='ocrx_word' id='word_1_645' title='bbox 2034 5220 2233 5284; x_wconf 88' lang='lat' dir='ltr'><em>veteri</em></span> <span class='ocrx_word' id='word_1_646' title='bbox 2268 5222 2689 5296; x_wconf 83' lang='lat' dir='ltr'><em>TestamentO,</em></span> <span class='ocrx_word' id='word_1_647' title='bbox 2728 5221 2913 5300; x_wconf 85' lang='lat' dir='ltr'><em>cujus</em></span> <span class='ocrx_word' id='word_1_648' title='bbox 2946 5221 3367 5283; x_wconf 90' lang='lat' dir='ltr'><em>sacerdotium</em></span> <span class='ocrx_word' id='word_1_649' title='bbox 3402 5220 3527 5285; x_wconf 83' lang='lat' dir='ltr'><em>fuit</em></span> 
     </span>
     <span class='ocr_line' id='line_1_95' title="bbox 2036 5316 3518 5400; baseline 0 -19"><span class='ocrx_word' id='word_1_650' title='bbox 2036 5317 2313 5395; x_wconf 88' lang='lat' dir='ltr'><em>carnale,</em></span> <span class='ocrx_word' id='word_1_651' title='bbox 2374 5336 2485 5380; x_wconf 88' lang='lat' dir='ltr'><em>rex</em></span> <span class='ocrx_word' id='word_1_652' title='bbox 2544 5316 2979 5381; x_wconf 87' lang='lat' dir='ltr'><em>sacerdotibus</em></span> <span class='ocrx_word' id='word_1_653' title='bbox 3036 5318 3155 5380; x_wconf 83' lang='lat' dir='ltr'><em>fuit</em></span> <span class='ocrx_word' id='word_1_654' title='bbox 3206 5320 3518 5400; x_wconf 88' lang='lat' dir='ltr'><em>superior,</em></span> 
     </span>
    </p>
   </div>
  </div>
 </body>
</html>
