4309 6259
589 1295 697 1339 Lue.
712 1306 825 1345 mu,

579 1592 826 1648 Apoe.v1,9,

565 1659 629 1700 ¹⁰.

559 2176 822 2227 Deutmxxn,

559 2244 626 2283 Η.

578 3460 744 3503 Ιοαηη.
760 3472 817 3511 ιιι,

557 3524 621 3563 ¹9.

590 3752 726 3796 Num.
746 3766 815 3803 xx,

558 3817 621 3859 10.

564 4146 818 4205 Promxxtx,

554 4211 577 4249 7

552 4240 819 4323 ίόἰάΑιιιΛὸ.

555 4734 821 4786 P⁸.1.xxxn,5.

571 4930 750 4975 Baruch
762 4945 817 4983 ιιι,

556 4996 622 5037 28.

556 5128 821 5179 mid-203¹.

848 494 969 555 596
1706 502 2055 551 mantnano
2098 503 2160 549 m
2203 503 2342 548 mr.
2386 500 2532 547 xxiv
2572 502 2698 547 son.
2743 520 2824 531 —
2863 501 3006 548 aar.
3053 500 3086 545 ι,

850 698 1075 743 nerum
1120 678 1405 761 corporis
1450 676 1572 739 sui.
1606 674 1937 738 vulnerati
1983 691 2240 755 quoque
2269 672 2336 734 in
2364 672 2418 735 Α
2445 672 2676 735 dicitur
2720 692 2757 734 a
2789 671 3062 735 Jercmia
3095 689 3109 732 ε
3145 670 3346 744 Quare
3383 689 3642 734 aversus
3681 678 3778 733 est
3821 688 3940 752 po-
3981 695 4196 740 sffim,
4218 697 4262 735 s,

850 778 1084 855 anima,
1102 795 1301 858 quum
1329 776 1409 838 ad
1438 793 1547 837 cor
1577 794 1689 856 per
1722 771 2164 855 poenitentiam
2193 790 2340 835 con-

848 885 1205 951 vertuntur,
1238 874 1517 936 clamant
1562 874 1642 934 ad
1679 872 1876 934 Deum
1921 871 1987 932 in
2040 888 2227 951 prece
2277 877 2340 932 et

848 973 1249 1057 poenitudine
1282 970 1773 1055 planctibusque
1817 976 2077 1051 propter
2120 987 2343 1050 pecca-

852 1082 935 1137 ta.
970 1073 1327 1154 Aliquando
1368 1070 1559 1133 etiam
1599 1068 1877 1131 clamant
1914 1067 2050 1130 zelo
2078 1066 2344 1147 justitiae

855 1192 970 1255 pro
1009 1172 1293 1235 vindicta
1332 1170 1413 1232 ad
1442 1167 1803 1242 Dominum,
1839 1166 2005 1228 sicut
2049 1165 2115 1226 in
2145 1165 2345 1227 Evan-

853 1271 1021 1353 gelio
1070 1270 1355 1351 loquitur
1391 1266 1679 1331 Christus
1716 1283 1730 1328 ε
1764 1266 1927 1327 Deus
1976 1282 2102 1326 non
2154 1262 2346 1327 faciet

854 1370 1203 1433 vindictam
1252 1384 1580 1431 servorum
1620 1382 1879 1426 suorum
1928 1362 2344 1426 clamantium

854 1469 933 1530 ad
963 1486 1031 1531 se
1067 1468 1171 1530 die
1204 1485 1277 1528 ac
1306 1466 1529 1528 nocte?
1565 1463 1631 1525 ln
1663 1460 2040 1543 Apocalypsi
2087 1478 2344 1541 quoque

856 1568 1126 1630 habetur
1161 1565 1443 1627 :Animae
1474 1559 1958 1625 interfectorum
1986 1558 2347 1621 clamabant

853 1684 1009 1728 voce
1046 1682 1277 1745 magna
1310 1680 1323 1724 :
1357 1660 1721 1742 Usquequ0,
1761 1656 2042 1733 Domine,
2086 1665 2343 1719 sanctus

852 1770 916 1826 et
946 1781 1157 1838 veruS,
1176 1779 1303 1823 non
1324 1760 1614 1822 vindicas
1645 1758 2021 1837 sanguinem
2052 1765 2342 1819 nostrum

2447 771 2636 853 pulus
2672 770 2792 833 iste
2833 770 3166 833 aversione
3204 769 3630 833 contentiosa?
3661 769 3736 830 Et
3775 768 3938 831 alibi

2447 870 2749 934 Dominus
2791 870 2882 931 ait
2925 870 3003 934 de
3047 868 3278 931 talibus
3313 886 3328 930 :
3363 870 3494 932 Non
3539 868 3780 931 dabunt
3823 886 3939 931 cor
3993 895 4112 938 0.oee
4131 910 4176 939 ,,
4203 900 4246 935 4,

2451 990 2659 1046 suum,
2693 978 2764 1031 ut
2795 976 3193 1033 revertantur
3221 968 3298 1031 ad
3326 987 3450 1031 me.

2533 1074 2730 1131 Mane
2759 1072 3003 1146 primo,
3043 1067 3108 1131 id
3157 1076 3252 1130 est
3300 1067 3484 1131 valde
3529 1087 3734 1145 mane,
3783 1068 3936 1130 dum

2453 1167 3022 1231 semitenebrosum
3053 1175 3148 1230 est
3181 1175 3451 1249 tempus,
3483 1170 3810 1244 consumit
3835 1170 3936 1228 ko—

2453 1270 2724 1336 mz'cida,
2768 1268 3078 1344 interficit
3119 1286 3390 1344 eyenum
3427 1276 3488 1327 et
3521 1285 3870 1343 pauperem
3915 1287 3939 1325 .·

2452 1364 2756 1447 quoniam
2798 1365 3022 1446 inopes
3059 1384 3246 1428 mane
3285 1372 3678 1444 consurgunt
3715 1363 3791 1425 ad
3829 1382 3940 1445 pa-

2455 1482 2600 1525 nem
2641 1482 2828 1525 suum
2872 1463 3245 1525 lucrandum
3290 1482 3403 1525 seu
3442 1462 3934 1544 procurandum,

2454 1570 2516 1624 et
2563 1561 2675 1623 illa
2719 1561 2874 1623 hora
2923 1579 3030 1623 eos
3077 1559 3398 1623 homicida
3443 1560 3756 1623 observat.
3809 1563 3942 1621 Per

2453 1671 2696 1721 noctem
2727 1680 2870 1720 vero
2899 1662 3025 1720 erit
3053 1661 3242 1738 quasi
3266 1659 3410 1735 fur,
3433 1659 3496 1720 id
3525 1666 3642 1735 est,
3667 1657 3938 1721 aliorum

2452 1758 2620 1821 bona
2660 1757 2892 1821 furtive
2934 1758 3133 1834 tollet,
3169 1758 3389 1839 sicque
3428 1756 3637 1835 Quasi,
3679 1758 3938 1820 denotat

850 1861 929 1922 de
972 1860 1075 1922 his
1108 1858 1219 1941 qui
1256 1857 1547 1921 habitant
1578 1858 1643 1917 in
1681 1858 1888 1919 terra?
1918 1858 2005 1916 Et
2033 1859 2202 1915 Deus
2242 1857 2343 1915 in·
2380 1850 2425 1912 B
2457 1858 2806 1934 veritatem,
2841 1875 2966 1920 non
3001 1856 3484 1919 similitudinem
3517 1865 3785 1919 tantum.

852 1963 1067 2019 ullum
1107 1960 1285 2019 abire
1326 1976 1455 2017 non
1492 1957 1773 2031 patitur,
1818 1954 1881 2015 id
1926 1962 2042 2031 est,
2082 1961 2342 2035 peecata

849 2056 984 2119 haec
1014 2075 1143 2119 non
1176 2053 1486 2137 permittit
1518 2053 1725 2115 inulta
1753 2070 1766 2113 :
1802 2052 1915 2133 qui
1947 2052 2015 2113 in
2051 2053 2342 2114 Deutero-

853 2155 1068 2218 nomio
1100 2162 1383 2227 testatur‚
1410 2152 1687 2214 Reddam
1709 2150 2017 2214 ultionem
2049 2150 2340 2212 hostibus

852 2253 1033 2329 meiS,
1077 2262 1140 2315 et
1179 2252 1279 2314 his
1318 2250 1431 2333 qui
1480 2250 1751 2313 oderunt
1798 2268 1920 2325 me,
1968 2247 2337 2310 retribuam.

849 2351 976 2413 Hoc
1006 2350 1176 2413 enim
1210 2348 1525 2431 sapientia
1547 2348 1651 2411 Dei
1684 2347 1881 2409 dictat
1910 2347 2249 2426 agendum,
2277 2353 2340 2407 et

843 2448 1092 2530 justitia
1141 2449 1281 2529 ejus
1328 2447 1483 2509 illud
1535 2446 1750 2525 exigit,
1786 2445 1941 2527 quia
1988 2453 2051 2507 et
2102 2444 2341 2506 inordi-

848 2548 1021 2611 natio
1068 2548 1296 2629 culpae,
1341 2543 1694 2608 ordinanda
1742 2552 1839 2605 est
1886 2562 2000 2625 per
2047 2542 2338 2605 ordinem

846 2664 1073 2728 poenae.

923 2745 1064 2823 Ipsi
1097 2747 1370 2824 fuerunt
1408 2744 1663 2801 rebelles
1702 2742 1970 2809 lumini,
2003 2740 2065 2801 id
2108 2747 2206 2803 est
2243 2740 2340 2800 in-

843 2844 1210 2907 obedientes
1245 2841 1467 2923 primae
1508 2840 1931 2920 increataeque
1965 2839 2116 2915 luci,
2152 2839 2336 2918 cujus

845 2940 1400 3021 transgrediuntur
1437 2946 1793 3021 praecepta3
1837 2938 2137 3017 angelicae
2181 2956 2338 3019 quo-

2535 1960 2793 2026 OeuluS,
2826 1955 2889 2016 id
2935 1963 3032 2017 est
3071 1974 3274 2033 ιιιθῐιε,
3323 1956 3611 2015 adulteri
3649 1958 3938 2015 observat

2449 2057 2819 2131 caliginem,
2863 2052 2925 2114 id
2965 2061 3060 2113 est
3104 2061 3354 2133 tempus
3395 2060 3802 2129 nocturnum,
3839 2054 3938 2111 di-

2449 2174 2592 2212 cens
2623 2174 2645 2212 .·
2677 2154 2824 2215 Non
2864 2173 2963 2211 me
3003 2153 3240 2211 videbit
3267 2155 3510 2211 oculus.
3547 2151 3722 2214 Tunc
3763 2151 3936 2212 enim

2453 2260 2628 2313 tanto
2669 2250 2972 2313 audacius
3015 2268 3081 2311 se
3126 2248 3358 2329 ingerit
3399 2250 3477 2311 ad
3520 2250 3936 2332 peccandum,

2449 2357 2688 2431 quanto
2730 2348 2876 2430 plus
2919 2355 3099 2429 putat
3139 2366 3207 2409 se
3251 2366 3379 2409 non
3427 2348 3933 2429 adspiciendum.

2447 2449 2534 2507 Et
2571 2449 2810 2524 operiet
2849 2450 3104 2506 vultum
3149 2466 3367 2514 suum,
3407 2464 3488 2507 ne
3534 2454 3934 2525 agnoscatur,

2448 2545 2638 2606 etiam
2679 2544 2732 2605 si
2769 2544 2917 2627 quis
2955 2543 3446 2625 deprehenderit
3482 2562 3650 2605 eum.
3688 2544 3771 2606 De
3814 2544 3937 2606 isto

2449 2651 2705 2724 peccato
2737 2651 2800 2705 et
2837 2642 3324 2721 allegationibus
3357 2642 3823 2724 Scripturarum
3853 2644 3934 2705 ad

2447 2743 2643 2805 verba
2669 2742 2804 2805 haec
2833 2741 3306 2823 pertinentium,
3327 2740 3566 2803 dictum
3597 2749 3694 2804 est
3723 2760 3932 2823 supra.

2449 2839 2874 2921 Spiritualiter
2904 2838 3151 2901 adulter
3183 2848 3278 2901 est
3311 2839 3573 2921 spiritus
3606 2839 3936 2902 rationalis

2446 2957 2483 3000 a
2511 2938 2635 2999 Deo
2664 2946 2952 3000 avertens
2985 2956 3066 3014 se,
3091 2944 3154 2999 et
3186 2936 3526 3019 Scripturis
3559 2938 3826 3000 abutens
3855 2938 3936 2999 ad

843 3060 969 3123 que
998 3039 1225 3102 lucidae
1257 3036 1663 3120 inspirationi
1686 3054 1815 3099 non
1838 3037 2331 3112 consentientcS,
2372 3033 2416 3097 C
2449 3036 2778 3118 proprium
2807 3045 3120 3118 quaestum
3151 3045 3215 3099 et
3241 3036 3508 3115 gloriam
3539 3056 3789 3100 vanam.
3818 3036 3934 3111 Qui

843 3159 961 3202 nec
982 3138 1254 3201 naturali
1287 3137 1519 3199 rationi
1550 3136 2089 3217 obtemperanteS,
2127 3152 2336 3216 neque

844 3238 1311 3319 Scripturarum
1334 3243 1396 3298 et
1417 3234 1750 3298 hominum
1775 3234 2202 3297 virtuosorum
2224 3252 2336 3294 seu

846 3334 1249 3417 praelatorum
1286 3333 1498 3396 verbis
1534 3332 1722 3395 claris
1756 3351 1830 3395 ac
1861 3332 2096 3395 sanctis
2128 3330 2338 3412 acqui-

846 3440 1144 3495 escentes.
1170 3432 1327 3493 Hinc
1357 3432 1627 3495 Joannes
1655 3430 1816 3492 dixit
1852 3448 1864 3491 :
1897 3429 2029 3491 Lux
2060 3430 2237 3493 venit
2268 3429 2333 3490 in

844 3530 1177 3607 mundum,
1214 3538 1277 3593 et
1301 3529 1663 3591 dilexerunt
1706 3527 2001 3589 homines
2042 3527 2334 3589 tenebras

846 3629 1043 3709 magis
1083 3648 1277 3710 quam
1322 3628 1550 3690 lucem.
1586 3625 1842 3687 Talibus
1872 3626 2108 3706 Moyses
2147 3626 2238 3686 ait
2267 3624 2333 3686 in

844 3728 1134 3789 Numeris
1188 3744 1201 3789 ε
1254 3726 1504 3802 Audite,
1558 3724 1824 3787 rebelles
1875 3733 1937 3786 et
1994 3723 2328 3786 increduli.

846 3828 1228 3890 Nescierunt
1263 3827 1400 3885 vias
1426 3827 1591 3902 eju-3,
1612 3824 1675 3885 id
1705 3832 1801 3884 est
1831 3823 2129 3884 mandata
2155 3823 2336 3903 justi—

848 3924 951 3987 tiae
990 3932 1181 4005 atque
1226 3922 1517 3985 notitiam
1556 3920 1865 3997 veritatiS,
1905 3920 2005 3983 vel
2046 3940 2119 3981 ea
2159 3921 2336 4001 peni-

845 4030 947 4084 tus
979 4021 1342 4097 nesciendO,
1379 4020 1475 4084 vel
1508 4037 1620 4100 per
1650 4018 2172 4100 approbationem
2206 4037 2334 4081 non

846 4120 1245 4201 agnoscendo
1298 4137 1311 4181 :
1365 4118 1683 4200 quomodo
1731 4118 1939 4180 omnis
1986 4117 2192 4179 malus
2241 4126 2336 4179 est

2448 3136 2500 3196 si
2547 3136 2718 3216 juste
2767 3154 2834 3197 se
2879 3134 3284 3215 gubernaret,
3332 3154 3630 3216 sponsam
3670 3134 3938 3198 haberet

2445 3233 2844 3314 sapientiam,
2867 3233 3046 3313 juxta
3072 3234 3241 3315 quod
3274 3232 3508 3295 dicitur
3538 3233 3604 3295 in
3637 3233 3801 3297 libro
3833 3234 3934 3296 Sa-

2444 3331 2700 3412 pientiae
2743 3349 2756 3393 :
2799 3332 2972 3395 Hanc
3017 3331 3248 3408 amavi,
3291 3340 3354 3394 et
3399 3332 3719 3413 exquisivi
3761 3352 3798 3394 a
3838 3333 3933 3414 ju·
3960 3354 4230 3410 swanus.

2444 3438 2702 3491 ventute
2731 3448 2893 3505 mea,
2927 3435 2990 3491 et
3021 3429 3285 3511 quaesivi
3316 3448 3616 3511 sponsam
3645 3450 3786 3493 eam
3817 3431 3933 3492 mi-

2444 3528 2509 3589 hi
2539 3546 2883 3590 assumere.
2916 3528 3111 3608 Cujus
3140 3528 3430 3590 adultera
3457 3536 3552 3589 est
3582 3528 3830 3592 vanitas
3869 3538 3932 3592 et

2444 3626 2814 3708 insipientia
2847 3626 3183 3689 diabolica.
3219 3624 3334 3699 Qui
3378 3626 3674 3690 observat
3715 3627 3934 3709 caligi-

2443 3743 2610 3801 nem,
2648 3725 2951 3805 quoniam
2995 3723 3220 3805 quaerit
3263 3716 3814 3805 latere'quantum
3851 3726 3931 3788 ad

2445 3842 2622 3884 suam
2654 3822 3156 3904 perversitatem,
3189 3822 3457 3905 cupiens
3496 3823 3702 3886 bonus
3739 3832 3802 3886 et
3841 3844 3935 3887 sa-

2443 3920 2626 4001 piens
2658 3920 2959 4001 reputari.
2991 3920 3210 3983 Omnis
3241 3920 3415 3982 enim
3441 3921 3552 4001 qui
3586 3919 3750 3982 male
3777 3918 3928 3999 agit,
3985 3940 4156 3984 102⁸..
4177 3958 4234 3992 m,

2442 4019 2577 4081 odit
2615 4018 2845 4080 lucem.
2879 4017 3095 4099 Operit
3133 4036 3388 4099 quoque
3425 4018 3672 4081 vultum
3717 4035 3927 4092 suum,
3963 4004 4030 4044 ²⁰·

2442 4116 2596 4198 quia
2615 4125 2676 4179 et
2705 4124 2979 4179 mentem
3009 4118 3265 4198 propria
3289 4126 3559 4180 excaecat
3583 4117 3844 4192 malitia,
3869 4124 3934 4178 et

848 4220 1167 4300 ignoran5‚
1204 4226 1267 4279 et
1294 4216 1397 4281 via
1428 4215 1604 4277 stulti
1638 4225 1808 4278 recta
1837 4216 1903 4278 in
1935 4215 2137 4279 oculis
2167 4216 2330 4296 ejus.
2365 4215 2414 4276 D
2447 4215 2600 4277 foris
2630 4215 2980 4278 virtuosum
3017 4234 3082 4277 se
3114 4215 3412 4278 simulat:
3439 4215 3604 4279 sicut
3633 4215 3712 4277 de
3741 4214 3936 4297 hypo-

850 4321 980 4379 Nec
1006 4317 1250 4376 reversi
1276 4325 1427 4375 sun-t
1446 4335 1568 4391 per
1596 4316 1854 4374 semitas
1884 4316 2094 4383 illius,
2118 4313 2181 4375 id
2213 4322 2329 4391 est,

844 4414 923 4476 ab
954 4412 1291 4493 iniquitate
1320 4420 1383 4473 et
1416 4409 1689 4473 falsitate
1721 4430 1847 4473 non
1881 4420 2029 4473 sunt
2059 4412 2137 4473 ad
2173 4410 2334 4473 lucis

846 4508 1078 4571 itinera
1107 4528 1222 4591 per
1260 4508 1700 4590 poenitentiam
1739 4516 1801 4569 et
1830 4506 2333 4571 satisfactionem

847 4606 1433 4687 correctionemque
1484 4624 1735 4669 morum
1782 4607 2095 4683 conversi,
2157 4607 2336 4687 juxta

849 4706 1008 4767 illud
1038 4704 1268 4767 Psalmi
1303 4722 1317 4766 :
1352 4704 1744 4781 Nescicrunt,
1779 4723 1984 4784 neque
2014 4704 2338 4767 intellexe-

850 4812 1037 4879 runt3
1073 4803 1139 4865 in
1173 4802 1450 4865 tenebris
1480 4802 1830 4865 ambulant.
1868 4803 1951 4864 De
1970 4802 2208 4883 quibus
2230 4803 2339 4864 Ba-

850 4903 1008 4967 ruch
1038 4902 1127 4964 ait
1152 4919 1165 4963 :
1189 4900 1345 4975 Quia
1377 4920 1504 4964 non
1535 4900 1897 4961 habuerunt
1925 4900 2328 4981 sapientiam,

850 5001 1231 5064 interierunt
1264 5008 1522 5082 propter
1552 5018 1731 5059 suam
1772 4998 2226 5080 insipientiam.
2263 4998 2339 5060 Et

848 5119 1067 5162 rursus
1088 5117 1103 5161 ε
1124 5098 1305 5161 Viam
1336 5096 1695 5179 disciplinae
1727 5096 2200 5177 ignoraverunt,
2235 5117 2341 5160 ne·

848 5218 973 5279 que
1006 5197 1455 5260 intellexerunt
1492 5195 1747 5259 semitas
1778 5197 1937 5277 ejuS.
1964 5196 2144 5259 Tales
2185 5206 2334 5258 sunt

848 5316 1069 5359 omnes
1119 5295 1591 5377 impoenitentes
1629 5304 1691 5357 et
1742 5293 2019 5357 indurati
2056 5312 2069 5356 :
2102 5296 2338 5376 quibus

2445 4315 2620 4377 critis
2651 4314 2740 4375 ait
2769 4313 3074 4389 Salvator,
3107 4314 3260 4394 quia
3283 4314 3706 4376 exterminant
3737 4312 3932 4376 facies
3983 4338 4156 4381 ,ναιυι
4177 4354 4228 4384 u.

2445 4433 2612 4489 suaS,
2651 4420 2718 4473 ut
2755 4419 3100 4494 appareant
3142 4410 3508 4473 hominibus
3537 4413 3927 4493 jejunantes.
3965 4402 4028 4442 ¹⁶·

2525 4513 2828 4588 l’erfodit
2859 4512 2932 4570 in
2965 4512 3235 4570 tenebris
3263 4512 3502 4581 domm,
3528 4511 3590 4571 id
3620 4519 3736 4586 est,
3760 4508 3933 4572 adul-

2449 4618 2564 4687 ter,
2618 4609 2671 4670 si
2718 4608 2976 4671 aliunde
3027 4608 3381 4687 ingressum
3430 4617 3650 4689 aptum
3698 4608 3934 4671 habere

2449 4707 2828 4788 nequiverit,
2865 4706 3284 4788 perfodiendo
3333 4706 3610 4787 aliquam
3662 4715 3930 4788 partem,

2449 4815 2630 4889 parat
2673 4805 2792 4868 sibi
2843 4806 3200 4885 ingressum
3227 4830 3241 4880 ς
3277 4808 3446 4866 sicut
3475 4808 3548 4866 in
3579 4808 3688 4865 die
3715 4809 3937 4867 condi-

2447 4914 2683 4964 xerant
2717 4904 2844 4963 sibi
2881 4902 3129 4965 adulter
3165 4910 3226 4965 et
3263 4902 3568 4965 adultera.
3603 4905 3684 4964 Si
3718 4905 3927 4965 subito

2450 5003 2832 5081 apparuerit
2871 5022 3137 5072 aurora,
3179 5004 3590 5061 arbitrantur
3631 5005 3932 5063 umbram

2451 5102 2696 5172 mortis,
2729 5100 2793 5161 id
2837 5108 2953 5176 est,
2991 5100 3196 5161 lucem
3239 5098 3473 5162 habent
3516 5100 3825 5177 odiosam,
3863 5100 3929 5162 in

2449 5206 2760 5278 quantum
2789 5216 2864 5259 ea
2894 5207 3238 5279 apparente
3267 5205 3558 5260 metuunt
3587 5198 3938 5280 deprehen—

2450 5298 2538 5374 di,
2572 5296 3172 5379 compcllunturque
3208 5296 3430 5373 dividi,
3469 5302 3532 5359 et
3569 5316 3607 5358 a
3645 5297 3932 5379 volupta-
