4309 6259
915 488 1034 553 228

1300 508 1647 558 ENARRATIO
1689 512 1931 558 nmen.
1978 511 2086 557 xlx
2128 512 2286 556 unm
2330 511 2582 557 SECUNDI
2624 510 3151 557 PARALIPOMENON.
3196 528 3277 538 ·-
3318 509 3460 553 AnT.
3505 508 3613 553 xlx

911 679 1223 749 evenient,
1253 690 1313 739 et
1347 683 1688 740 tradentur
1719 684 1918 741 hostes
1947 681 2020 739 in
2055 700 2285 739 manus
2306 698 2401 739 ve·
2430 678 2481 741 A
2574 680 2890 757 Proecepit
2908 688 3125 741 autem
3144 698 3260 738 rex
3282 680 3508 747 Israel,
3528 678 3747 737 dicens
3765 695 3789 734 .·
3814 675 3991 733 Tolli-

909 784 1095 837 stras.
1127 778 1440 856 Dimitque
1474 798 1592 837 recc
1621 798 1643 837 .·
1663 781 1912 839 Iterum
1939 787 2131 857 atque
2161 779 2401 837 iterum

913 882 970 933 te
997 875 1260 949 adjur0,
1281 885 1354 936 ut
1385 878 1551 937 mihi
1581 897 1710 936 non
1736 878 2048 956 loquaris,
2078 876 2212 935 nisi
2232 878 2403 955 quod

911 992 1136 1033 verum
1164 982 1276 1045 est,
1300 976 1372 1034 in
1402 977 1664 1035 nomine
1683 976 1974 1035 Domini.
2008 979 2096 1036 At
2128 976 2241 1033 ille
2268 975 2401 1034 ait:

915 1070 1064 1131 Vidi
1092 1072 1472 1133 universum
1498 1075 1708 1134 Israel
1737 1075 2095 1151 dispersum
2124 1074 2199 1132 in
2229 1091 2403 1131 mon-

915 1169 1104 1239 tibus,
1133 1170 1301 1229 sicut
1341 1191 1483 1230 oves
1524 1173 1758 1250 absque
1778 1181 2056 1248 pastore.
2094 1174 2180 1233 Et
2226 1172 2403 1231 dixit

911 1268 1230 1327 Dominus
1255 1288 1278 1327 .·
1311 1271 1460 1331 Non
1491 1272 1722 1330 liabent
1767 1271 1880 1330 ist-i
1923 1272 2218 1331 dominos
2236 1293 2265 1341 ,⁰
2310 1289 2403 1329 re-

912 1374 1206 1426 vertatur
1233 1370 1677 1447 unusquisque
1710 1369 1782 1427 in
1812 1371 2079 1429 domum
2109 1388 2297 1429 suam
2328 1369 2402 1428 in

905 1482 1086 1540 pace.
1121 1466 1206 1525 E't
1237 1467 1335 1525 ait
1363 1485 1482 1524 rex
1512 1467 1719 1526 Israel
1748 1470 1834 1526 ad
1852 1469 2160 1545 Josapkat
2187 1488 2209 1525 .·
2232 1468 2404 1529 Non-

913 1581 994 1620 ne
1023 1564 1174 1621 dioei
1204 1564 1346 1632 tibi,
1371 1566 1542 1643 quod
1561 1584 1688 1623 non
1711 1567 2122 1641 prophetaret
2143 1567 2260 1624 iste
2289 1566 2404 1623 mi-

912 1661 986 1719 ln·
1013 1663 1372 1740 quidquam
1401 1663 1570 1732 boni,
1603 1665 1712 1721 sed
1731 1684 1803 1723 ea
1825 1684 1966 1743 quoe
1995 1666 2174 1723 mala
2200 1664 2402 1723 sunt?

910 1760 1000 1818 At
1051 1760 1210 1819 ille:
1239 1760 1491 1819 Idcirco
1530 1762 1686 1837 (ait)
1711 1763 1936 1820 audite
1987 1764 2243 1820 verbum
2276 1764 2401 1820 Do-

2510 787 2566 837 te
2587 779 2954 848 Michaeam,
2978 786 3038 837 et
3068 778 3283 837 ducite
3304 796 3449 836 eum
3468 777 3555 835 ad
3574 775 3783 835 Amon
3806 774 3989 850 prin-

2509 877 2709 952 cipem
2742 877 3051 948 civitatis,
3074 885 3133 935 et
3158 878 3246 935 ad
3263 878 3411 935 Joas
3428 875 3647 952 filium
3668 870 3990 941 Ameleclz;

2509 984 2569 1035 et
2597 975 2824 1034 dicetis
2846 992 2868 1035 .·
2890 976 3043 1035 Hoec
3070 974 3235 1035 dicit
3266 993 3381 1033 reoe
3399 994 3422 1032 .·
3452 973 3695 1033 Mittite
3721 972 3895 1031 hunc
3924 970 3989 1028 in

2510 1092 2853 1142 carcerem,
2902 1082 2961 1133 et
3010 1076 3159 1133 date
3207 1074 3269 1131 ei
3309 1074 3509 1149 panis
3556 1070 3901 1138 modicum,
3936 1076 3991 1126 et

2508 1191 2694 1247 aquae
2714 1172 3124 1248 paud-illum,
3152 1172 3349 1231 donec
3386 1178 3676 1229 revertar
3716 1168 3789 1226 in
3810 1185 3987 1241 pace.

2510 1271 2824 1349 Dixitque
2858 1271 3163 1329 Alickoeas
3203 1289 3225 1328 .·
3260 1269 3339 1329 Si
3368 1286 3657 1327 reversus
3682 1264 3894 1341 fueris
3922 1265 3989 1323 in

2501 1386 2687 1445 pace,
2716 1387 2845 1428 non
2888 1377 2976 1427 est
3008 1369 3325 1427 Dominus
3355 1370 3599 1426 locutus
3639 1366 3712 1423 in
3756 1383 3875 1423 me.
3908 1364 3991 1423 Et

2508 1467 2606 1526 ait
2635 1484 2658 1525 .·
2688 1468 2954 1535 Audite,
2988 1485 3200 1525 omnes
3218 1466 3475 1542 populi.

2588 1564 2805 1640 Issitur
2850 1565 3274 1623 ascenderunt
3318 1582 3436 1621 rea:
3467 1563 3693 1631 Israel,
3733 1569 3793 1619 et
3820 1562 3990 1619 Josa-

2499 1664 2664 1737 pltat
2692 1682 2813 1721 rea·
2839 1664 3038 1732 Iuda,
3064 1664 3137 1721 in.
3166 1663 3444 1721 Ramotlt
3480 1660 3755 1719 Galaad.
3779 1658 3989 1716 Dimit-

2508 1780 2627 1839 que
2656 1780 2772 1819 rea:
2806 1762 3007 1819 Israel
3037 1762 3125 1819 ad
3141 1762 3447 1835 Josapkat
3480 1779 3501 1817 .·
3523 1758 3788 1819 Mutabo
3818 1757 3990 1815 liabi-

911 1858 1102 1917 mini.
1155 1858 1304 1917 Vidi
1353 1860 1708 1919 Dominum
1755 1862 2070 1919 sedentem
2117 1861 2191 1919 in
2240 1861 2395 1919 solio
2434 1863 2481 1923 B
2510 1868 2667 1929 tum,
2701 1868 2760 1919 et
2789 1860 2881 1917 sic
2910 1861 2997 1917 ad
3017 1877 3312 1935 puynam
3351 1858 3625 1927 vadam;
3660 1864 3730 1915 tu
3778 1863 3987 1915 autem

907 1974 1048 2023 suc,
1075 1964 1134 2014 et
1163 1975 1412 2015 omnem
1442 1957 1799 2017 exercitum
1820 1958 1964 2017 coeli
1983 1959 2395 2018 adsistentem

906 2051 968 2110 ei
997 2072 1036 2110 a
1065 2054 1315 2113 deoetris
1344 2063 1403 2114 et
1433 2076 1471 2113 a
1502 2056 1811 2115 sinistris.
1849 2058 1932 2115 Et
1971 2057 2148 2115 dixit
2178 2058 2397 2117 Domi-

903 2147 1073 2210 nus:
1097 2153 1253 2219 Quis
1281 2153 1554 2228 decipiet
1582 2154 1804 2213 Achab
1823 2173 2032 2230 reqem
2063 2157 2291 2223 Israel,
2325 2163 2396 2214 ut

905 2252 1204 2309 ascendat
1246 2258 1304 2309 et
1347 2259 1606 2309 corruat
1651 2252 1717 2309 in
1755 2253 2037 2312 Ramotlt
2081 2254 2336 2311 Galaad
2366 2254 2395 2311 a?

908 2348 1246 2425 Quumque
1273 2349 1511 2407 diceret
1545 2368 1715 2408 unus
1758 2351 1873 2408 lzoc
1911 2352 2113 2418 modo,
2143 2360 2203 2408 et
2230 2354 2395 2410 alter

904 2445 1060 2514 alio,
1089 2448 1391 2521 processit
1421 2448 1715 2521 spiritus,
1746 2456 1806 2506 et
1831 2449 2003 2507 stetit
2028 2468 2245 2508 coram
2276 2450 2393 2508 Do-

905 2543 1107 2613 minO,
1137 2552 1197 2602 et
1223 2545 1320 2603 ait
1353 2564 1375 2601 .·
1401 2546 1532 2620 qu
1561 2546 1883 2621 decipiam
1911 2565 2080 2606 eum.
2121 2548 2240 2607 Cui
2268 2549 2395 2606 Do-

904 2640 1125 2699 minus
1162 2660 1184 2698 .·
1207 2642 1288 2701 In
1334 2660 1484 2717 qu0,
1515 2642 1758 2720 inquit,
1797 2644 2072 2719 decipies
2093 2648 2123 2704 ?
2153 2647 2241 2705 At
2282 2647 2393 2703 ille

903 2739 1236 2813 respondit
1265 2756 1287 2796 .·
1316 2740 1650 2814 Eqrediar
1678 2748 1737 2799 et
1764 2760 1868 2799 ero
1899 2742 2173 2817 spiritus
2217 2762 2392 2801 men-

903 2835 1040 2893 dax
1068 2836 1140 2895 in
1163 2855 1269 2894 ore
1285 2838 1582 2897 omnium
1604 2840 2068 2915 prophetarum
2091 2842 2253 2917 ejus.
2278 2842 2391 2900 Di-

900 2933 1126 3011 oeitque
1154 2936 1519 2993 Dominus:
1539 2937 1853 3013 DecipieS,
1880 2948 1939 2996 et
1961 2942 2342 3016 praevalebis
2366 2964 2391 3011 ‚-

2506 1958 2777 2017 induere
2800 1958 3070 2017 vestibus
3093 1959 3244 2015 tuis.
3264 1958 3640 2033 Mutatoque
3654 1973 3771 2013 rex
3786 1956 3989 2014 Israel

2504 2055 2756 2124 habitu,
2778 2056 2951 2114 venit
2972 2057 3059 2113 ad
3089 2056 3347 2113 bellum.
3372 2056 3511 2114 Rex
3528 2062 3745 2112 autem
3774 2053 3988 2128 Syrioe

2495 2163 2886 2229 praeceperat
2916 2154 3188 2212 ducibus
3216 2152 3540 2230 equitatus
3568 2151 3698 2219 sui,
3727 2151 3943 2209 dicens
3962 2169 3986 2207 .·

2506 2253 2602 2311 Ne
2622 2252 2928 2329 puynetis
2955 2260 3181 2310 contra
3222 2251 3598 2319 minimum,
3622 2256 3736 2307 aut
3763 2256 3983 2307 contra

2504 2352 2888 2419 maximum,
2910 2352 3043 2409 nisi
3060 2359 3284 2410 contra
3300 2352 3507 2408 solum
3527 2366 3739 2424 reqem
3756 2350 3978 2408 Israel.

2500 2451 2541 2509 I
2543 2458 2742 2529 taque,
2765 2469 2968 2528 quum
2989 2450 3296 2507 vidissent
3310 2448 3642 2525 principes
3660 2446 3983 2525 equitatus

2497 2550 2831 2624 Josaplzat,
2858 2548 3211 2607 dixerunt:
3241 2548 3383 2607 Rex
3399 2548 3605 2606 Israel
3624 2554 3715 2605 est
3736 2546 3873 2605 iste.
3900 2546 3981 2605 Et

2501 2648 3062 2705 circumdederunt
3096 2664 3269 2712 eum,
3306 2644 3711 2703 dimicantes.
3748 2644 3839 2703 At
3876 2644 3986 2702 ille

2500 2745 2807 2804 clamavit
2826 2747 2913 2803 ad
2931 2745 3309 2812 Dominum,
3327 2751 3388 2801 et
3402 2742 3771 2801 auxiliatus
3788 2751 3879 2801 est
3897 2743 3981 2809 ei,

2500 2852 2691 2919 atque
2719 2842 2954 2901 avertit
2973 2862 3070 2901 eos
3099 2842 3178 2901 ab
3198 2842 3334 2900 illo.
3365 2842 3571 2908 Quum
3594 2840 3771 2898 enim
3790 2842 3983 2899 vidis·

2498 2950 2637 3000 sent
2682 2944 2871 2999 (luces
2917 2941 3265 3020 equitatus,
3308 2941 3480 3017 quod
3508 2957 3639 2997 non
3669 2948 3821 2998 esset
3869 2958 3982 2997 rex

899 3030 1218 3107 eqredere,
1246 3042 1306 3092 et
1334 3035 1443 3112 fac
1480 3036 1596 3094 ita.
1635 3036 1830 3097 Nunc
1869 3038 2076 3113 iqitur
2104 3058 2238 3098 ecce
2266 3042 2388 3099 Do-
2418 3044 2461 3105 C
2502 3042 2726 3111 Israel,
2750 3041 3158 3119 reliquerunt
3186 3058 3355 3097 eum.
3380 3037 3637 3097 Accidit
3666 3046 3883 3097 autem
3910 3046 3981 3097 ut
4056 3050 4061 3055 ’

900 3130 1122 3189 minus
1166 3132 1346 3191 dedit
1395 3133 1705 3208 spi-ritum
1767 3132 2092 3195 mendacii
2152 3138 2224 3196 in
2281 3157 2389 3197 ore

899 3230 1194 3288 omnium
1230 3232 1697 3307 prophetarum
1743 3242 2022 3307 tuorum,
2065 3246 2125 3295 et
2168 3239 2387 3296 Domi-

897 3346 1023 3386 nus
1055 3331 1301 3387 locutus
1330 3339 1420 3389 est
1449 3332 1529 3389 de
1561 3340 1617 3390 te
1645 3336 1842 3392 mala.

902 3453 913 3462 ·
977 3428 1255 3485 Accessit
1275 3436 1488 3487 autem
1513 3430 1810 3489 Sedecias
1837 3434 1914 3507 fi'l
1921 3432 2020 3490 ius
2045 3434 2385 3503 Clzanaan,

897 3531 957 3583 et
969 3526 1286 3599 percussit
1307 3526 1594 3587 Miclzaeae
1625 3529 1995 3599 mamillam,
2015 3540 2072 3591 et
2097 3532 2195 3590 ait
2215 3552 2237 3590 .·
2256 3535 2385 3593 Per

898 3640 1095 3700 quam
1146 3624 1319 3683 viam
1368 3625 1674 3684 transivit
1719 3628 1990 3702 spiritus
2031 3631 2303 3690 Domini
2343 3652 2383 3691 a

898 3726 1022 3787 me,
1039 3730 1114 3780 ut
1135 3724 1496 3800 loqueretur
1520 3722 1680 3782 tibi?
1697 3725 2013 3803 Dioeitque
2034 3728 2343 3789 stlichaeas
2360 3750 2383 3789 .·

903 3820 998 3878 Tu
1029 3820 1162 3895 ipse
1193 3822 1434 3880 videbis
1461 3823 1533 3881 in
1558 3823 1666 3881 die
1691 3824 1832 3893 illo,
1853 3828 2110 3903 quando
2146 3828 2384 3905 inyres-

893 3934 1003 3975 sus
1037 3917 1249 3992 fueris
1289 3920 1658 3979 cubiculum
1693 3924 1772 3980 de
1807 3923 2100 3983 cubiculo
2146 3935 2278 3994 tu0,
2313 3936 2382 3987 ut

893 4014 1328 4076 abscondaris.

2498 3157 2669 3197 unus
2714 3157 2747 3195 c
2786 3140 3027 3213 populo
3070 3137 3377 3213 sayittam
3411 3135 3483 3193 in
3527 3135 3848 3195 incertum
3869 3135 3981 3212 ja-

2495 3246 2679 3308 ceret,
2712 3244 2773 3295 et
2792 3244 3150 3313 percuteret
3177 3254 3385 3310 reqem
3407 3235 3614 3294 Israel
3642 3233 3814 3293 inter
3848 3254 3981 3293 cer-

2495 3336 2697 3394 vicem
2726 3344 2786 3394 et
2812 3338 3130 3411 scapulas.
3152 3336 3239 3393 At
3269 3334 3381 3391 ille
3409 3333 3661 3407 auriyae
3688 3352 3803 3391 suo
3838 3334 3937 3392 ait
3955 3353 3978 3391 .·

2498 3436 2799 3493 Converte
2827 3452 3096 3493 manu-m
3114 3442 3316 3501 tuam,
3338 3440 3398 3489 et
3412 3432 3573 3489 educ
3592 3450 3691 3489 me
3708 3432 3789 3489 de
3818 3432 3977 3501 acie,

2494 3532 2653 3609 quia
2686 3534 3061 3590 vulneratus
3096 3550 3262 3589 sum.
3291 3531 3374 3589 Et
3402 3530 3597 3605 finita
3632 3537 3725 3587 est
3752 3547 3977 3605 puqna

2494 3631 2567 3689 in
2586 3630 2693 3688 die
2715 3630 2845 3689 illo.
2864 3630 3072 3689 Porro
3088 3648 3203 3686 rea:
3217 3629 3423 3688 Israel
3442 3627 3692 3685 sedebat
3708 3624 3731 3647 *
3750 3627 3821 3686 in
3842 3646 3976 3687 cur-
4026 3642 4044 3661 ·
4066 3642 4193 3686 stabas

2493 3748 2576 3787 ru
2607 3747 2721 3787 suo
2754 3736 2980 3787 contra
3010 3728 3238 3802 Syros,
3269 3743 3467 3803 usque
3500 3725 3588 3783 ad
3621 3743 3973 3801 vesperam,

2491 3836 2547 3886 et
2589 3836 2881 3885 mortuus
2927 3833 3017 3884 est
3045 3826 3364 3883 occidente
3397 3826 3545 3882 sole.

2570 3924 2724 3985 Tota
2753 3923 2886 3986 haec
2916 3921 3185 3984 historia
3212 3920 3500 4003 exposita
3530 3927 3627 3981 est
3655 3918 3822 3984 libro
3856 3928 3975 3983 ter-

2493 4024 2577 4086 tio
2606 4022 2867 4103 Regum,
2904 4020 3184 4104 capitulo
3216 4020 3519 4084 vicesimo
3552 4020 3853 4083 secundo.

1973 4404 2616 4491 ARTICULUS
2692 4404 2899 4488 XIX

1161 4648 1475 4695 Exposrrlo
1520 4649 1791 4695 cAplTuu
1834 4650 2186 4698 nomm-:cml
2234 4651 2247 4695 :
2296 4650 2605 4695 Rssvssnsus
2650 4650 2757 4694 EST
2800 4650 3004 4695 AUTEM
3044 4650 3357 4695 JOSAPHAT
3398 4650 3519 4695 REX
3558 4650 3711 4695 JUDA

1760 4750 1818 4793 ΙΝ
1864 4749 2074 4795 nomm
2119 4750 2283 4795 SUAM
2326 4748 2602 4794 PAclmcb:
2646 4747 2705 4791 ΙΝ
2748 4748 3117 4794 JERUSALEM.

1015 4996 1637 5071 ONSEQUENTER
1721 5006 2032 5075 narratur,
2104 4998 2381 5080 qualiter
2411 4995 2459 5056 D
2489 4997 2640 5079 quia
2669 4998 2795 5061 Deo
2826 4998 3173 5063 auxiliante
3204 5001 3408 5063 evasit
3438 5001 3821 5084 perieulum.
3857 5002 3973 5065 Cui

1032 5104 1176 5179 post
1206 5094 1544 5177 praefatum
1578 5096 1819 5159 bellum
1849 5096 2149 5178 Josaphat
2178 5116 2245 5159 se
2278 5097 2381 5157 ha-

887 5195 1050 5258 buit.
1083 5198 1394 5257 Reversus
1423 5205 1512 5256 est
1542 5206 1756 5257 autem
1783 5196 2092 5272 Josaphat
2128 5216 2245 5255 rea:
2272 5199 2381 5256 Ju-

887 5298 974 5355 da
1004 5296 1073 5353 in
1108 5296 1372 5353 domum
1401 5314 1590 5353 suam
1603 5296 1872 5371 pacifice
1891 5295 1964 5353 in
1991 5297 2379 5361 Jerusalem,

2487 5099 2767 5157 occurrit
2793 5098 2959 5157 Jeleu
2986 5100 3168 5175 filius
3194 5102 3488 5170 Hanani,
3514 5102 3764 5170 videns,
3786 5100 3850 5163 id
3881 5107 3971 5162 aet

2489 5192 2819 5275 propheta.
2845 5193 3055 5257 Tertio
3076 5195 3315 5275 Regum
3349 5195 3549 5258 fertur
3555 5199 3763 5280 ,quod
3784 5198 3970 5259 Baasn
3994 5218 4169 5273 ιιιηεῃ.
4174 5198 4254 5285 xta

2490 5312 2596 5354 rex
2645 5292 2832 5355 Istael
2890 5292 3216 5356 interfecit
3257 5294 3417 5356 Jehu
3468 5293 3678 5361 filium
3724 5294 4025 5361 flanani·
