4309 6259
1215 501 1561 550 ssNARRATm
1604 502 1665 547 IN
1708 501 1842 547 CAP.
1891 500 2061 547 xxvu
2099 500 2226 546 1013.
2273 520 2354 531 -
2393 504 2534 549 ART.
2583 504 2684 548 Lm

3372 484 3492 547 609

381 690 729 753 nunquam
771 672 1093 753 loquendo
1132 680 1543 755 peccaturum
1588 679 1697 733 aut
1734 671 1895 733 falsa
1924 669 1975 731 A
2008 678 2071 733 to
2100 690 2348 749 manus,
2383 681 2446 735 et
2477 672 2720 736 faciunt
2751 673 3086 737 cervicalia
3125 674 3245 736 sub
3283 672 3490 755 capite

378 770 740 847 dicturum,
776 770 900 832 nisi
935 770 1097 835 forte
1128 770 1426 850 cognovit
1456 789 1523 833 se
1554 768 1895 832 confirma-

378 874 529 929 tum
563 868 629 931 in
660 870 923 932 caritate
953 878 1015 931 et
1044 870 1269 949 gratia,
1303 870 1393 930 ita
1419 869 1589 951 quod
1612 866 1893 930 mortali-

374 974 482 1028 ter
516 966 648 1029 labi
675 986 803 1030 non
834 968 1176 1049 possettEt
1195 966 1894 1049 respondendum,quia

370 1066 485 1144 (ut
515 1065 791 1128 Thomas
823 1066 1111 1147 exponit)
1130 1066 1304 1146 quod
1337 1064 1447 1141 ait,
1468 1064 1601 1126 Non
1632 1063 1893 1145 loquen-

374 1172 490 1225 tur
534 1163 708 1226 labia
749 1182 893 1227 mea
928 1164 1357 1245 iniquitatem,
1398 1162 1757 1244 specialiter
1799 1180 1892 1224 re-

376 1259 593 1325 fertur
622 1261 700 1323 ad
734 1260 1190 1326 devitationem
1226 1278 1635 1323 erroneorum
1668 1257 1891 1322 verbo-

375 1380 529 1421 rum
560 1360 913 1423 amicorum
945 1358 1147 1441 ipsius
1166 1358 1303 1421 101).
1328 1358 1515 1432 Quasi
1538 1357 1889 1421 dicat:Non

376 1458 616 1539 loquar
645 1457 845 1520 verba
872 1458 1098 1538 iniqua
1128 1456 1323 1521 vestri
1354 1456 1609 1533 erroriS,
1646 1474 1762 1518 nec
1792 1473 1892 1519 ve-

377 1564 519 1618 stra
558 1555 919 1619 meditabor
957 1555 1290 1619 mendacia
1329 1575 1442 1637 per
1479 1572 1886 1617 consensum.

379 1654 699 1737 Superius
755 1672 1011 1735 quoque
1067 1673 1234 1735 saepe
1290 1651 1711 1735 praehabitum
1769 1660 1885 1729 est,

379 1753 561 1834 quod
587 1752 705 1816 101)
745 1753 813 1815 10
843 1753 959 1815 hac
1002 1752 1247 1834 positus
1292 1751 1499 1833 plaga,
1531 1750 1781 1832 putavit
1822 1769 1889 1812 se

2004 770 2318 834 universae
2349 772 2572 833 aetatis.
2607 771 2681 832 Et
2711 772 2776 832 in
2805 770 3162 835 Proverbiis
3194 771 3488 833 Salomon

2004 874 2392 929 contestatur
2429 884 2442 928 ε
2477 866 2593 940 Qui
2620 867 2936 947 justificat
2967 868 3259 949 impium,
3285 875 3348 930 et
3377 867 3488 949 qui
3539 888 3777 939 Promvn,

2002 965 2385 1028 condemnat
2421 966 2686 1045 justum,
2730 974 2995 1047 uterque
3043 965 3492 1029 abominabilis
3521 953 3586 995 ¹⁵·
3643 1012 3650 1017 -

2004 1072 2099 1126 est
2126 1072 2273 1126 ante
2295 1064 2512 1127 Deum.
2547 1068 2759 1127 Donec
2785 1068 3107 1142 deficiam,
3144 1065 3206 1127 id
3237 1073 3332 1127 est
3359 1084 3493 1128 mo-

2004 1162 2150 1239 riar,
2175 1183 2304 1224 non
2335 1168 2624 1224 recedam
2655 1167 2734 1225 ab
2765 1166 3135 1225 innocentia
3164 1185 3304 1225 mea
3317 1188 3345 1236 ,·
3376 1183 3493 1227 nec

2003 1270 2222 1343 postea
2252 1262 2318 1323 in
2339 1270 2670 1325 aeternum.
2688 1262 2805 1337 Qui
2829 1262 3000 1325 enim
3023 1262 3090 1324 in
3118 1262 3322 1342 gratia
3342 1262 3492 1326 hinc

2002 1360 2289 1439 emigrat,
2325 1361 2488 1423 hanc
2521 1369 2741 1443 postea
2772 1380 3102 1443 nunquam
3133 1360 3390 1423 amittit.

2078 1462 2623 1537 Justifi'cationem
2666 1482 2899 1530 meam,
2934 1460 2998 1522 id
3044 1468 3140 1521 est
3181 1458 3495 1539 justifica-

2004 1556 2239 1621 tionem
2273 1557 2434 1620 mihi
2467 1577 2580 1640 per
2615 1559 2720 1621 Dei
2749 1559 3019 1637 gratiam
3048 1558 3490 1635 condonatam,

2002 1655 2248 1719 scilicet
2285 1655 2520 1736 justam
2561 1656 3130 1733 conversationem,
3176 1657 3499 1719 mandato-

2004 1773 2272 1834 rumque
2301 1754 2838 1831 observationem,
2870 1775 3070 1836 quam
3099 1756 3260 1832 coepi
3293 1764 3500 1815 tenere

384 1851 687 1933 protinus
729 1850 1133 1925 morit-urum,
1170 1850 1335 1913 inter
1372 1858 1583 1913 cetera
1614 1848 1832 1911 dicens
1872 1866 1885 1909 :
1927 1854 1974 1915 B
1999 1852 2079 1914 ab
2128 1852 2556 1916 adolescentia
2604 1872 2765 1930 mea,
2825 1852 2954 1916 imo
3000 1872 3036 1915 a
3086 1852 3292 1934 prima
3342 1852 3498 1915 hora

110 1971 349 2022 mmm.
380 1950 759 2031 Desperavi,
803 1968 1207 2031 nequaquam
1258 1949 1425 2010 ultra
1472 1948 1602 2029 jam
1652 1948 1885 2012 vivam.

382 2048 547 2111 Hinc
577 2047 1013 2112 confidentius
1042 2048 1351 2127 obligavit
1371 2066 1437 2109 se
1458 2048 1539 2109 ad
1560 2046 1888 2109 vitandum

382 2148 585 2210 verba
615 2146 816 2229 impia
844 2166 918 2210 ac
949 2147 1273 2209 mendosa.
1308 2145 1421 2207 Vel
1464 2164 1541 2209 ex
1579 2144 1887 2206 instinctu

382 2246 640 2309 occulto
672 2245 945 2327 Spiritus
976 2244 1188 2307 Sancti
1219 2252 1281 2307 et
1313 2242 1573 2326 speciali
1602 2242 1887 2306 devotio-

382 2364 467 2407 ne
496 2364 573 2408 ac
603 2342 1001 2407 confidentia
1030 2343 1247 2424 gratiae
1280 2342 1410 2419 Dei,
1446 2342 1633 2422 cujus
1661 2341 1889 2403 innite-

382 2442 573 2505 batur
614 2441 875 2518 auxilio,
925 2442 1014 2503 ita
1049 2440 1307 2522 juravit,
1362 2440 1527 2503 sieut
1574 2448 1637 2502 et
1683 2438 1885 2521 aliqui

379 2548 622 2603 vovent
651 2541 1007 2603 castitatem
1036 2548 1147 2602 aut
1178 2539 1386 2601 simile
1415 2537 1681 2619 aliquid.

464 2638 539 2701 Al
549 2638 766 2701 bertus
786 2656 1047 2719 quoque
1066 2637 1171 2701 hic
1190 2637 1282 2699 ait
1302 2656 1313 2699 :
1336 2637 1691 2699 Notandum
1711 2636 1883 2716 quod

383 2736 495 2813 ait,
530 2736 937 2799 Meditabitur
963 2753 1074 2799 :ex
1102 2736 1519 2798 meditatione
1548 2734 1721 2797 enim
1754 2752 1883 2797 non

382 2835 657 2917 protulit
688 2834 947 2911 falsum,
983 2834 1132 2898 licet
1171 2834 1336 2898 forte
1365 2854 1441 2897 ex
1471 2833 1883 2915 subreptione

383 2933 736 3014 aliquando
795 2932 975 2995 dixit.
1025 2932 1363 3013 Gregorius
1422 2932 1613 2995 etiam
1662 2930 1886 2994 scribit

2001 1970 2127 2031 qua
2176 1970 2358 2015 orsus
2407 1972 2546 2014 sum
2599 1952 2862 2014 rationis
2917 1951 3011 2013 uti
3059 1950 3324 2032 judicio,
3363 1972 3496 2012 non

1997 2053 2285 2110 deseram
2335 2071 2357 2110 .·
2405 2069 2597 2130 quam
2658 2050 3036 2127 desererem,
3092 2048 3218 2111 nisi
3266 2050 3493 2111 vestris

1999 2148 2275 2228 peccatis
2330 2148 2782 2229 erroribusque
2839 2148 3220 2211 resisterem.
3273 2150 3494 2227 Neque

1996 2249 2170 2306 enim
2213 2250 2624 2325 reprehendit
2669 2268 2767 2306 me
2807 2267 2916 2307 eor
2955 2267 3167 2307 meum
3207 2248 3282 2307 in
3311 2247 3493 2307 omni

1999 2347 2133 2405 vita
2165 2365 2306 2405 mea
2339 2366 2360 2403 .·
2393 2344 2536 2407 ideo
2565 2344 2966 2407 confidenter
3005 2362 3190 2427 spero
3225 2362 3327 2407 me
3359 2362 3486 2406 non

1998 2460 2394 2505 recessurum
2438 2444 2519 2505 ab
2565 2443 2929 2507 innocentia
2973 2452 3166 2525 atque
3211 2442 3480 2524 justitia,

1996 2548 2297 2622 tanquam
2321 2541 2686 2604 habituatus
2713 2541 2777 2602 in
2812 2541 2934 2613 eis;
2961 2542 3269 2604 veraciter
3293 2541 3482 2603 etiam

1994 2638 2161 2716 dicO,
2193 2639 2364 2721 quod
2405 2637 2930 2720 justificationem
2975 2658 3176 2701 meam
3217 2657 3346 2700 non
3377 2640 3484 2701 de-

1995 2755 2223 2811 seram,
2243 2756 2316 2800 00
2339 2739 2510 2819 quod
2533 2738 2838 2799 hactenus
2866 2736 3074 2817 justus
3097 2736 3124 2797 f
3128 2735 3271 2799 01.Ο
3288 2756 3482 2818 quam

1995 2833 2268 2896 sublime
2301 2834 2564 2897 verbum
2607 2842 2702 2897 est
2741 2834 2898 2897 hoc!
2935 2841 2997 2896 et
3035 2842 3272 2915 quanta
3309 2853 3484 2898 mon-

1994 2939 2230 2993 stratur
2273 2930 2474 2995 fuisse
2516 2931 2831 3014 perfectio
2870 2931 3070 2994 sancti
3101 2930 3215 2994 101)
3252 2951 3327 2993 ex
3361 2933 3482 2995 hoc

102 3052 349 3105 emanso,
382 3032 515 3107 hie,
548 3032 721 3113 quod
754 3050 997 3094 merces
1025 3030 1439 3111 benignitatis
1470 3030 1883 3093 obstetricum
1918 3030 1963 3093 C
1995 3029 2224 3092 verbo!
2262 3029 2380 3093 Sed
2414 3048 2626 3093 nonne
2660 3029 2954 3111 superius
2983 3029 3165 3105 dixit,
3190 3030 3478 3106 Peccavi3
3525 3058 3610 3103 1οῡ
3623 3062 3775 3111 „.,20;

104 3117 163 3158 ²¹·
383 3129 819 3207 Hebraeorum‚
856 3148 998 3211 quoe
1028 3129 1121 3191 eis
1152 3129 1217 3190 in
1252 3138 1489 3192 aeterna
1518 3128 1649 3191 vita
1678 3127 1886 3210 potuit

386 3227 551 3305 dari,
586 3236 849 3311 propter
880 3228 1224 3290 admixtam
1256 3228 1510 3309 culpam
1542 3226 1879 3303 mendacii,

389 3327 456 3389 in
488 3336 809 3390 terrenam
838 3334 935 3389 est
958 3326 1612 3408 recompensationem
1632 3343 1888 3389 conver-

388 3444 480 3487 sa.
524 3426 655 3489 Hoc
700 3433 917 3487 tamen
960 3424 1385 3487 communiter
1431 3443 1561 3487 non
1610 3432 1881 3501 tenetur,

387 3524 545 3605 quia
604 3542 723 3587 nec
782 3522 1188 3587 mendacium
1249 3523 1410 3585 illud
1470 3522 1883 3585 obstetricum

388 3621 515 3683 fuit
572 3620 1006 3703 perniciosum
1060 3621 1160 3684 vel
1217 3620 1483 3683 mortale
1530 3628 1882 3702 peecatum,

387 3722 501 3784 sed
533 3720 809 3796 veniale,
843 3721 1195 3783 secundum
1225 3720 1537 3783 doctoreS.

468 3820 659 3880 Absit
687 3840 729 3879 a
768 3840 867 3879 me
904 3828 978 3879 ut
999 3820 1214 3895 justos
1257 3840 1361 3879 vos
1400 3838 1529 3879 esse
1559 3820 1883 3895 judicem.

386 3916 731 3997 Gregorius
780 3916 1122 3997 aliquoties
1170 3915 1479 3993 affirmat,
1523 3916 1694 3997 quod
1746 3934 1889 3977 san-

387 4024 531 4078 ctus
571 4014 690 4078 101)
739 4014 1013 4095 injustos
1058 4015 1297 4078 amicos
1346 4032 1475 4076 non
1525 4013 1770 4091 habuit,
1824 4021 1888 4077 et

386 4115 563 4196 quod
603 4113 727 4177 viri
764 4113 870 4175 isti
910 4113 1033 4175 sibi
1071 4121 1200 4175 tam
1246 4111 1617 4189 familiareS,
1654 4112 1883 4193 injusti

1994 3138 2076 3205 et,
2111 3130 2300 3192 Parce
2328 3130 2604 3211 peccatis
2645 3130 2844 3205 meis3
2879 3130 3183 3212 itemque,
3218 3129 3283 3193 Si
3306 3130 3486 3211 justi·
3511 3137 3596 3229 {21⁷
3626 3126 3690 3174 ¹⁶³
3717 3136 3774 3173 ¹¹·

1994 3226 2192 3290 ficare
2223 3247 2323 3291 me
2351 3228 2634 3304 voluerO,
2669 3246 2740 3290 os
2781 3247 2994 3290 meum
3034 3228 3488 3292 condemnabit
3567 3216 3579 3229 ⁴

1995 3329 2135 3389 me?
2157 3326 2390 3389 Verum
2423 3327 2542 3389 hoc
2571 3345 2649 3388 ex
2676 3326 3088 3407 praeinductis
3121 3326 3488 3408 frequenter

1995 3426 2276 3488 solutum
2315 3433 2431 3487 est.
2475 3424 2610 3487 Non
2655 3424 2826 3487 enim
2864 3425 3136 3505 denegat
3175 3444 3244 3487 se
3284 3425 3351 3487 in
3389 3444 3492 3488 ve-

1996 3522 2276 3585 nialibus
2310 3522 2510 3586 fuisse
2551 3522 2958 3605 culpabilem,
2994 3523 3104 3585 sed
3149 3523 3229 3585 de
3262 3532 3492 3586 morta·

1996 3622 2165 3683 libus
2214 3621 2526 3685 veraciter
2577 3640 2645 3683 se
2697 3629 2974 3683 excusat.
3029 3620 3313 3702 Denique
3366 3620 3489 3684 viri

1996 3720 2304 3781 virtutum
2364 3719 2684 3781 interdum
2735 3720 2814 3782 ad
2861 3718 3128 3798 gloriam
3182 3717 3293 3781 Dei
3342 3718 3492 3781 aedi-

1999 3818 2495 3899 ficationemque
2538 3816 2832 3899 proximi,
2870 3825 2932 3880 et
2974 3816 3337 3909 neferites
3386 3836 3492 3899 pa-

1998 3918 2192 3979 tiatur
2227 3917 2560 3998 jacturam,
2593 3924 2703 3977 aut
2741 3914 2909 3978 bono
2948 3914 3272 3977 communi
3311 3915 3490 3978 dero-

1996 4023 2200 4098 getur,
2254 4015 2515 4077 laudant
2573 4033 2641 4077 se
2699 4013 2896 4095 ips08,
2947 4012 3484 4095 quemadmodum

1993 4113 2296 4178 Ieremias
2327 4113 2393 4175 in
2424 4111 2588 4175 libro
2619 4129 2755 4174 su0.
2779 4110 2936 4173 Huic
2964 4119 3176 4173 autem
3207 4110 3487 4173 testimo·
3524 4138 3777 4191 ,ια-,ηιμ

390 4231 521 4275 000
551 4219 755 4275 erant.
790 4210 966 4285 Quod
996 4230 1145 4292 ergo
1176 4230 1347 4274 nunc
1377 4211 1465 4274 ait
1490 4211 1627 4288 101),
1656 4210 1886 4273 intelli·
1915 4200 1964 4262 D
1998 4214 2104 4275 nio
2131 4212 2249 4275 101)
2279 4212 2358 4273 de
2395 4230 2461 4273 se
2505 4210 2646 4292 ipso
2689 4208 3019 4272 conforme
3055 4216 3172 4285 est,
3207 4209 3377 4290 quod
3417 4207 3484 4270 in
3515 4204 3582 4243 ¹⁷·

386 4312 675 4391 gendum
703 4318 822 4387 est,
855 4311 1025 4392 quod
1057 4318 1367 4392 quantum
1398 4310 1476 4371 ad
1509 4310 1629 4373 hoc
1662 4308 1887 4390 injusti

391 4408 680 4486 fuerunt,
715 4409 884 4490 quod
930 4409 1099 4472 circa
1137 4407 1607 4490 providentiam
1635 4409 1747 4470 Dei
1794 4407 1886 4469 sic

388 4514 788 4584 erraverunt,
841 4507 1181 4588 ipsumque
1226 4506 1341 4569 101)
1400 4512 1491 4567 tot
1549 4506 1888 4587 reprehen-

388 4606 685 4679 sionibus
723 4604 1489 4685 condemnationibusque
1528 4603 1785 4685 injustis
1814 4624 1887 4667 ac

366 4703 574 4767 -falsis
605 4704 699 4767 sic
729 4704 1248 4780 molestaverunt,
1282 4711 1345 4766 et
1373 4702 1541 4768 veris
1572 4704 1713 4785 ejus
1744 4721 1888 4767 con-

390 4803 793 4865 tradixerunt
838 4802 1194 4865 sententiis
1246 4801 1552 4884 Denique,
1604 4802 1717 4883 qui
1768 4802 1887 4864 ini-

388 4903 702 4983 quitatem
733 4910 795 4965 et
823 4900 1166 4964 falsitatem
1197 4901 1333 4963 odit
1362 4901 1429 4962 in
1462 4920 1529 4962 se
1560 4901 1721 4982 ipsc,
1757 4920 1884 4965 non

390 5000 707 5081 approbat
746 5018 854 5063 eas
897 4999 965 5060 in
1006 4998 1173 5060 aliis.
1218 4998 1432 5080 Aliqui
1476 5007 1687 5062 autem
1734 5000 1889 5061 adu-

392 5098 619 5161 latorie
656 5098 849 5160 etiam
890 5096 1163 5160 aliorum
1202 5097 1371 5159 mala
1407 5099 1874 5161 commendant.

390 5194 631 5268 Quibus
658 5214 774 5278 per
796 5194 1191 5258 Ezechielem
1214 5196 1519 5258 Dominus
1552 5196 1841 5278 loquitur
1868 5214 1881 5258 ε

113 5252 357 5358 ganam.
391 5294 499 5357 Vae
528 5294 642 5376 qui
667 5303 989 5357 consuunt
1016 5293 1319 5376 pulvillos
1348 5295 1469 5357 501)
1498 5294 1673 5359 omni
1706 5294 1881 5357 cubi-

643 5426 711 5478 T.
746 5426 798 5477 4.

1996 4311 2192 4374 Tobia
2240 4309 2534 4392 perhibet
2570 4308 2720 4371 Sara
2759 4308 2837 4371 de
2886 4306 3227 4388 semetipsa
3259 4324 3272 4368 ε
3319 4306 3488 4369 Νο0-
3520 4334 3779 4386 T00‚1..‚17‚

1993 4428 2212 4492 quam,
2262 4407 2584 4489 inquienS,
2636 4426 2781 4470 cum
2829 4406 3198 4469 ludentibus
3257 4406 3488 4470 miscui

1995 4528 2118 4584 me,
2152 4526 2360 4588 neque
2398 4526 2542 4569 cum
2574 4504 2673 4566 his
2706 4504 2818 4585 qui
2862 4504 2929 4565 in
2970 4504 3226 4569 levitate
3273 4505 3491 4567 ambu-

1995 4604 2535 4687 lant,participem
2579 4621 2680 4665 me
2728 4602 2993 4684 praebui.
3036 4603 3346 4665 Praeterea
3382 4603 3492 4664 du-

1995 4699 2845 4787 pliciterirreprehensibilis
2871 4708 2967 4763 est
2998 4700 3146 4781 quis
3171 4720 3208 4762 a
3231 4700 3490 4782 proprio

1993 4802 2204 4865 corde.
2252 4800 2459 4863 Primo
2505 4800 2611 4876 ita,
2645 4799 2815 4881 quod
2861 4817 3192 4880 nunquam
3237 4817 3303 4860 se
3353 4816 3492 4879 pee-

1993 4920 2170 4964 casse
2208 4898 2560 4962 mortaliter
2593 4897 2884 4961 meminit
2919 4915 2933 4959 2
2969 4896 3134 4959 sicut
3177 4916 3348 4959 nunc
3399 4896 3490 4958 ait

1992 4999 2129 5062 101).
2164 4998 2305 5061 Alio
2335 4998 2546 5073 mod0‚
2581 4996 2752 5078 quod
2786 4995 2934 5058 licet
2963 4995 3244 5075 graviter
3275 5013 3490 5077 pecca-

1994 5098 2179 5173 verit,
2215 5095 2514 5178 poenituit
2546 5103 2757 5157 tamen
2788 5102 2850 5157 et
2881 5093 3244 5156 emendavit
3284 5110 3298 5155 ε
3332 5111 3490 5174 quo-

1997 5196 2185 5260 modo
2215 5194 2442 5256 Paulus
2470 5192 2580 5269 ait,
2614 5191 2784 5254 Nihil
2812 5190 2970 5252 mihi
3000 5190 3294 5253 conscius
3321 5210 3482 5253 sum.
3539 5252 3553 5295 Ι
3563 5188 3832 5295 1113227*

2000 5294 2232 5375 Sicque
2277 5293 2548 5355 loannes
2587 5289 2810 5353 scribit
2852 5307 2865 5351 :
2900 5288 3250 5366 Carissimi,
3283 5288 3338 5351 si
3378 5307 3489 5352 cor
3516 5316 3675 5363 aaa.
3757 5265 3781 5303 ι’

3175 5422 3239 5472 39
