4309 6259
1241 510 1588 557 manuario
1631 510 1692 557 m
1735 510 1870 557 CAP-
1919 510 1986 555 111
2025 511 2150 556 1013.
2197 530 2279 542 -—
2318 514 2460 560 ΛΒΤ.
2506 514 2549 561 X

3319 499 3437 563 349

340 700 526 744 mane
569 681 636 744 in
681 682 1039 759 meridiem,
1072 690 1136 745 et
1180 681 1260 743 de
1307 680 1575 743 meridie
1619 680 1685 742 in
1734 699 1840 743 ve-
1867 678 1917 740 A
1947 682 2016 741 in
2051 686 2488 743 recordatione
2516 683 2811 747 viventiS.
2849 685 2911 748 Si
2954 686 3127 749 enim
3171 704 3298 749 non
3339 693 3437 749 est

341 798 616 861 speram,
641 781 863 843 multis
895 778 1367 843 afflictionibus
1399 779 1594 843 vitam
1617 797 1837 841 consu-

339 887 518 941 met:
552 888 613 942 et
669 880 814 943 ideo
862 878 1211 961 optandum
1262 895 1391 940 non
1439 886 1556 954 est,
1594 877 1717 939 nisi
1768 884 1836 938 ut

339 987 580 1058 pereat.
613 978 740 1041 Nec
785 976 1189 1041 maledicitur
1231 976 1389 1052 dies,
1425 976 1490 1038 in
1524 984 1834 1056 quantum

337 1083 432 1137 est
463 1075 838 1157 singulariS,
866 1076 974 1139 sed
1006 1076 1071 1137 in
1101 1083 1414 1156 quantum
1447 1074 1832 1155 principium

337 1182 432 1236 est
473 1174 672 1238 totius
701 1175 854 1238 vitae
897 1175 1204 1237 decursus
1253 1171 1834 1235 in·afflictionibus

337 1273 552 1336 Satan.
591 1278 676 1336 Et
721 1294 856 1335 nox
887 1276 952 1333 ιή
988 1294 1118 1353 qua
1163 1275 1416 1333 dictum
1463 1282 1576 1343 est,
1613 1274 1837 1333 Conce-

329 1384 482 1451 ptus
521 1385 614 1435 est
653 1378 862 1435 homo,
898 1373 1075 1437 Sicut
1112 1372 1250 1435 dies
1290 1370 1588 1447 exterior,
1621 1378 1691 1431 ut
1739 1376 1835 1431 est

335 1472 734 1554 principium
793 1471 1124 1535 exterioris
1183 1470 1352 1547 vitae‚
1409 1470 1474 1531 in
1526 1470 1668 1531 luce
1713 1467 1834 1529 hac

334 1579 594 1652 optatur
637 1571 892 1652 perire3
945 1570 1036 1632 ita
1083 1587 1208 1632 nox
1257 1588 1402 1651 quae
1444 1587 1556 1650 per
1605 1584 1830 1631 conce-

336 1678 518 1750 ptum
551 1668 948 1752 principium
969 1676 1066 1731 est
1084 1666 1523 1749 conceptionis
1551 1666 1700 1728 talis
1723 1665 1832 1729 he-

333 1767 554 1845 miniS,
590 1767 658 1829 in
705 1785 896 1848 quem
934 1774 1312 1848 potestatem
1354 1764 1601 1847 accepit
1631 1764 1819 1827 Satan

1946 780 2012 840 in
2035 782 2483 861 recordatione,
2506 790 2657 845 tunc
2688 803 3011 866 nunquam
3045 783 3072 845 f
3076 785 3169 847 uit
3198 785 3264 847 in
3287 804 3436 867 prae·

1948 878 2134 940 terita
2181 879 2331 943 vita.
2386 882 2755 945 Recordatio
2811 884 2983 946 enim
3040 884 3213 960 mali,
3268 883 3434 945 male

1945 985 2008 1039 et
2037 978 2114 1039 ad
2147 978 2470 1041 tristitiam
2504 979 2714 1043 afficit
2743 982 3043 1059 animam,
3067 985 3243 1064 juxta
3274 982 3433 1044 illud

1945 1075 2012 1137 in
2042 1076 2239 1138 isaia:
2274 1078 2654 1157 Recogitabo
2684 1098 2905 1143 omnes
2936 1100 3137 1144 annos
3166 1100 3341 1144 meos
3366 1081 3433 1143 in

1945 1174 2369 1237 amaritudine
2414 1176 2645 1239 animae
2682 1198 2859 1241 meae.
2897 1182 3027 1241 Nec
3068 1182 3435 1240 illustretur

1943 1275 2214 1346 lumine,
2239 1274 2316 1335 ad
2345 1273 2466 1337 hoc
2497 1276 2742 1338 scilicet
2772 1286 2841 1339 ut
2872 1278 3317 1340 abundantiori
3343 1278 3437 1339 lu·

1941 1370 2113 1433 mine
2145 1370 2447 1448 infausta,
2485 1372 2547 1435 id
2578 1383 2675 1436 est
2705 1374 3096 1438 infortunata
3128 1394 3237 1439 seu
3274 1374 3436 1439 infe—

1942 1469 2089 1532 licia
2137 1470 2305 1547 vitae,
2344 1480 2799 1549 monstrentur,
2852 1493 3050 1555 quum
3102 1475 3303 1555 magis
3352 1475 3437 1537 sit

1941 1567 2098 1630 utile
2128 1568 2283 1631 talia
2310 1570 2713 1646 occumbere,
2746 1590 2937 1653 quam
2970 1572 3297 1635 illustrari.

2022 1670 2367 1730 obscurent
2392 1689 2540 1729 eum
2572 1673 2860 1732 tenebrae.
2895 1670 3195 1735 Tenebrae
3224 1672 3306 1735 ab
3338 1672 3439 1734 in·

1940 1764 2284 1829 ferioribus
2314 1766 2626 1844 oriuntur,
2660 1776 2723 1831 et
2760 1769 3133 1850 significant
3159 1771 3437 1854 disposi-

329 1874 524 1948 atque
543 1866 613 1929 in
642 1866 861 1930 omnia
889 1865 1030 1947 ejus
1061 1865 1412 1928 secundum
1443 1872 1639 1928 totam
1673 1863 1820 1926 vitae
1866 1865 1913 1927 B
1943 1863 2144 1926 tiones
2190 1864 2423 1946 quibus
2470 1865 2759 1948 privatur
2807 1868 3021 1931 lumen
3073 1868 3429 1933 infaustum

330 1964 692 2045 periodum,
723 1982 852 2026 non
888 1970 1100 2045 potest
1137 1962 1365 2045 optari,
1402 1961 1528 2023 nisi
1569 1969 1639 2023 ut
1680 1980 1760 2043 pe
1776 1981 1832 2022 r-

328 2071 432 2125 eat
455 2079 470 2125 :
497 2081 629 2126 non
660 2062 834 2125 enim
862 2061 1038 2125 aliud
1071 2059 1247 2137 facit,
1273 2059 1397 2122 nisi
1429 2061 1597 2143 quod
1624 2060 1821 2123 vitam

329 2160 398 2223 in
435 2161 938 2224 amaritudinem
971 2159 1184 2223 vertit.
1217 2159 1294 2221 Et
1336 2157 1513 2236 dicit,
1543 2158 1686 2222 Dies
1727 2178 1833 2221 na-

329 2258 628 2335 tivitatiS‚
651 2268 716 2322 et
745 2278 873 2323 nox
901 2264 1246 2339 conceptus
1272 2274 1286 2318 :
1319 2256 1472 2340 quia
1502 2276 1626 2320 nox
1656 2256 1833 2337 frigi-

327 2358 532 2421 ditate
563 2357 975 2439 subrepente,
1014 2375 1204 2438 poros
1241 2355 1528 2438 corporis
1568 2354 1828 2431 claudit,

326 2464 398 2518 ut
439 2455 676 2539 spiritu
717 2464 780 2519 et
821 2456 1035 2518 calore
1063 2455 1143 2517 ad
1176 2454 1442 2516 interius
1481 2454 1836 2516 redundan-

331 2557 532 2633 tibus,
569 2556 820 2618 semina
859 2562 1168 2636 concepta
1207 2553 1592 2616 intrinsecus
1632 2553 1834 2633 magis

327 2655 740 2734 coalescant3
775 2654 1084 2717 redeunte
1125 2660 1334 2715 autem
1370 2652 1512 2715 luce
1543 2652 1693 2729 diei,
1735 2670 1836 2714 ca-

329 2753 466 2817 lore
495 2750 766 2835 perfusa
809 2770 1079 2833 corpora
1122 2751 1413 2813 laxantur
1446 2751 1512 2812 in
1554 2750 1726 2832 poris
1772 2758 1835 2812 et

327 2850 797 2934 spongiositate
828 2849 1138 2931 corporiS‚
1174 2858 1236 2911 et
1279 2849 1709 2931 disponuntur
1754 2848 1833 2910 ad

325 2950 758 3013 emittendum
780 2949 952 3030 quod
985 2954 1362 3037 conceptum
1394 2955 1510 3010 est.
1531 2947 1673 3008 Ideo
1695 2946 1831 3009 dies

1941 1971 2067 2025 tam
2107 1963 2174 2025 in
2218 1982 2482 2046 corpore
2510 1984 2701 2045 quam
2753 1964 2819 2028 in
2862 1967 3081 2030 anima
3114 1986 3127 2030 :
3164 1977 3228 2031 et
3280 1969 3434 2032 talia

1940 2062 2257 2144 privantia
2274 2062 2489 2125 lumen
2524 2062 2899 2141 infaustum,
2918 2066 3216 2129 dicuntur
3260 2076 3435 2131 tene-

1939 2159 2069 2223 brae
2116 2179 2231 2243 per
2279 2158 2607 2224 effectum.
2642 2166 2727 2225 Et
2756 2166 2985 2225 umbra
3016 2167 3260 2227 mortis.
3294 2166 3437 2229 Um-

1939 2258 2055 2321 bra
2103 2259 2325 2321 mortis
2376 2259 2613 2322 dicitur
2652 2262 3004 2325 recordatio
3046 2264 3295 2342 mentiS,
3330 2266 3433 2329 vel

1939 2356 2305 2420 aversiones
2355 2357 2519 2421 lucis
2568 2357 2863 2423 infaustae
2913 2360 3079 2424 hanc
3118 2362 3435 2444 perimen-

1944 2463 2059 2518 tes,
2097 2460 2367 2534 Occupet
2395 2478 2541 2517 eum
2572 2460 2804 2535 caliyo,
2839 2458 2903 2519 id
2944 2466 3039 2521 est
3083 2459 3436 2525 fortissima

1942 2562 2006 2615 et
2036 2553 2379 2635 inspissata
2409 2555 2487 2616 ad
2519 2555 2906 2618 contrarium
2940 2556 3295 2639 dispositio.
3329 2560 3437 2623 Ca-

1942 2651 2071 2731 ligo
2103 2652 2299 2729 enim,
2326 2659 2423 2713 est
2450 2652 2798 2732 caliginoso
2830 2673 3065 2736 vapore
3097 2655 3438 2739 inspissata

1943 2750 2227 2825 tenebra,
2281 2750 2487 2812 lucem
2542 2750 2947 2832 impediens:
2996 2762 3061 2816 et
3106 2754 3436 2835 significat

1941 2848 2211 2929 spissam
2240 2847 2729 2929 dispositionem
2759 2849 3088 2931 sapientiS,
3114 2852 3214 2915 vel
3250 2852 3436 2915 meri-

1943 2954 2076 3007 tum
2107 2946 2260 3008 boni
2292 2954 2513 3008 contra
2554 2946 2759 3009 lucem
2792 2947 3058 3011 Satanae.
3094 2950 3433 3032 Dispositio

325 3048 567 3131 partui,
603 3067 730 3110 nox
768 3046 1110 3129 conceptui
1153 3046 1440 3122 debetur,
1479 3046 1830 3109 secundum
1865 3044 1909 3107 C
1941 3054 2149 3107 autem
2183 3043 2511 3125 sapientiS‚
2552 3054 2623 3107 ut
2666 3045 2823 3108 dicit
2850 3046 3050 3125 Philo,
3086 3048 3183 3111 vel
3230 3050 3435 3131 poeni-

323 3146 844 3228 congruentiam.

420 3245 536 3308 His
589 3244 802 3308 verbis
850 3243 1067 3326 jungit
1113 3243 1410 3305 Albertus
1447 3260 1460 3304 :
1505 3242 1829 3325 Expositio

319 3342 613 3424 Gregorii
643 3343 726 3405 ab
757 3342 878 3405 hac
909 3360 1038 3405 non
1067 3339 1315 3417 differt,
1353 3340 1475 3401 nisi
1507 3340 1680 3421 quod
1721 3340 1831 3403 ille

321 3461 697 3525 processum
729 3440 886 3503 dicit
917 3439 983 3501 in
1027 3439 1326 3522 peccatis,
1361 3456 1476 3503 nos
1517 3445 1730 3501 autem
1763 3438 1828 3500 in

319 3540 809 3603 afflictionibus
838 3538 1107 3601 Satanae.

402 3641 679 3721 Insuper
723 3638 816 3700 ait
850 3655 864 3699 ε
899 3640 1052 3699 Dies
1083 3640 1230 3707 illa,
1258 3636 1406 3698 data
1447 3636 1514 3698 in
1559 3644 1832 3718 potesta-

325 3748 454 3803 tem
487 3738 742 3801 Satanae
789 3737 856 3799 in
886 3736 1005 3800 hac
1038 3735 1190 3811 vita,
1225 3744 1518 3796 vertatur
1549 3736 1622 3795 in
1669 3745 1830 3796 tene-

324 3844 504 3910 bras,
535 3846 608 3901 ut
651 3836 926 3901 effectus
965 3836 1212 3899 Satanae
1263 3854 1580 3915 nusquam
1623 3834 1833 3899 videa·

328 3947 453 4015 tur,
491 3954 822 4019 nusquam
859 3941 1189 4017 appareat.
1223 3934 1366 3996 Haec
1411 3940 1508 3996 θεῖ
1548 3933 1722 3997 enim
1753 3934 1832 3997 de

180 4072 238 4107 u,
285 4057 456 4119 ,qua
505 4034 770 4111 dicitur,
817 4033 914 4097 Ab
963 4032 1304 4095 altitudine
1358 4030 1487 4094 diei
1533 4030 1766 4095 timebo
1813 4050 1827 4095 z

324 4138 482 4219 quia
511 4154 648 4217 quo
679 4134 870 4197 altius
909 4132 1289 4209 ascenderit,
1323 4131 1539 4214 plures
1573 4130 1833 4195 calami-

1943 3142 2154 3215 tentiS,
2191 3150 2261 3204 ut
2302 3142 2457 3204 dicit
2494 3142 2854 3224 GregoriuS,
2900 3164 3027 3208 non
3058 3147 3296 3210 dicitur
3336 3168 3434 3211 ca-

1939 3242 2088 3322 ligo,
2126 3241 2215 3304 ita
2261 3241 2432 3322 quod
2490 3259 2743 3304 omnem
2802 3242 3007 3307 lucem
3058 3245 3287 3326 privet,
3320 3249 3429 3310 sed

1939 3348 2187 3403 tantum
2221 3348 2479 3421 propter
2510 3340 2649 3416 hoc,
2670 3340 2822 3421 quia
2852 3341 3061 3405 obstat
3093 3343 3189 3405 illi
3219 3343 3430 3410 infau-

1939 3448 2072 3515 stae,
2125 3438 2371 3501 scilicet
2409 3437 2536 3500 luci
2586 3438 2829 3502 Satanae
2866 3458 2879 3501 :
2915 3440 3079 3504 sicut
3118 3442 3184 3504 in
3214 3444 3427 3508 Exodo

1939 3536 2171 3617 legitur
2200 3536 2439 3617 Moyses
2475 3535 2799 3616 ingressus
2844 3538 2909 3599 in
2958 3540 3320 3620 caliginem,
3360 3552 3429 3604 ut

1940 3741 2116 3810 strat,
2149 3731 2209 3795 ei
2240 3731 2711 3809 occumberent,
2746 3740 2809 3795 et
2839 3734 2976 3817 ipse
3018 3736 3191 3799 solus
3222 3738 3289 3800 in
3320 3738 3425 3801 lu-

1940 3832 2114 3894 mine
2161 3830 2268 3893 Dei
2318 3828 2630 3893 mirabilis
2678 3840 2866 3895 esset.
2920 3836 3003 3895 El
3050 3837 3427 3897 involvatur

1941 3931 2387 3992 amaritudine
2413 3928 2852 4011 dispositionis
2872 3932 3205 3995 contrariae
3224 3934 3324 3997 vel
3358 3935 3423 3997 in

1940 4046 2225 4110 corpore,
2260 4026 2363 4090 vel
2392 4026 2458 4088 in
2489 4027 2722 4105 anima,
2756 4028 2856 4093 vel
2892 4029 3129 4111 pariter
3158 4031 3225 4093 in
3256 4041 3429 4096 utro-

1939 4146 2087 4208 que.
2124 4125 2227 4189 Sic
2275 4124 2638 4189 involvatur
2687 4127 2796 4189 lux
2846 4127 2965 4190 ista
3014 4127 3313 4209 infausta,
3359 4140 3429 4193 ut

325 4244 488 4299 tates
519 4233 774 4313 ingeret
800 4250 815 4294 ε
840 4251 876 4295 a
905 4231 1144 4313 quibus
1175 4230 1368 4292 homo
1388 4228 1825 4308 absconditur,
1859 4232 1909 4293 D
1939 4245 2007 4289 se
2037 4224 2405 4287 diffundere
2434 4243 2547 4307 per
2574 4224 2769 4288 vitam
2801 4244 2929 4289 non
2963 4228 3184 4309 possit.

321 4334 376 4395 si
418 4352 645 4397 coram
689 4329 1064 4394 hominibus
1096 4327 1400 4405 infausta,
1435 4326 1499 4390 id
1541 4336 1638 4391 est
1669 4328 1832 4392 infe·

323 4432 432 4511 lix,
468 4432 614 4495 dies
663 4448 793 4493 non
843 4428 1108 4493 oriatur.
1141 4426 1432 4503 FaustuS,
1477 4428 1828 4491 secundum

321 4532 676 4605 Britonem,
714 4535 811 4591 est
861 4527 1031 4591 idem
1077 4526 1250 4607 quod
1301 4524 1497 4588 felix:
1534 4524 1682 4588 inde
1733 4525 1830 4587 in-

323 4630 603 4707 faustuS,
639 4626 706 4691 id
743 4634 842 4690 est
873 4624 1122 4701 infelix,
1157 4632 1220 4687 et
1257 4623 1363 4687 cui
1411 4622 1670 4686 fortuna
1699 4642 1828 4686 non

325 4728 523 4792 favet.
579 4728 730 4789 Non
777 4726 1073 4804 requirat
1117 4744 1265 4783 eum
1313 4725 1486 4783 Deus
1532 4725 1825 4799 desuper.

323 4828 488 4891 Deus
551 4844 668 4907 per
714 4821 1018 4885 sublimia
1075 4819 1384 4882 inferiora
1437 4818 1826 4899 gubernanS‚

327 4942 667 4989 mensuras
695 4930 762 4985 et
789 4920 1096 4983 terminos
1128 4918 1310 5001 ponit
1331 4918 1478 4981 vitae
1507 4918 1824 4995 humana),

325 5037 803 5102 numerumque
845 5018 1094 5081 dierum
1122 5041 1136 5093 ς
1169 5026 1233 5079 et
1276 5016 1331 5078 si
1373 5016 1550 5079 deest
1591 5014 1748 5093 dies,
1793 5035 1830 5077 a

323 5122 448 5186 Deo
479 5120 852 5185 ordinatore
881 5116 1028 5179 vitae
1061 5114 1430 5196 requiritur.
1463 5113 1622 5177 Petit
1652 5130 1824 5194 ergO,

323 5221 495 5302 quod
518 5219 662 5281 dies
685 5216 1018 5299 potestatis
1042 5214 1287 5277 Satanae
1308 5233 1436 5277 non
1467 5213 1830 5293 requiratur

323 5320 404 5383 ad
445 5334 798 5381 numerum
837 5312 1088 5377 dierum
1135 5330 1422 5375 suorum.
1463 5314 1542 5372 Et
1572 5330 1704 5371 non
1741 5311 1830 5371 sit

2018 4324 2094 4386 Et
2141 4322 2359 4386 subdit
2389 4324 2467 4386 de
2496 4332 2683 4387 nocte
2720 4334 3088 4408 conceptuS,
3123 4346 3265 4409 quae
3308 4328 3430 4392 ini-

1938 4422 2098 4485 tium
2133 4421 2257 4484 fuit
2283 4421 2689 4485 formationis
2709 4423 2857 4487 vitae
2887 4444 3028 4506 quae
3057 4425 3205 4489 data
3232 4436 3329 4491 θεῖ
3360 4428 3427 4491 in

1939 4528 2313 4604 potestatem
2361 4520 2627 4583 Satanae.
2663 4524 2927 4585 Noctem
2956 4525 3173 4596 illam,
3203 4525 3269 4587 in
3301 4545 3430 4608 qua

1938 4620 2185 4683 semina
2221 4617 2539 4682 formandi
2580 4618 2928 4683 infaustam
2974 4622 3169 4685 vitam
3216 4625 3429 4688 coalu-

1938 4725 2146 4795 erunt,
2202 4720 2561 4779 tenebrosus
2613 4721 2794 4779 turbo
2838 4723 3189 4796 possideat.
3216 4722 3427 4785 Turbo

1937 4824 2165 4881 ventus
2208 4823 2323 4893 est,
2374 4815 2731 4878 involutum
2774 4816 3018 4881 habens
3048 4817 3277 4881 flatum
3314 4837 3329 4881 ε
3364 4830 3429 4883 θῖ

1939 4915 2266 4998 significat
2305 4916 2755 4997 dispositiones
2799 4918 3009 4979 cordis
3052 4926 3115 4980 θῖ
3142 4919 3427 5001 corporis

1937 5032 2013 5076 ex
2070 5012 2291 5075 multis
2348 5013 2756 5095 compositaS,
2817 5013 3125 5077 effectum
3187 5015 3431 5079 Satanae

1938 5120 2415 5193 corrumpentes
2446 5119 2509 5173 θῖ
2542 5111 2980 5192 reprimentes,
3022 5116 3148 5173 Nec
3175 5134 3433 5193 compu-

1941 5220 2108 5271 tetur
2147 5211 2217 5270 in
2264 5211 2488 5269 diebus
2526 5212 2716 5278 anm',
2748 5208 2809 5271 id
2849 5218 2947 5271 est
2989 5209 3213 5274 circuli
3258 5212 3427 5290 vitm,

1940 5308 2028 5370 ita
2065 5307 2237 5389 quod
2278 5307 2344 5368 in
2380 5314 2509 5369 tota
2538 5306 2669 5369 vita
2706 5306 2870 5369 desit
2910 5308 2989 5371 ad
3030 5318 3425 5393 computum,

3476 1099 3540 1143 Ie.
3554 1114 3723 1152 xxxviii.

3466 1166 3531 1205 15.

3480 3566 3629 3611 ssoeod.
3646 3582 3719 3620 xx,

1940 3634 2185 3700 scilicet
2214 3633 2427 3697 omnia
2468 3653 2611 3716 quae
2657 3635 2765 3696 lux
2794 3638 3015 3699 mundi
3046 3638 3239 3720 hujus
3282 3640 3428 3703 illu·
3456 3632 3719 3681 ²¹³¹¹¹⁹·¹⁸·
