4309 6259
1245 520 1596 568 mammo
1637 520 1700 566 IN
1740 520 1878 566 cAl’.
1923 520 1994 565 111
2031 519 2159 565 1013.
2203 537 2284 549 -
2324 517 2466 564 Am.
2513 516 2580 563 ΙΙ

3334 492 3451 557 347

67 709 325 757 nanas.
358 710 559 771 quum
607 691 696 753 ait
724 692 1041 774 Propheta
1075 710 1089 753 :
1125 690 1489 753 Maledictus
1534 690 1647 771 qui
1677 708 1852 771 spem
1883 688 1933 750 A
1967 686 2373 770 prosperitati
2424 686 2761 748 mundanae
2808 683 3007 759 inani,
3041 702 3183 764 quae
3234 682 3341 743 lux
3390 686 3451 743 et

77 1688 191 1730 lCor.
204 1688 324 1734 ¹12³!-

81 2179 145 2219 1²⁸.
161 2192 268 2226 mn,
288 2181 328 2221 1.

119 2965 250 3009 Eeeli.
271 2981 330 3017 iv,

359 808 542 851 suam
575 790 762 872 ponit
805 790 874 852 in
921 790 1204 867 homine,
1241 790 1304 852 id
1351 798 1446 853 est
1484 790 1552 851 in
1585 787 1858 851 infirmi-

358 894 508 951 tate.

423 989 578 1048 Dies
598 990 722 1049 illa
745 999 1038 1051 vertatur
1058 992 1130 1049 in
1155 991 1463 1059 tenebrae,
1487 988 1548 1049 id
1573 995 1689 1063 est,
1716 1006 1858 1067 quae

354 1086 492 1148 dies
516 1085 682 1149 false
702 1096 977 1169 putatur,
1000 1088 1232 1150 vitiosa
1251 1096 1548 1149 noscatur
1567 1110 1580 1161 3
1606 1094 1666 1149 et
1688 1086 1858 1168 quod

353 1183 784 1247 delectatione
805 1184 972 1247 mala
1003 1192 1318 1266 patratum
1351 1192 1468 1260 est,
1489 1184 1706 1246 dolore
1738 1200 1862 1264 poe-

358 1280 647 1343 nitentiae
708 1283 1104 1344 emendetur.
1158 1284 1306 1343 Non
1367 1283 1659 1360 requirat
1711 1301 1860 1340 eum

355 1384 531 1441 Deus
560 1383 859 1458 desuper,
891 1381 968 1443 ad
1002 1380 1480 1457 vindicandum,
1517 1379 1581 1441 id
1613 1386 1729 1455 est,
1755 1379 1861 1440 det

361 1477 550 1540 nobis
599 1477 872 1558 gratiam
914 1477 1266 1560 poenitendi
1312 1485 1375 1540 et
1424 1476 1856 1539 satisfaciendi

345 1595 478 1658 -pro
509 1595 610 1639 eo.
648 1577 826 1641 Tunc
859 1578 1032 1641 enim
1053 1580 1217 1641 Deus
1249 1597 1394 1641 eum
1426 1595 1553 1640 non
1586 1575 1863 1641 vindica-

360 1674 478 1750 bit,
505 1674 766 1738 dicente
789 1675 1092 1758 Apostolo
1119 1695 1132 1737 :
1159 1676 1223 1739 Si
1247 1674 1670 1757 nosmetipsos
1702 1675 1864 1755 diju-

357 1774 816 1852 dicaverimuS,
842 1793 969 1838 non
995 1776 1217 1858 utique
1236 1775 1757 1856 dijudicaremur.
1776 1776 1864 1835 Et

1966 787 2101 849 dies
2143 786 2224 848 ab
2269 784 2485 867 impiis
2516 783 2884 847 aestimatur.
2918 781 3034 855 Qui
3070 780 3241 843 enim
3276 778 3451 841 illam

1965 884 2351 967 despiciunt,
2370 882 2599 945 merito
2620 880 2788 943 nocti
2813 879 3056 962 peccati
3078 876 3457 941 maledicere

1966 992 2258 1069 possunt,
2292 982 2445 1064 quia
2472 981 2780 1043 veraciter
2809 998 2947 1042 eam
2989 978 3332 1041 abhorrent
3361 984 3455 1038 at-

1966 1104 2093 1168 que
2125 1082 2512 1163 vituperant.
2552 1081 2680 1149 Qui
2698 1080 2928 1157 parati
2955 1087 3107 1138 sunt
3144 1077 3459 1137 suscitare

1966 1186 2358 1252 Leviatkan,
2390 1182 2453 1243 id
2484 1188 2581 1244 est
2609 1187 2828 1242 contra
2860 1196 2927 1241 se
2956 1194 3301 1259 provocare
3327 1174 3461 1237 dia-

1969 1283 2209 1346 bolum.
2236 1282 2472 1362 Nempe
2505 1298 2617 1361 per
2647 1278 2787 1353 hoc,
2815 1277 2984 1359 quod
3015 1295 3090 1339 ea
3108 1294 3252 1356 quae
3280 1292 3461 1335 mun-

1969 1380 2033 1443 di
2063 1400 2136 1443 ac
2170 1378 2477 1442 daemonis
2509 1385 2677 1453 sunt,
2715 1383 3158 1458 aspernantur,
3178 1380 3370 1453 atque
3392 1370 3457 1433 in

1969 1482 2095 1543 Deo
2128 1478 2632 1549 inflammantur,
2658 1474 2981 1538 diabolum
3015 1474 3092 1535 ad
3124 1471 3223 1535 sui
3256 1471 3461 1553 impu-

1968 1578 2335 1659 gnationem
2373 1594 2520 1638 mox
2548 1574 2911 1638 concitant:
2947 1572 3058 1652 qui
3087 1579 3308 1635 contra
3336 1570 3463 1633 ele-

1970 1686 2106 1741 ctos
2151 1685 2325 1739 tanto
2369 1676 2515 1758 plus
2555 1674 2735 1750 furit,
2769 1680 3008 1753 quanto
3042 1672 3121 1733 ad
3151 1672 3345 1733 Deum
3394 1688 3463 1733 se

1975 1775 2207 1839 fortius
2236 1775 2511 1854 erigunt.

357 1894 494 1933 non
518 1875 888 1935 illustretur
910 1876 1180 1946 lumine,
1201 1874 1263 1935 id
1287 1881 1404 1949 est,
1431 1874 1592 1935 Deus
1623 1872 1863 1935 lumine
1900 1877 1945 1938 B
2057 1878 2487 1937 obscurentur
2532 1876 2733 1934 stelloe.
2780 1872 3063 1949 caliyine
3106 1871 3269 1947 ejus.
3326 1867 3458 1931 Non

359 1991 495 2033 suae
525 1972 796 2052 justitiae
835 1992 984 2037 eum
1031 1991 1160 2036 non
1200 1971 1568 2035 manifestet
1613 1972 1678 2034 in
1709 1971 1864 2034 hora

356 2070 621 2152 judicii,
675 2072 786 2134 sed
839 2072 1099 2135 interim
1151 2072 1537 2152 ignoscendo
1587 2078 1756 2152 tegat
1803 2078 1864 2132 et

361 2170 578 2232 deleat
621 2188 793 2233 eum.
826 2171 998 2234 Beati
1041 2172 1214 2234 enim
1265 2189 1537 2252 quorum
1586 2170 1866 2232 remissae

359 2276 519 2330 sunt
549 2268 946 2349 iniquitateS,
967 2278 1030 2332 et
1057 2289 1332 2351 quorum
1364 2277 1527 2333 tecta
1558 2278 1706 2331 sunt
1727 2288 1867 2350 pec-

357 2376 527 2430 cata.
569 2370 917 2430 obscurent
943 2390 1090 2429 eum
1125 2372 1412 2440 tenebrae,
1449 2367 1511 2430 id
1543 2375 1638 2431 est
1668 2367 1867 2449 poeni-

359 2466 586 2528 tentiae
617 2465 922 2544 lamenta,
955 2486 1036 2530 ne
1067 2466 1343 2548 amplius
1374 2475 1605 2549 pateat,
1637 2476 1698 2527 et
1727 2487 1868 2526 um-

358 2568 481 2625 bra
529 2568 786 2635 mortis,
837 2565 898 2628 id
951 2574 1069 2642 est,
1123 2565 1450 2628 oblivione
1496 2565 1660 2628 Deus
1719 2583 1865 2627 eum

359 2662 554 2743 quasi
613 2682 742 2726 non
805 2665 1198 2727 recordando
1255 2663 1552 2746 abjiciat3
1613 2673 1868 2741 occupet

357 2782 514 2821 eum
543 2764 780 2838 caliyo,
816 2762 881 2824 id
910 2770 1005 2825 est
1049 2762 1230 2825 dolor
1274 2759 1731 2843 poenitentialis
1773 2761 1868 2823 in-

361 2859 591 2935 terior,
635 2859 750 2941 qui
798 2860 964 2923 bene
1007 2861 1361 2937 contristat,
1410 2859 1750 2923 confundit
1805 2868 1868 2921 et

363 2958 591 3021 turbat
623 2975 638 3020 τ
675 2967 772 3021 est
813 2958 985 3021 enim
1032 2958 1328 3022 confusio
1369 2960 1689 3022 adducens
1729 2976 1868 3038 gra-

1971 1974 2270 2056 optando,
2291 1972 2398 2034 sed
2432 1970 2919 2053 praenuntiando
2943 1970 3003 2031 id
3033 1968 3285 2044 dicitur,
3311 1986 3464 2049 quo-

1973 2072 2144 2134 niam
2202 2070 2423 2146 stellae,
2477 2070 2539 2130 id
2598 2076 2696 2131 est.
2756 2067 3117 2129 sublimiter
3163 2066 3457 2141 virtuosi,

1972 2170 2351 2253 gratia‚vita,
2373 2168 2681 2250 exemplo,
2702 2166 2869 2229 fama
2890 2166 3190 2241 lucenteS‚
3218 2164 3460 2245 aliquid

1973 2269 2177 2351 culpae
2225 2268 2580 2343 incurrunt,
2615 2285 2743 2347 quo
2794 2284 3014 2329 eorum
3062 2264 3303 2346 puritas
3352 2262 3463 2326 ob-

1975 2375 2265 2431 scuratur
2296 2386 2407 2429 seu
2440 2365 2651 2427 minus
2680 2365 2853 2427 clara
2880 2362 3189 2426 efficitur.
3225 2365 3465 2441 Eoespe-

1972 2478 2092 2529 etet
2124 2470 2354 2536 lucem,
2386 2474 2447 2525 et
2478 2485 2607 2525 non
2647 2466 2863 2525 videat
2901 2484 2925 2523 .·
2959 2462 3022 2525 id
3054 2471 3173 2537 est,
3215 2461 3463 2524 caecitas

1977 2573 2207 2628 nostrae
2238 2564 2490 2639 mentis,
2515 2562 2985 2644 quantumlibet
3009 2561 3224 2624 lumen
3246 2559 3465 2641 gloriae

1975 2664 2395 2746 praestoletur,
2427 2680 2539 2725 seu
2570 2662 2766 2723 Deum
2796 2661 2909 2741 qui
2936 2668 3171 2723 aeterna
3206 2659 3312 2721 lux
3342 2666 3459 2731 est,

1975 2763 2140 2825 hanc
2196 2770 2406 2824 tamen
2457 2761 2522 2822 in
2581 2759 2874 2842 praesenti
2937 2758 3105 2821 clare
3163 2766 3225 2821 et
3274 2757 3463 2821 sicuti

1975 2870 2091 2938 est,
2127 2860 2346 2923 videre
2368 2879 2497 2922 non
2527 2858 2781 2941 poterit.
2808 2861 2940 2920 Nec
2968 2867 3181 2919 ortum,
3210 2876 3467 2934 sumen·

1977 2964 2059 3021 tis
2079 2980 2360 3029 aurorae,
2383 2958 2446 3020 id
2477 2965 2572 3021 est
2600 2955 3144 3020 resuscitationem
3168 2953 3464 3019 Ecclesiae

363 3057 526 3119 tiam
557 3066 622 3119 et
651 3057 958 3139 gloriam3
990 3069 1049 3118 et
1080 3061 1456 3119 involvatur
1476 3058 1868 3118 amaritudi-
1902 3061 1946 3124 C
1976 3058 2041 3120 in
2084 3058 2189 3121 die
2229 3057 2477 3139 judicii,
2522 3057 2775 3137 quando
2818 3062 2877 3118 et
2922 3072 3187 3136 corpore
3223 3051 3467 3133 glorifi-

356 3176 474 3227 ne,
498 3164 571 3217 ut
599 3174 728 3236 quo
760 3156 962 3238 major
990 3156 1112 3218 fuit
1143 3156 1477 3219 delectatio
1509 3156 1574 3217 in
1607 3174 1868 3238 peccan-

360 3254 476 3329 do,
511 3272 590 3317 eo
623 3253 828 3335 major
858 3254 943 3316 sit
983 3253 1259 3317 afflictio
1290 3254 1356 3316 in
1389 3254 1860 3317 satisfaciendo

437 3352 709 3414 Noctem
729 3355 920 3414 illam
945 3356 1300 3414 tenebrosus
1323 3355 1502 3414 turbo
1516 3354 1863 3431 possideat,

359 3452 430 3513 id
495 3460 594 3514 est
643 3469 880 3514 moeror
930 3460 1206 3514 mentem
1267 3451 1548 3514 virtuose
1596 3450 1869 3514 obnubi-

359 3552 530 3627 lam,
559 3558 628 3613 ut
660 3551 862 3613 instar
888 3550 1281 3633 tempestatis
1314 3559 1442 3614 tota
1469 3552 1868 3615 concutiatur

356 3648 741 3713 vehementi
775 3649 1058 3726 horrore,
1095 3650 1397 3731 quoniam
1427 3650 1624 3713 Deum
1661 3648 1869 3712 offen-

355 3750 506 3822 dit3
547 3768 680 3809 non
724 3758 1130 3825 computetur
1175 3752 1244 3809 in
1295 3751 1520 3809 diebus
1565 3750 1756 3818 anni,
1803 3748 1865 3809 id

355 3854 466 3909 est
511 3846 680 3909 inter
713 3845 981 3908 virtutes
1026 3847 1173 3908 anni
1218 3848 1436 3926 gratiae
1479 3866 1588 3909 seu
1623 3846 1862 3927 gloriae,

359 3964 486 4028 per
510 3964 674 4027 quas
717 3943 965 4007 scilicet
993 3944 1210 4006 anima
1240 3944 1654 4021 clarificatur,
1688 3954 1751 4007 et
1789 3946 1866 4007 ad

354 4044 774 4106 durationem
844 4042 1186 4123 gloriosam
1258 4043 1477 4125 patriae
1534 4044 1864 4106 Beatorum

353 4142 764 4225 perducitur.
787 4141 1004 4204 Virtus
1033 4142 1206 4204 enim
1237 4151 1333 4204 est
1361 4142 1545 4223 quasi
1577 4141 1868 4223 spiritua-

1975 3157 2292 3221 cabuntur
2322 3155 2531 3233 electi,
2564 3174 2837 3238 quorum
2872 3153 3077 3235 gloria
3114 3161 3287 3215 tanta
3318 3152 3459 3227 erit,

1976 3257 2145 3337 quod
2196 3274 2367 3317 nunc
2410 3253 2865 3336 comprehendi
2911 3271 3037 3315 non
3071 3251 3261 3315 valet.
3295 3254 3462 3321 Quia

1974 3376 2104 3416 non
2154 3356 2493 3422 conclusit,
2539 3352 2649 3415 sed
2696 3351 2964 3433 aperuit,
3010 3354 3174 3411 ostia
3223 3352 3466 3410 ventris

1974 3456 2091 3534 qui
2109 3456 2400 3531 portavit
2434 3472 2553 3521 me,
2587 3450 2649 3512 id
2681 3458 2777 3513 est
2807 3449 3105 3539 carnalia*
3125 3448 3459 3526 desideria,

1974 3570 2117 3634 quae
2174 3550 2335 3613 ostia
2385 3557 2533 3611 sunt
2581 3548 2817 3630 quibus
2875 3548 3003 3610 itur
3059 3549 3137 3611 ad
3196 3554 3462 3610 mortem

1975 3650 2180 3732 culpae
2222 3648 2551 3712 exterioris
2598 3656 2787 3728 atque
2826 3647 3133 3727 gehennae
3168 3664 3180 3708 :
3218 3638 3467 3727 istaque

1975 3748 2137 3811 ostia
2167 3747 2376 3829 aperit
2406 3745 2631 3807 intima
2655 3744 2888 3807 mentis
2920 3743 3208 3807 infectio.
3231 3743 3466 3806 Venter

1973 3857 2186 3910 autem
2228 3854 2325 3909 est
2362 3845 2627 3925 obliqua
2666 3862 2779 3907 seu
2826 3842 3063 3906 infecta
3111 3850 3327 3904 nostra
3357 3860 3466 3905 vo-

1975 3946 2207 4021 luntaS‚
2246 3945 2311 4006 in
2341 3963 2471 4026 qua
2498 3944 2575 4005 ad
2618 3942 3009 4023 peccandum
3038 3939 3459 4021 concipimur,

1974 4044 2125 4105 dum
2176 4043 2375 4104 ruinae
2428 4051 2658 4105 nostrae
2706 4039 2883 4120 origo
2932 4037 3282 4102 efficimur.
3333 4040 3465 4101 Nec

1975 4144 2265 4211 abstulit,
2320 4142 2424 4204 sed
2484 4139 2785 4219 irrogavit
2833 4158 2943 4202 seu
2998 4136 3235 4212 intulit,
3288 4142 3462 4199 mata

357 4241 448 4303 lis
483 4241 717 4303 animae
763 4239 922 4303 dies,
957 4243 1090 4305 Nec
1123 4251 1502 4302 numeretur
1531 4243 1604 4301 in
1636 4241 1867 4301 mensi-
1895 4248 1944 4309 D
1976 4257 2183 4321 poenae
2232 4248 2292 4303 et
2322 4241 2548 4321 culpae,
2594 4242 2796 4299 ocutis
2838 4240 3017 4307 mei-3,
3046 4236 3132 4298 ita
3176 4237 3344 4318 quod
3391 4256 3465 4299 ea

355 4342 503 4400 bus.
539 4339 784 4401 Menses
821 4348 972 4401 sunt
1015 4339 1438 4421 multiplicata
1468 4337 1637 4401 facta
1667 4338 1866 4400 virtu—

355 4446 524 4500 tum.
560 4440 670 4499 Sit
699 4458 832 4497 nox
859 4440 980 4498 illa
1009 4440 1337 4507 solitaria,
1360 4437 1424 4499 id
1453 4446 1569 4513 est,
1596 4436 1863 4501 eaeeitati

356 4537 450 4598 im
459 4536 816 4618 pietatique
837 4543 1068 4598 nostrae
1090 4554 1217 4599 non
1251 4536 1441 4598 aliam
1461 4537 1539 4599 ad
1543 4536 1860 4617 jiciamuS,

351 4634 702 4715 gloriando
735 4634 802 4695 in
833 4634 1042 4712 maliS,
1075 4634 1175 4697 vel
1209 4636 1590 4711 excusand0‚
1624 4642 1734 4697 aut
1763 4635 1866 4698 de-

357 4733 692 4796 fendendo
738 4742 1032 4815 peceata3
1068 4754 1184 4794 nec
1227 4737 1419 4794 laude
1464 4737 1669 4810 digna
1689 4755 1712 4794 .·
1735 4734 1864 4796 imo

353 4830 790 4894 confiteamur
811 4832 981 4912 quod
1004 4831 1178 4893 omni
1200 4831 1701 4913 exprobratione,
1723 4852 1865 4895 con·

357 4930 620 4994 fusione
670 4938 734 4992 et
781 4946 973 5011 poena
1014 4930 1206 5010 digna
1247 4930 1330 4991 sit
1381 4936 1598 4993 nostra·
1647 4931 1856 5013 culpa.

359 5030 772 5091 illaledicant
799 5030 863 5087 ei
892 5030 1009 5106 qui
1036 5031 1435 5090 maledicunt
1462 5032 1623 5100 diei,
1657 5029 1719 5091 id
1765 5040 1862 5093 est

1975 4338 2288 4420 experior,
2327 4358 2439 4421 per
2470 4336 3058 4420 experientiamque
3090 4335 3361 4398 intueor.
3408 4338 3414 4343 ’

2054 4438 2176 4500 Ista
2196 4456 2271 4499 ex
2298 4437 2599 4516 Gregorio
2630 4444 2885 4518 sumpta
2914 4443 3083 4511 sunt,
3110 4434 3461 4497 secundum

1974 4536 2296 4618 propriam
2338 4544 2615 4598 mentem
2659 4535 2749 4596 nil
2790 4535 3151 4610 asserendo,
3188 4534 3295 4596 sed
3326 4534 3465 4615 ejus

1972 4634 2434 4717 expositionem
2473 4633 2751 4697 fideliter
2780 4654 2852 4697 ac
2891 4634 3171 4696 breviter
3200 4633 3468 4695 recitan-

1971 4735 2074 4811 d0‚
2101 4743 2170 4795 ut
2204 4733 2533 4815 scripturae
2562 4733 2754 4814 hujus
2784 4732 3049 4814 capituli
3081 4730 3463 4793 difficillimi

1970 4831 2228 4908 veritaS,
2264 4851 2339 4895 ex
2383 4832 2482 4893 his
2512 4840 2706 4912 atque
2751 4830 3165 4912 sequentibus
3205 4829 3465 4893 eviden-

1971 4931 2096 4993 tius
2141 4929 2493 5004 elucescat3
2526 4938 2589 4992 et
2638 4929 2855 5005 lector,
2898 4928 3070 5010 quod
3119 4924 3463 4989 rationabi-

1971 5029 2094 5091 lius
2127 5028 2251 5094 sibi
2284 5029 2491 5093 visum
2526 5027 2741 5105 fuerit,
2778 5026 2993 5112 eligat.
