4309 6259
610 3564 644 3608 ll
659 3564 764 3610 Cor.
782 3577 836 3614 xi,

575 3632 631 3733 ὅ]
651 3690 751 3734 Cor.
768 3702 836 3739 xv,

580 3756 645 3797 ¹0.

591 3860 604 3903 1
621 3860 726 3903 Par.
740 3874 838 3910 xvu,

578 3925 643 3966 17.

857 495 976 558 476
1683 514 2030 561 ananan-to
2071 515 2132 559 m
2179 514 2315 560 car.
2360 513 2449 559 ιιι
2487 514 2611 559 1013.
2658 534 2741 543 —
2780 514 2923 559 aar.
2967 513 3119 559 xxtx

858 684 924 746 in
977 684 1301 767 aliquibus
1349 694 1719 748 erraverunt
1767 686 1936 749 circa
1989 685 2232 763 divina,
2284 693 2348 747 et
2376 684 2426 745 A
2460 684 2545 745 tia
2574 683 2684 746 Dei
2714 692 2777 747 et
2806 684 2950 745 aliis
2988 682 3370 765 quibusdam
3408 678 3939 743 similitudinibus

857 784 1028 847 circa
1086 785 1552 866 providentiam
1603 794 1792 866 atque
1847 784 2161 867 justitiam
2210 784 2343 861 Dei,

858 882 1159 945 videlicet
1206 884 1376 964 quod
1426 884 1590 947 Deus
1640 902 1766 947 non
1817 884 2074 965 puniret
2126 902 2348 963 quem—

859 982 1054 1062 piam,
1089 982 1214 1043 nisi
1241 1001 1357 1063 pro
1389 1002 1504 1044 sua
1540 982 1750 1063 eulpa,
1775 990 1834 1045 et
1866 983 2037 1063 quod
2059 982 2247 1064 justis
2281 982 2345 1043 in

859 1080 992 1141 vita
1023 1079 1138 1141 hac
1163 1080 1530 1163 temporalis
1561 1082 1948 1163 prosperitas
1980 1084 2231 1161 semper
2259 1080 2349 1142 di-

859 1178 1100 1243 vinitus
1141 1180 1502 1242 donaretur.
1552 1180 1640 1241 Ea
1679 1198 1932 1260 quoquc
1972 1180 2025 1241 si
2067 1180 2133 1241 in
2183 1199 2348 1242 com-

859 1277 1036 1340 muni
1079 1296 1228 1340 vere
1257 1285 1319 1339 et
1357 1277 1494 1341 sine
1533 1297 1746 1341 errore
1782 1287 2232 1359 cognoverant,
2268 1279 2345 1341 ad

859 1383 1149 1438 sanctum
1178 1375 1293 1438 Job
1323 1394 1584 1439 erronee
1615 1375 2043 1457 applicabant.

937 1474 1149 1550 Porro,
1175 1475 1525 1537 secundum
1558 1476 1885 1551 Thomam,
1911 1476 2076 1537 sicut
2105 1494 2183 1537 ex
2211 1494 2351 1537 ver-

859 1572 958 1635 bis
989 1573 1337 1636 amicorum
1368 1571 1483 1635 101)
1513 1574 1946 1655 perpenditur,
1971 1581 2099 1635 tota
2129 1592 2347 1636 eorum

861 1672 1132 1735 intentio
1180 1672 1350 1733 circa
1396 1672 1517 1734 tria
1567 1681 1875 1735 versatur.
1919 1672 2128 1735 Primo
2176 1672 2345 1733 enim

861 1770 1199 1832 studebant
1229 1770 1528 1833 sublimia
1559 1771 1734 1851 loqui
1768 1772 1846 1833 de
1876 1772 2024 1847 De0,
2049 1771 2353 1833 extollen-

2458 791 2519 845 et
2550 782 3047 865 proprietatibus
3077 782 3459 845 naturalium
3484 778 3745 842 fuerunt
3772 778 3940 840 locu-

2458 883 2529 945 ti.
2565 882 2801 945 Idcirco
2835 889 3127 944 notanter
3155 881 3264 957 ait,
3299 879 3448 953 Quis
3488 880 3619 942 haec
3655 897 3801 960 quae
3839 896 3945 939 no-

2458 983 2596 1058 stiS‚
2630 990 2750 1045 ete.
2786 980 3091 1045 Omnibus
3132 980 3303 1043 enim
3346 979 3619 1042 faciliter
3652 986 3945 1041 constare

2463 1090 2689 1164 potest,
2723 1082 2895 1162 quod
2927 1081 3088 1144 Deus
3119 1081 3200 1141 sit
3240 1079 3305 1141 in
3339 1079 3512 1141 omni
3553 1076 3947 1160 perfectione

2458 1180 2830 1244 altissimus,
2864 1180 2975 1242 Vel
3006 1180 3122 1242 101)
3152 1179 3434 1261 loquitur
3472 1196 3599 1240 non
3636 1176 3719 1239 de
3748 1176 3946 1239 omni-

2460 1280 2580 1343 bus
2612 1280 2923 1355 absolute,
2952 1280 3061 1341 sed
3092 1280 3171 1341 de
3200 1277 3497 1341 omnibus
3527 1274 3943 1358 disputationi

2459 1379 2608 1441 huic
2641 1377 3081 1459 praesentibus.

2542 1480 2669 1547 Qui
2696 1478 3033 1537 deridetur
3062 1478 3141 1536 ab
3170 1477 3375 1535 amico
3401 1495 3540 1544 suo,
3568 1475 3737 1533 sieut
3774 1492 3883 1549 eqo
3912 1492 3948 1533 a

2462 1575 2640 1638 vobis
2680 1575 2884 1637 tribus
2934 1574 3093 1637 meis
3139 1574 3363 1637 amieis
3406 1572 3720 1647 derideor,
3762 1570 3947 1651 quasi

2462 1675 2582 1736 ista
2611 1674 2895 1754 ignorem
2926 1693 3070 1754 quae
3090 1671 3385 1736 omnibus
3417 1680 3655 1753 patent,
3674 1678 3738 1732 et
3764 1668 3950 1750 quasi

2460 1773 2695 1836 divinae
2724 1771 2985 1853 justitiae
3014 1772 3333 1849 derogem,
3366 1771 3687 1830 invocabit
3715 1772 3951 1835 Deum,

861 1869 940 1931 do
973 1870 1110 1949 ejus
1143 1870 1542 1951 sapientiam,
1569 1869 1942 1952 potentiam,
1967 1870 2345 1950 aequitatem,
2387 1871 2433 1932 B
2464 1880 2531 1933 ut
2565 1871 2689 1933 sibi
2721 1871 3067 1933 clementer
3098 1870 3381 1945 adsistat,
3409 1877 3471 1931 et
3500 1887 3580 1929 ne
3608 1886 3724 1949 per
3752 1866 3954 1948 impa-

860 1976 930 2029 ut
960 1986 1072 2049 per
1103 1968 1221 2030 hoc
1257 1986 1476 2030 eorum
1515 1987 1704 2031 causa
1743 1968 1973 2030 rectior
2002 1970 2346 2032 videretur.

862 2067 1170 2143 Secundo,
1209 2066 1358 2129 talia
1402 2068 1696 2148 dogmata
1735 2067 1812 2128 ad
1854 2069 2145 2148 quaedam
2194 2067 2352 2129 falsa

861 2164 1286 2247 applicabant,
1339 2164 1508 2247 quod
1568 2166 1812 2228 scilicet
1873 2174 2132 2248 propter
2175 2165 2354 2247 justi-

863 2264 1014 2325 tiam
1067 2263 1358 2326 homines
1415 2265 1852 2346 temporaliter
1907 2283 2354 2347 prosperaren-

864 2371 987 2438 tur,
1022 2370 1084 2425 et
1127 2369 1386 2443 propter
1424 2371 1680 2444 peccata
1721 2363 1826 2427 hic
1869 2363 2348 2425 tribularentur.

864 2460 1096 2537 Tertio,
1131 2478 1205 2523 ex
1237 2460 1336 2521 his
1377 2461 1838 2541 redarguebant
1866 2461 1981 2524 101)
2021 2462 2205 2542 quasi
2238 2462 2353 2524 ini-

861 2578 1085 2641 quum,
1117 2578 1192 2621 eo
1223 2560 1394 2640 quod
1429 2558 1552 2620 fuit
1583 2567 1708 2621 tam
1742 2559 1878 2622 dire
1908 2579 2269 2641 percussus,

943 2661 1030 2719 Ec
1063 2660 1228 2717 milei
1265 2668 1354 2718 est
1385 2678 1517 2728 cor,
1548 2658 1609 2719 id
1643 2667 1738 2720 est
1772 2658 2154 2736 intellectus,
2188 2662 2353 2720 sieut

867 2760 1076 2817 vobis:
1096 2755 1237 2818 ideo
1267 2774 1381 2819 vos
1411 2755 1530 2817 soli
1565 2775 1692 2818 non
1725 2756 1876 2819 estis
1908 2757 2221 2834 homineS,
2244 2758 2353 2819 sed

864 2855 1055 2917 etiam
1097 2872 1234 2934 egO.
1271 2856 1404 2916 Nec
1433 2856 1714 2931 inferior
1751 2859 1946 2916 vestri
1983 2877 2128 2917 sum
2168 2856 2231 2917 in
2266 2856 2357 2918 di·

865 2952 1158 3017 vinorum
1210 2953 1456 3030 notitia,
1511 2953 1575 3014 in
1626 2954 1860 3017 virtute
1907 2964 1968 3019 et
2015 2956 2167 3017 vita.
2219 2955 2355 3017 Non

2463 1970 2755 2032 tientiam
2786 1969 2988 2032 cadat.
3022 1968 3137 2042 Qui
3178 1968 3347 2031 enim
3391 1988 3457 2030 se
3498 1965 3815 2048 conspicit
3846 1966 3955 2027 de-

2463 2070 2647 2151 spici,
2698 2069 2882 2150 quasi
2934 2067 3290 2150 impellitur
3333 2075 3402 2128 ut
3438 2067 3517 2128 ad
3560 2066 3755 2127 Deum
3803 2082 3953 2127 con-

2465 2169 2689 2248 fugiat,
2741 2168 2853 2248 qui
2900 2175 3271 2230 moestorum
3322 2173 3385 2228 et
3430 2162 3827 2226 afflictorum
3876 2182 3951 2224 ac

2462 2286 2811 2351 pauperum
2863 2274 2958 2327 est
3005 2264 3637 2327 misericordissimus
3680 2261 3951 2344 patroci-

2462 2374 2665 2441 nator,
2706 2364 3239 2445 quemadmodum
3280 2362 3587 2443 scriptum
3627 2370 3724 2422 est
3756 2378 3771 2421 :
3807 2359 3949 2421 Tibi
4006 2383 4238 2427 Panas.

2462 2464 2802 2527 derelictus
2834 2472 2929 2525 est
2958 2481 3239 2545 pauper3
3272 2462 3558 2542 orphano
3592 2468 3661 2522 tu
3692 2460 3819 2521 eris
3848 2459 3953 2521 ad-

2462 2565 2656 2645 jutor.
2699 2563 2774 2623 Et
2812 2562 2982 2643 quod
3034 2561 3142 2637 ait,
3184 2558 3511 2623 luvocabit
3560 2558 3776 2633 Deum,
3822 2576 3949 2620 non

2465 2662 2749 2743 loquitur
2778 2660 3139 2735 asserendo,
3174 2658 3353 2739 quasi
3387 2676 3605 2720 omnes
3633 2656 3829 2719 derisi
3860 2658 3954 2719 sic

2467 2761 2726 2836 faciant,
2768 2778 2967 2840 quum
3018 2758 3203 2819 multi
3257 2756 3411 2819 tales
3461 2775 3573 2838 per
3624 2754 3957 2836 impatien-

2468 2862 2618 2923 tiam
2666 2859 3080 2937 indignentur
3119 2865 3181 2919 et
3221 2857 3597 2918 irascantur.
3640 2854 3759 2917 Sed
3800 2854 3957 2917 dicit

2466 2959 2586 3022 hoc
2617 2956 3007 3021 exhortando
3038 2974 3150 3017 seu
3190 2954 3601 3029 consulendo,
3636 2962 3707 3014 ut
3745 2954 3839 3015 sic
3870 2951 3959 3013 fa-

866 3060 1370 3136 praesumptuose
1420 3054 1540 3116 hoc
1587 3054 1697 3129 ait,
1746 3055 1854 3117 sed
1895 3054 2028 3117 zelo
2067 3054 2356 3117 veritatis
2392 3052 2434 3114 C
2466 3058 2659 3120 ciant.
2692 3055 2824 3129 Quo
2857 3055 3025 3117 enim
3069 3054 3359 3117 videmus
3404 3052 3587 3115 nobis
3626 3052 3813 3135 plura
3849 3062 3960 3115 aut

867 3171 942 3214 ex
986 3150 1268 3227 caritate,
1316 3160 1384 3213 ut
1434 3152 1782 3215 amicorum
1834 3153 2139 3235 exstirpet.
2188 3172 2357 3215 erro-

867 3269 1014 3322 rem,
1037 3249 1464 3331 reprimatque
1482 3251 1862 3331 jactantiam.
1878 3251 2158 3315 Virtuosi
2190 3252 2357 3315 enim

867 3368 984 3411 sua
1015 3348 1328 3411 interdum
1374 3349 1538 3411 bona
1578 3358 2078 3413 commemorant
2116 3352 2194 3413 ad
2226 3352 2359 3433 glo-

869 3448 1028 3509 riam
1077 3447 1209 3523 Dci,
1265 3447 1731 3529 utilitatemque
1790 3448 2086 3530 proximi.
2143 3449 2247 3512 Sic
2296 3458 2359 3512 et

865 3545 1095 3608 Paulus
1127 3545 1214 3607 ait
1236 3545 1402 3608 :Non
1435 3546 1706 3609 arbitror
1737 3565 1838 3609 me
1868 3547 2112 3627 aliquid
2144 3548 2357 3609 minus

869 3644 1099 3707 fecisse
1131 3663 1167 3705 a
1195 3644 1442 3724 magnis
1474 3644 1812 3727 ApostoliS.
1848 3645 2128 3727 Itemque
2166 3664 2179 3707 :
2213 3646 2357 3708 Plus

869 3741 1166 3805 omnibus
1217 3740 1536 3804 laboravi..
1571 3742 1769 3805 David
1815 3762 2071 3824 quoque
2118 3744 2360 3825 absque

871 3840 1172 3923 superbia
1218 3840 1377 3902 dixit
1426 3841 1506 3902 ad
1556 3842 1888 3904 Dominum
1927 3860 1940 3903 :
1979 3842 2208 3905 Fecisti
2258 3862 2359 3905 me

871 3940 1282 4024 spectabilem
1318 3959 1447 4022 prae
1486 3940 1732 4002 cunctis
1767 3941 2132 4003 hominibus
2170 3961 2361 4023 super

871 4049 1126 4103 terram.
1180 4040 1308 4101 lmo
1354 4039 1471 4101 Job
1519 4040 1712 4101 verba
1759 4040 1892 4103 haec
1943 4060 2086 4103 cum
2131 4059 2361 4121 magna

872 4139 1139 4222 protulit-
1159 4138 1561 4214 discretione,
1588 4138 1838 4201 dicente
1858 4138 2157 4219 Gregorio
2178 4139 2361 4213 :Quis

2472 3155 2737 3218 fortiora
2788 3153 3091 3236 peccandi
3138 3152 3547 3214 incitamenta
3598 3170 3952 3223 occurrere,

2469 3273 2543 3316 eo
2578 3252 2879 3315 seriosius
2910 3252 2986 3313 ad
3020 3251 3213 3314 Deum
3258 3249 3563 3313 debemus
3606 3269 3951 3325 recurrere,

2471 3353 2678 3435 ipsum
2714 3351 3076 3432 deposcere,
3113 3350 3179 3411 in
3220 3350 3359 3430 ejus
3398 3348 3791 3430 protectione
3821 3348 3959 3428 qui-

2468 3469 2703 3513 escere.

2548 3552 2634 3610 Ec
2661 3549 2967 3608 exaudiet
2994 3568 3141 3606 eum
3161 3568 3185 3606 .·
3204 3545 3357 3627 quia
3386 3553 3561 3607 tanta
3588 3552 3683 3607 est-
3712 3543 3960 3605 miseri-

2469 3648 2683 3710 cordia
2712 3644 3347 3727 superbenignissimi
3370 3642 3495 3719 Dei,
3514 3651 3585 3705 ut
3602 3661 3730 3723 quo
3750 3650 3959 3705 orator

2472 3747 2664 3809 fuerit
2715 3744 3093 3826 despectior,
3149 3742 3493 3819 infirmior,
3548 3742 3954 3821 indigentior,

2471 3865 2545 3908 eo
2576 3846 2720 3926 plus
2754 3844 3098 3907 inclinetur
3128 3842 3299 3904 hunc
3331 3841 3649 3904 exaudire.
3673 3841 3959 3922 Propter-

4276 2246 4278 2349 l

4276 2388 4278 2491 l

2472 3964 2546 4007 ea
2579 3944 2735 4006 dicit
2770 3962 2783 4005 :
2819 3943 3049 4005 Invoca
3086 3960 3187 4003 me
3227 3941 3293 4002 in
3336 3940 3442 4001 die
3482 3938 3953 4012 tribulationis;
3988 3972 4234 4019 amm„
4277 3928 4278 3935 ἵ

2472 4062 2687 4105 eruam
2721 4051 2799 4117 te,
2824 4049 2886 4104 et
2918 4039 3375 4103 honorificabis
3404 4058 3528 4102 me.
3556 4040 3811 4113 RursuS,
3835 4056 3961 4119 quo

2473 4142 2635 4204 Deus
2674 4140 2847 4203 videt
2887 4139 3209 4202 hominem
3257 4138 3401 4220 plus
3442 4137 3783 4211 contemni,
3820 4136 3962 4198 irri-

872 4238 1114 4300 nesciat
1142 4244 1448 4317 quantum
1479 4236 1644 4298 beati
1665 4237 1779 4299 Job
1799 4237 1930 4301 vita
1949 4246 2139 4319 atque
2168 4238 2364 4301 scien·
2395 4242 2445 4303 D
2473 4241 2631 4316 deri,
2658 4239 2957 4322 opprimi,
2995 4238 3261 4319 injurias
3292 4238 3445 4319 pati,
3480 4255 3556 4299 eo
3586 4236 3848 4318 pronior
3866 4245 3961 4299 est

872 4335 983 4411 tia,
1008 4334 1359 4397 amicorum
1389 4333 1529 4414 ejus
1561 4334 1754 4397 vitam
1788 4334 2249 4417 scientiamque
2270 4356 2366 4400 ex-

872 4434 1098 4495 cedat?
1131 4432 1247 4495 Sed
1287 4441 1358 4493 ut
1399 4450 1618 4493 eorum
1657 4433 2022 4514 superbiam
2063 4434 2357 4517 corrigat,

877 4530 1246 4593 inferiorem
1279 4550 1416 4592 esse
1450 4549 1517 4592 se
1548 4538 1755 4609 negat,
1782 4539 1843 4593 et
1875 4552 1954 4594 ne
1984 4532 2363 4595 humilitatis

875 4648 1006 4692 suae
1040 4628 1306 4691 limitem
1354 4637 1649 4705 transeat,
1686 4630 2078 4712 superiorem
2119 4650 2258 4694 esse
2298 4652 2365 4695 se

876 4736 1062 4790 tacet.
1098 4730 1257 4797 Quis
1282 4732 1456 4790 enim
1489 4730 1622 4791 hoec
1649 4751 1792 4808 qaoe
1821 4733 2042 4801 nosciS,
2065 4732 2367 4808 iffnorat?

875 4826 1098 4890 Nonne
1125 4826 1325 4889 multa
1360 4827 1485 4888 alta
1515 4845 1587 4889 ac
1618 4826 1923 4890 difficilia
1953 4829 2277 4893 sciverunt
2304 4839 2368 4892 et

877 4926 1280 5008 protulerunt
1309 4924 1493 4987 amici
1523 4924 1660 5003 Job,
1693 4945 1836 5007 quae
1867 4928 2225 4990 communis
2257 4928 2369 4992 ho-

874 5042 980 5087 mo
1023 5024 1316 5105 ignorat?
1359 5022 1435 5083 Et
1473 5024 2008 5105 respondendum,
2045 5028 2215 5106 quod
2254 5027 2368 5089 101)

877 5142 1004 5184 non
1038 5120 1312 5183 intendit
1350 5139 1652 5199 asserere,
1688 5123 1856 5203 quod
1892 5123 2107 5185 omnia
2146 5125 2367 5187 amicis

877 5220 1010 5282 suis
1041 5217 1295 5299 cognita
1326 5228 1538 5281 essent
1577 5228 1636 5281 et
1676 5219 1819 5281 aliis
1853 5220 2152 5283 omnibus
2195 5230 2365 5299 nota,

881 5318 989 5381 sed
1020 5316 1404 5399 principalia
1431 5317 1574 5395 ista,
1613 5336 1755 5398 quae
1783 5320 1912 5399 jam
1946 5318 2026 5381 de
2065 5320 2372 5383 excellen-

2475 4339 2531 4403 ei
2583 4357 2971 4413 succurrere,
3017 4338 3364 4400 secundum
3414 4336 3586 4418 quod
3634 4335 3769 4397 ait:
3804 4335 3959 4398 Cum
4007 4369 4238 4417 must„

2477 4439 2615 4521 ipso
2664 4456 2805 4499 sum
2854 4436 2919 4497 in
2972 4435 3422 4509 tribulatione3
3475 4434 3739 4516 eripiam
3787 4452 3957 4509 eum,

2476 4546 2538 4601 et.
2565 4536 2945 4617 glorificabo
2991 4554 3159 4598 eum.
3195 4535 3338 4597 Ideo
3369 4533 3524 4597 dicit
3560 4532 3899 4615 Gregorius
3942 4550 3957 4595 ε

2476 4636 2597 4699 Hos
2646 4634 2838 4715 elegit
2886 4635 3071 4701 Deus,
3126 4650 3286 4714 quos
3338 4632 3608 4715 despicit
3661 4632 3959 4694 mundus,

4277 4196 4278 4291 l

4276 4430 4278 4499 ι

2475 4736 2605 4797 Imo
2647 4734 2783 4815 ipse
2812 4732 3149 4815 Apostolus
3182 4730 3390 4794 fassus
3420 4739 3515 4794 est
3546 4748 3561 4793 t
3592 4730 3739 4805 Quae
3771 4729 3966 4791 stulta
4008 4760 4239 4807 mom&
4277 4780 4278 4809 Ξ

2478 4840 2627 4893 sunt
2662 4830 2931 4913 (inquit)
2975 4830 3222 4907 mundi,
3264 4829 3455 4910 elegit
3493 4830 3676 4901 DeuS,
3708 4837 3780 4891 ut
3816 4846 3967 4891 con·
3996 4824 4062 4865 ²⁸·

2480 4929 2707 4992 fundat
2736 4930 3059 5012 sapientes
3080 4952 3096 5003 3
3122 4937 3185 4992 et
3216 4926 3479 4989 infirma
3500 4928 3721 4990 mundi
3742 4935 3803 4989 et
3824 4946 3968 4991 con-

2478 5027 2864 5109 temptibilia
2895 5027 3089 5108 elegit
3117 5028 3303 5090 Deus,
3329 5026 3635 5108 Denique,
3662 5025 3770 5088 ubi
3791 5026 3968 5089 deest

2479 5126 2787 5189 auxilium
2820 5126 3173 5201 hominum,
3200 5124 3530 5207 potissime
3560 5123 3719 5187 solet
3748 5125 3971 5187 adesse

2479 5224 2795 5296 divinum,
2816 5223 3168 5306 praesertim
3200 5223 3252 5284 si
3284 5222 3563 5285 fideliter
3592 5230 3655 5284 et
3682 5230 3973 5284 constan·

2456 5330 2578 5384 ⁵ter
2605 5329 2945 5403 quaeratur,
2980 5322 3233 5385 dicente
3265 5320 3598 5383 Psalmista
3622 5339 3635 5382 :
3660 5320 3971 5394 Quoniam
4000 5342 4241 5392 euntia
