4309 6259
1203 523 1552 570 maniano
1595 525 1656 570 IN
1700 525 1835 571 CAP-
1873 525 1962 571 xn
2000 525 2126 572 1013.
2172 545 2253 557 -
2291 528 2434 574 ΛΒΤ.
2480 528 2632 575 XXIX

3338 508 3457 571 475

358 700 829 773 persequente3
869 692 1080 773 justus
1119 698 1190 753 ut
1227 691 1327 754 leo
1367 690 1663 755 considit.
1699 692 1859 755 Hinc
1887 693 1937 754 A
1968 692 2265 756 minatim
2304 714 2456 758 vero
2503 714 2629 759 non
2682 696 3051 759 invocamus
3094 695 3454 770 defunetOS,

355 790 732 853 Aristoteles
750 791 860 868 ait,
885 792 1058 872 quod
1093 791 1378 853 melioris
1409 798 1560 853 sunt
1580 791 1714 873 spei
1745 792 1858 873 qui

357 889 522 952 bene
553 909 624 952 se
655 889 894 953 habent
925 889 992 951 in
1024 889 1287 953 diviniS.
1323 890 1400 951 Et
1435 890 1734 953 Jeremias
1767 890 1860 952 fa-

95 1000 327 1045 leras-1¹³.
358 996 528 1051 tetur
561 1006 576 1051 ε
613 988 992 1051 Benedictus
1021 988 1135 1069 qui
1165 974 1438 1052 confidit
1469 989 1534 1050 in
1564 988 1853 1067 Domino,

355 1094 416 1148 et
456 1085 582 1148 erit
623 1086 930 1151 Dominus
971 1086 1216 1149 fiducia
1253 1087 1415 1168 ejus.

439 1188 521 1246 Ec
569 1188 862 1262 defossus
907 1206 1168 1245 securus
1213 1188 1492 1245 dormies
1538 1185 1858 1250 obdormi-

355 1285 530 1349 tione
573 1286 812 1347 mentis
851 1284 918 1346 in
965 1286 1092 1347 Deo
1130 1303 1243 1366 per
1293 1284 1664 1348 fruitionem
1712 1286 1856 1349 bea-

352 1380 600 1444 tificam
643 1382 808 1463 ejuS.
843 1382 984 1445 Haec
1014 1380 1316 1444 dormitio
1350 1388 1446 1444 est
1483 1382 1767 1464 perfecta
1795 1390 1856 1446 et

351 1481 636 1563 gloriosa
665 1480 900 1543 mentis
932 1479 998 1541 in
1031 1481 1156 1543 Deo
1186 1480 1498 1562 pausatio,
1533 1489 1858 1544 contenta-

352 1581 468 1658 tio,
519 1579 854 1661 quietatio.
889 1582 1264 1659 Requiesces
1307 1579 1522 1660 quiete
1563 1580 1746 1643 beata
1792 1579 1856 1642 in

351 1678 584 1760 patria,
621 1686 935 1761 quantum
986 1680 1066 1740 ad
1109 1678 1414 1755 animam,
1447 1697 1680 1761 corpus
1709 1700 1859 1744 vero

353 1777 616 1839 interim
656 1776 1012 1857 requiescet
1043 1776 1110 1838 in
1144 1786 1557 1840 monumento
1593 1794 1606 1839 τ
1641 1796 1862 1859 quem-

1969 792 2094 854 nisi
2124 811 2287 873 quos
2329 794 2727 859 canonizavit
2756 794 3039 857 Ecclesia
3073 813 3087 857 ε
3124 794 3248 857 nisi
3294 793 3458 856 sorte

1969 892 2095 954 Deo
2126 891 2470 967 revelante,
2508 892 2766 956 aliunde
2796 902 3043 957 constet
3072 912 3210 956 esse
3239 892 3459 955 beatos

1968 998 2031 1052 et
2071 990 2136 1051 in
2179 990 2385 1072 patria
2424 1000 2778 1055 coronatos,

2038 1091 2225 1151 Oculi
2245 1100 2461 1151 autem
2489 1091 2842 1168 impiorum
2862 1093 3159 1167 deficient
3182 1090 3263 1153 ab
3296 1089 3459 1151 intu-

1970 1186 2168 1250 itione
2196 1187 2414 1267 gloriae
2441 1186 2569 1263 Dei,
2589 1189 3123 1269 quemadmodum
3154 1188 3458 1271 scriptum

1971 1294 2067 1349 est
2113 1304 2126 1347 τ
2178 1286 2462 1349 Tollatur
2515 1286 2751 1369 impius
2802 1306 2883 1350 ne
2934 1288 3141 1350 videat
3188 1287 3454 1368 gloriam
3487 1305 3749 1357 ammo.

1970 1384 2103 1447 Dei.
2138 1383 2451 1448 Deficient
2480 1404 2734 1467 quoque
2760 1386 2931 1449 oculi
2964 1386 3215 1449 illorum
3249 1386 3459 1449 interi-

1971 1483 2453 1564 oreS,quoniam
2484 1482 2763 1547 tenebris
2792 1482 3024 1547 erroris
3049 1493 3237 1546 erunt
3267 1485 3460 1567 reple-

1970 1582 2042 1658 ti,
2081 1582 2170 1644 ita
2203 1590 2273 1643 ut
2300 1583 2494 1644 Deum
2539 1582 2604 1643 in
2645 1590 2953 1645 aeternum
2990 1582 3455 1664 blasphement,

1972 1681 2415 1761 injustumque
2448 1689 2762 1764 reputent.
2790 1681 3103 1745 Deficient
3134 1682 3324 1745 etiam
3358 1682 3463 1744 tri·

1973 1779 2094 1841 stia
2142 1778 2380 1860 jugiter
2424 1780 2753 1857 intuend0,
2800 1779 3097 1843 videlieet
3144 1781 3461 1843 daemones

351 1876 704 1939 admodum
736 1874 1018 1939 breviter
1055 1883 1118 1937 et
1155 1875 1430 1938 dulciter
1470 1875 1670 1955 tangit
1698 1876 1861 1940 Psal-
1898 1877 1943 1939 B
1972 1878 2038 1939 in
2072 1877 2350 1940 inferno.
2384 1876 2564 1940 Oculi
2600 1887 2808 1941 autem
2844 1896 3057 1940 eorum
3094 1878 3456 1955 exteriores,

123 1992 324 2039 mana.
355 1974 572 2051 mista,
621 1974 690 2036 ln
743 1992 900 2055 pace
947 1974 1015 2036 in
1063 1973 1127 2035 id
1177 1974 1388 2055 ipsum
1439 1974 1748 2038 dormiam
1799 1985 1862 2039 et

357 2074 786 2155 requiescam.
823 2072 982 2136 Hinc
1019 2072 1078 2135 S.
1111 2072 1448 2135 Cassianus
1493 2093 1531 2136 a
1574 2072 1861 2137 beatissi—

353 2190 466 2235 mo
493 2171 814 2234 Germano
841 2171 1144 2253 episeopo
1163 2172 1243 2233 ad
1266 2171 1470 2253 ipsius
1493 2173 1858 2254 sepulerum

354 2288 698 2353 progresso
732 2269 1179 2350 interrogatuS,
1213 2268 1372 2344 Quid
1406 2270 1562 2351 agiS,
1596 2290 1634 2335 o
1666 2271 1861 2335 frater

351 2369 675 2445 Cassiam,
703 2368 1066 2451 respondit:
1090 2368 1268 2430 Dulci
1299 2387 1522 2432 somno
1542 2368 1854 2451 perfruor,

351 2476 415 2530 et
457 2468 808 2531 adventum
851 2468 1195 2532 Salvatoris
1241 2488 1502 2532 securus
1540 2480 1856 2552 exspecto.

353 2570 440 2629 Ec
487 2570 1012 2647 deprecabuntur
1053 2570 1292 2645 faciem
1337 2579 1517 2629 tuam
1545 2573 1854 2647 plurimi.

351 2663 650 2728 Viatores
680 2665 854 2728 enim
895 2665 1322 2728 communiter
1351 2666 1682 2730 Beatorum
1721 2668 1861 2731 sub-

351 2762 522 2826 sidia
555 2762 858 2843 flagitant
888 2764 1115 2827 saltem
1157 2763 1222 2826 in
1262 2765 1566 2844 generali,
1603 2765 1755 2847 quia
1797 2775 1860 2829 et

351 2882 485 2926 una
515 2872 614 2927 est
644 2864 964 2944 generalis
985 2863 1356 2927 Sanctorum
1390 2864 1728 2928 festivitas.
1749 2867 1859 2929 No-

1968 1976 2381 2039 moestissima
2409 1975 2736 2039 habebunt
2761 1976 3011 2058 objecta
3040 1975 3461 2041 ineffabiliter

1969 2074 2288 2138 afflictiva
2323 2092 2337 2137 ε
2372 2076 2501 2138 imo
2533 2075 2777 2158 proprii
2808 2075 3091 2157 eorporis
3130 2075 3458 2157 turpitudo

1968 2175 2090 2237 erit
2118 2175 2211 2238 eis
2242 2174 2579 2237 horrenda.
2617 2174 2774 2237 Hinc
2804 2174 2993 2237 isaias
3026 2174 3260 2238 fatetur
3294 2193 3307 2237 ε
3344 2176 3459 2239 Do-
3512 2194 3635 2240 ιῡεα.
3658 2196 3724 2238 ιι.

1969 2273 2163 2351 mine,
2192 2273 2500 2337 exaltetur
2528 2292 2755 2336 manus
2786 2282 2894 2335 tua
2927 2281 2995 2335 ut
3028 2291 3154 2336 non
3176 2273 3452 2339 videant.

1967 2374 2060 2435 Ad
2100 2373 2273 2455 quod
2314 2373 2475 2435 Deus
2516 2372 2857 2454 respondet
2894 2372 3152 2449 sanetiS‚
3190 2373 3325 2436 zelo
3358 2374 3459 2455 ju-

1970 2470 2161 2534 stitiae
2193 2471 2352 2533 illud
2384 2470 2746 2552 petentibus
2771 2488 2785 2532 :
2808 2470 3092 2546 Videant,
3112 2478 3173 2534 et
3197 2470 3457 2535 confun-
3523 2498 3711 2543 morem.

1969 2572 2202 2633 dantur
2234 2569 2510 2633 zelantes
2546 2570 2791 2652 populi.
2822 2569 3001 2632 Unde
3044 2570 3260 2633 Daniel
3302 2570 3457 2634 dicit

1967 2672 2046 2733 de
2089 2669 2348 2750 injustis
2394 2687 2408 2730 :
2453 2668 2863 2749 Evigilabunt
2906 2668 2973 2730 in
3015 2670 3451 2751 opprobrium,
3486 2686 3739 2735 namma

1969 2777 2039 2831 ut
2095 2768 2355 2833 videant
2413 2786 2685 2850 semper,
2746 2768 2915 2830 haud
2974 2766 3239 2830 dubium
3296 2768 3454 2850 quin

1968 2887 2112 2930 suas
2155 2866 2466 2929 miserias

1398 3292 2050 3378 ARTICULUS
2125 3294 2418 3378 XXIX

801 3565 1180 3611 DECLARATIO
1223 3566 1501 3611 CAPITULI
1541 3566 1868 3613 nuonsscun
1912 3568 1928 3611 t
1975 3567 2367 3613 RESPONDENS
2412 3568 2615 3613 AUTEM
2656 3568 2782 3629 1013,
2831 3569 3015 3615 DleT.

497 3844 1046 3907 ESPONDENS
1073 3853 1290 3904 autem
1317 3846 1459 3913 Job,
1487 3844 1665 3905 dixit
1696 3866 1717 3903 .·
1745 3845 1863 3905 Er·
1891 3841 1934 3904 C
1969 3851 2093 3921 tur,
2131 3846 2241 3907 sed
2274 3853 2485 3908 manet
2517 3845 2583 3907 in
2606 3845 2817 3909 anima
2847 3846 3213 3925 immortali,
3236 3868 3459 3930 quam-

507 3962 594 4019 ρο
637 3962 746 4001 vos
781 3944 906 4001 soli
941 3944 1090 4003 escis
1126 3944 1415 4003 homines
1437 3944 1468 4002 ἕ
1494 3941 1607 4004 Job
1653 3942 1860 4006 sciens

349 4048 480 4103 tres
513 4057 668 4101 suos
697 4038 935 4102 amicos
965 4047 1186 4102 contra
1218 4060 1286 4102 se
1328 4040 1734 4117 concordare,
1772 4061 1862 4104 re-

347 4137 733 4221 spondendo
766 4137 832 4199 in
866 4138 1060 4220 hujus
1093 4138 1358 4221 capituli
1390 4138 1710 4221 principio
1734 4140 1856 4221 ipsi

347 4236 622 4320 Sophar,
658 4254 884 4299 omnes
926 4245 1053 4299 tres
1095 4237 1334 4319 pariter
1373 4246 1564 4319 atque
1604 4238 1860 4319 aequali-

349 4344 444 4399 ter
487 4334 813 4416 reprobat,
858 4335 1078 4398 dicens
1115 4354 1128 4397 ε
1163 4336 1326 4415 Ergo
1368 4354 1481 4399 vos
1533 4336 1651 4399 soli
1704 4336 1857 4398 estis

345 4433 697 4497 homines‘l
750 4432 814 4496 id
866 4442 984 4511 est,
1038 4442 1166 4496 tam
1218 4434 1538 4516 sapientes
1584 4435 1737 4497 estis
1790 4436 1856 4497 in

345 4531 562 4596 oeulis
607 4532 859 4607 vestriS,
899 4540 1156 4613 tamque
1196 4532 1511 4613 jactanter
1557 4532 1858 4613 loquimi-

346 4630 438 4707 ni,
470 4629 664 4712 quasi
695 4630 893 4692 eeteri
923 4629 1216 4693 homines
1247 4630 1722 4711 comparatione
1754 4651 1858 4695 ve-

345 4729 464 4790 stri
518 4726 712 4790 bruta
757 4727 1203 4805 consisterent,
1249 4728 1560 4810 vobisque
1609 4736 1854 4792 tantum

345 4827 590 4891 veritas
633 4833 801 4890 esset
845 4836 1017 4889 nota.
1058 4830 1146 4889 Ec
1180 4830 1498 4888 vobiscum
1543 4831 1856 4890 morietur

342 4927 680 5003 sapientia
701 4930 734 4987 ἓ
761 4924 916 5005 quia
950 4924 1006 4987 si
1046 4944 1160 4989 vos
1199 4925 1319 4988 soli
1350 4924 1502 4988 estis
1535 4926 1849 5003 homineS,

1969 3942 2065 4006 vis
2125 3942 2291 4006 forte
2342 3944 2407 4006 in
2466 3943 2780 4006 damnatis
2829 3943 2939 4006 diu
3001 3964 3126 4009 non
3180 3955 3452 4009 maneat.

1967 4041 2090 4104 Nec
2149 4041 2358 4104 obstat
2414 4042 2571 4105 illud
2620 4042 2935 4124 Apostoli,
2990 4044 3135 4107 Sive
3193 4045 3459 4108 scientia
3514 4067 3746 4117 {Cor-‚sun

1967 4141 2351 4203 destruetur.
2386 4142 2520 4204 Non
2562 4141 2731 4204 enim
2785 4141 3164 4223 intelligitur
3211 4144 3331 4207 hoc
3380 4144 3457 4207 de
3487 4132 3529 4171 ⁸·

1966 4238 2401 4301 destructione
2434 4239 2689 4302 habitus
2720 4240 3089 4317 scientialiS,
3116 4250 3225 4309 aut
3255 4242 3460 4324 cujus-

1968 4336 2121 4399 libet
2152 4346 2331 4400 actus
2361 4338 2524 4419 ejuS‚
2560 4340 2668 4401 sed
2702 4341 2781 4402 de
2808 4340 2997 4403 modo
3032 4341 3298 4413 sciendi.
3332 4342 3462 4405 Ali-

1965 4435 2079 4515 qui
2128 4443 2335 4498 textus
2382 4436 2641 4513 habent,
2686 4437 2979 4514 Moratur,
3025 4439 3146 4517 vel,
3190 4439 3462 4503 Moretur

1965 4535 2320 4616 sapientia:
2346 4543 2409 4597 et
2440 4544 2592 4598 tunc
2626 4536 3077 4617 interrogative
3098 4540 3456 4620 exponitur,

1968 4639 2036 4693 ut
2067 4632 2149 4693 sit
2180 4651 2405 4695 sensus
2432 4650 2445 4694 ε
2470 4634 2564 4694 An
2598 4633 2926 4696 vobiscum
2958 4644 3173 4699 manet
3204 4657 3315 4700 seu
3335 4658 3461 4701 ma-

1965 4740 2113 4793 neat
2153 4730 2487 4813 sapientia,
2523 4750 2667 4812 quae
2707 4741 2804 4794 est
2841 4733 3204 4797 divinorum
3246 4736 3460 4816 cogni-

1965 4829 2099 4891 tio?
2130 4830 2207 4891 Et
2245 4829 2520 4892 intendit
2555 4831 2726 4911 quod
2767 4849 2918 4894 non.
2950 4831 3127 4894 Unde
3168 4832 3339 4895 infra
3376 4842 3459 4897 te·

1963 4936 2178 5002 statur,
2198 4928 2376 4991 Absit
2397 4937 2465 4990 ut
2485 4928 2795 5011 sapientes
2818 4949 2927 4994 vos
2951 4938 3233 5013 reputem
3258 4935 3457 5014 :quod
3520 4960 3605 5003 μοι,
3625 4974 3751 5011 mn,

344 5022 646 5105 sequitur
668 5024 843 5104 quod
873 5022 1296 5086 morientibus
1326 5024 1530 5100 vobiS,
1558 5043 1686 5087 non
1719 5044 1856 5107 per·
1886 5031 1936 5092 D
1965 5026 2453 5107 intelligendum
2486 5027 2743 5090 videtur
2775 5029 2853 5091 de
2884 5028 3198 5109 sapientia
3228 5032 3459 5094 errori·
3487 5028 3528 5065 ⁵·

345 5120 639 5184 manebit
695 5121 1012 5202 sapientia
1063 5122 1128 5182 in
1189 5122 1308 5184 hoe
1363 5123 1624 5185 mundo.
1679 5124 1854 5187 Unde

1963 5124 2082 5186 bus
2133 5142 2260 5187 non
2314 5125 2643 5206 permixta.
2699 5125 2996 5199 Quamvis
3045 5127 3213 5189 enim
3265 5130 3454 5193 amici

343 5219 468 5282 hoc
501 5218 700 5283 verbo
728 5218 846 5281 Job
878 5237 1008 5281 non
1041 5219 1315 5282 intendit
1343 5240 1646 5297 asserere,
1680 5222 1851 5302 quod
1958 5222 2074 5285 Job
2116 5222 2358 5285 fuerint
2405 5222 2525 5284 viri
2578 5223 2925 5304 plurimum
2974 5225 3231 5303 eruditi,
3276 5236 3338 5289 et
3388 5229 3453 5291 in

344 5316 612 5381 homine
661 5317 1005 5394 moriente,
1059 5318 1197 5399 ejus
1247 5318 1560 5400 sapientia
1617 5319 1851 5383 moria-

1961 5320 2070 5383 Dei
2104 5320 2331 5384 notitia
2361 5320 2631 5402 quadam
2666 5320 2983 5399 instructi,
3004 5322 3208 5387 nihilo
3238 5324 3453 5392 minus
