<?xml version="1.0" encoding="UTF-8"?>
<!DOCTYPE html PUBLIC "-//W3C//DTD XHTML 1.0 Transitional//EN"
    "http://www.w3.org/TR/xhtml1/DTD/xhtml1-transitional.dtd">
<html xmlns="http://www.w3.org/1999/xhtml" xml:lang="en" lang="en">
 <head>
  <title>
</title>
<meta http-equiv="Content-Type" content="text/html;charset=utf-8" />
  <meta name='ocr-system' content='tesseract 3.04.00' />
  <meta name='ocr-capabilities' content='ocr_page ocr_carea ocr_par ocr_line ocrx_word'/>
</head>
<body>
  <div class='ocr_page' id='page_1' title='image "./doctorisecstati06unkngoog_0455.png"; bbox 0 0 4309 6259; ppageno 0'>
   <div class='ocr_carea' id='block_1_1' title="bbox 93 3726 141 3762">
    <p class='ocr_par' dir='ltr' id='par_1_1' title="bbox 93 3726 141 3762">
     <span class='ocr_line' id='line_1_1' title="bbox 93 3726 141 3762; baseline 0.021 -1"><span class='ocrx_word' id='word_1_1' title='bbox 93 3726 141 3762; x_wconf 73' lang='lat' dir='ltr'><strong>lt&#39;s.</strong></span> 
     </span>
    </p>
   </div>
   <div class='ocr_carea' id='block_1_2' title="bbox 1185 505 3436 571">
    <p class='ocr_par' dir='ltr' id='par_1_2' title="bbox 1185 505 3436 571">
     <span class='ocr_line' id='line_1_2' title="bbox 1185 505 3436 571; baseline -0 -3"><span class='ocrx_word' id='word_1_2' title='bbox 1185 521 1534 569; x_wconf 55' lang='lat' dir='ltr'><strong>mannum</strong></span> <span class='ocrx_word' id='word_1_3' title='bbox 1578 524 1639 569; x_wconf 79' lang='lat' dir='ltr'><strong>m</strong></span> <span class='ocrx_word' id='word_1_4' title='bbox 1681 524 1818 569; x_wconf 70' lang='lat' dir='ltr'><strong>cAP.</strong></span> <span class='ocrx_word' id='word_1_5' title='bbox 1856 524 1960 569; x_wconf 80' lang='lat' dir='ltr'><strong>vin</strong></span> <span class='ocrx_word' id='word_1_6' title='bbox 2001 524 2126 569; x_wconf 75' lang='lat' dir='ltr'><strong>soa.</strong></span> <span class='ocrx_word' id='word_1_7' title='bbox 2175 544 2255 553; x_wconf 97' lang='lat'><strong>—</strong></span> <span class='ocrx_word' id='word_1_8' title='bbox 2294 526 2437 571; x_wconf 72' lang='lat' dir='ltr'><strong>Aa&#39;r.</strong></span> <span class='ocrx_word' id='word_1_9' title='bbox 2483 526 2613 571; x_wconf 85' lang='lat' dir='ltr'><strong>xxu</strong></span> <span class='ocrx_word' id='word_1_10' title='bbox 3322 505 3436 568; x_wconf 75' lang='lat'><strong>421</strong></span> 
     </span>
    </p>
   </div>
   <div class='ocr_carea' id='block_1_3' title="bbox 1416 972 2391 1059">
    <p class='ocr_par' dir='ltr' id='par_1_3' title="bbox 1416 972 2391 1059">
     <span class='ocr_line' id='line_1_3' title="bbox 1416 972 2391 1059; baseline 0.004 -4"><span class='ocrx_word' id='word_1_11' title='bbox 1416 972 2062 1059; x_wconf 82' lang='lat' dir='ltr'><strong>ARTICULUS</strong></span> <span class='ocrx_word' id='word_1_12' title='bbox 2138 975 2391 1059; x_wconf 88' lang='lat' dir='ltr'>XXII</span> 
     </span>
    </p>
   </div>
   <div class='ocr_carea' id='block_1_4' title="bbox 1084 1272 2705 1324">
    <p class='ocr_par' dir='ltr' id='par_1_4' title="bbox 1084 1272 2705 1324">
     <span class='ocr_line' id='line_1_4' title="bbox 1084 1272 2705 1324; baseline 0.002 -5"><span class='ocrx_word' id='word_1_13' title='bbox 1084 1274 1346 1319; x_wconf 71' lang='lat' dir='ltr'><strong>MYs&#39;rch</strong></span> <span class='ocrx_word' id='word_1_14' title='bbox 1403 1272 1758 1319; x_wconf 79' lang='lat' dir='ltr'><strong>ELUGIDATIO</strong></span> <span class='ocrx_word' id='word_1_15' title='bbox 1815 1273 2079 1320; x_wconf 67' lang='lat' dir='ltr'>EIUSDEM</span> <span class='ocrx_word' id='word_1_16' title='bbox 2134 1276 2410 1322; x_wconf 82' lang='lat' dir='ltr'>CAPITULI</span> <span class='ocrx_word' id='word_1_17' title='bbox 2464 1277 2705 1324; x_wconf 73' lang='lat' dir='ltr'><strong>oc&#39;rAvt.</strong></span> 
     </span>
    </p>
   </div>
   <div class='ocr_carea' id='block_1_5' title="bbox 463 1539 3725 1677">
    <p class='ocr_par' dir='ltr' id='par_1_5' title="bbox 463 1539 3725 1677">
     <span class='ocr_line' id='line_1_5' title="bbox 463 1539 3725 1677; baseline 0.001 -35"><span class='ocrx_word' id='word_1_18' title='bbox 463 1580 654 1643; x_wconf 88' lang='lat' dir='ltr'><strong>lCUT</strong></span> <span class='ocrx_word' id='word_1_19' title='bbox 694 1578 1120 1661; x_wconf 69' lang='lat' dir='ltr'><strong>praehabitum</strong></span> <span class='ocrx_word' id='word_1_20' title='bbox 1157 1586 1275 1654; x_wconf 88' lang='lat' dir='ltr'><strong>est,</strong></span> <span class='ocrx_word' id='word_1_21' title='bbox 1315 1596 1426 1659; x_wconf 91' lang='lat' dir='ltr'><strong>per</strong></span> <span class='ocrx_word' id='word_1_22' title='bbox 1468 1575 1606 1653; x_wconf 90' lang='lat' dir='ltr'><strong>Job,</strong></span> <span class='ocrx_word' id='word_1_23' title='bbox 1648 1576 1839 1656; x_wconf 90' lang='lat' dir='ltr'><strong>quili-</strong></span> <span class='ocrx_word' id='word_1_24' title='bbox 1868 1575 1918 1637; x_wconf 89' lang='lat' dir='ltr'>A</span> <span class='ocrx_word' id='word_1_25' title='bbox 1953 1577 2412 1658; x_wconf 90' lang='lat' dir='ltr'><strong>prehensibilia</strong></span> <span class='ocrx_word' id='word_1_26' title='bbox 2458 1589 2608 1642; x_wconf 90' lang='lat' dir='ltr'><strong>sunt</strong></span> <span class='ocrx_word' id='word_1_27' title='bbox 2652 1581 2893 1662; x_wconf 88' lang='lat' dir='ltr'><strong>judicia</strong></span> <span class='ocrx_word' id='word_1_28' title='bbox 2938 1582 3070 1658; x_wconf 89' lang='lat' dir='ltr'><strong>Dei,</strong></span> <span class='ocrx_word' id='word_1_29' title='bbox 3117 1582 3433 1646; x_wconf 91' lang='lat' dir='ltr'><strong>interdum</strong></span> <span class='ocrx_word' id='word_1_30' title='bbox 3463 1539 3725 1677; x_wconf 39' lang='lat' dir='ltr'><strong>nodata-23.</strong></span> 
     </span>
    </p>
   </div>
   <div class='ocr_carea' id='block_1_6' title="bbox 335 1675 1841 2744">
    <p class='ocr_par' dir='ltr' id='par_1_6' title="bbox 335 1675 1841 2744">
     <span class='ocr_line' id='line_1_6' title="bbox 481 1675 1837 1758; baseline -0.001 -19"><span class='ocrx_word' id='word_1_31' title='bbox 481 1678 590 1741; x_wconf 89' lang='lat' dir='ltr'><strong>bet</strong></span> <span class='ocrx_word' id='word_1_32' title='bbox 619 1677 930 1742; x_wconf 82' lang='lat' dir='ltr'><strong>veraciter</strong></span> <span class='ocrx_word' id='word_1_33' title='bbox 966 1678 1174 1758; x_wconf 89' lang='lat' dir='ltr'><strong>justus</strong></span> <span class='ocrx_word' id='word_1_34' title='bbox 1215 1684 1279 1738; x_wconf 90' lang='lat' dir='ltr'><strong>et</strong></span> <span class='ocrx_word' id='word_1_35' title='bbox 1316 1675 1837 1738; x_wconf 75' lang='lat' dir='ltr'><strong>tribulationibus</strong></span> 
     </span>
     <span class='ocr_line' id='line_1_7' title="bbox 339 1774 1833 1858; baseline -0.002 -20"><span class='ocrx_word' id='word_1_36' title='bbox 339 1776 570 1858; x_wconf 88' lang='lat' dir='ltr'><strong>plenus</strong></span> <span class='ocrx_word' id='word_1_37' title='bbox 602 1776 924 1856; x_wconf 84' lang='lat' dir='ltr'><strong>signatur3</strong></span> <span class='ocrx_word' id='word_1_38' title='bbox 954 1794 1066 1856; x_wconf 91' lang='lat' dir='ltr'><strong>per</strong></span> <span class='ocrx_word' id='word_1_39' title='bbox 1095 1774 1334 1838; x_wconf 88' lang='lat' dir='ltr'><strong>amicos</strong></span> <span class='ocrx_word' id='word_1_40' title='bbox 1363 1782 1576 1837; x_wconf 86' lang='lat' dir='ltr'><strong>autem</strong></span> <span class='ocrx_word' id='word_1_41' title='bbox 1610 1774 1833 1857; x_wconf 89' lang='lat' dir='ltr'><strong>ipsius,</strong></span> 
     </span>
     <span class='ocr_line' id='line_1_8' title="bbox 341 1873 1838 1955; baseline -0.001 -20"><span class='ocrx_word' id='word_1_42' title='bbox 341 1874 494 1938; x_wconf 86' lang='lat' dir='ltr'><strong>ficte</strong></span> <span class='ocrx_word' id='word_1_43' title='bbox 544 1874 816 1938; x_wconf 83' lang='lat' dir='ltr'><strong>virtuosi</strong></span> <span class='ocrx_word' id='word_1_44' title='bbox 857 1882 920 1937; x_wconf 91' lang='lat' dir='ltr'><strong>et</strong></span> <span class='ocrx_word' id='word_1_45' title='bbox 967 1874 1286 1955; x_wconf 88' lang='lat' dir='ltr'><strong>sapientes</strong></span> <span class='ocrx_word' id='word_1_46' title='bbox 1337 1873 1403 1935; x_wconf 92' lang='lat' dir='ltr'><strong>in</strong></span> <span class='ocrx_word' id='word_1_47' title='bbox 1443 1873 1645 1937; x_wconf 88' lang='lat' dir='ltr'><strong>oculis</strong></span> <span class='ocrx_word' id='word_1_48' title='bbox 1695 1892 1838 1955; x_wconf 89' lang='lat' dir='ltr'><strong>pro-</strong></span> 
     </span>
     <span class='ocr_line' id='line_1_9' title="bbox 337 1972 1835 2057; baseline 0.001 -23"><span class='ocrx_word' id='word_1_49' title='bbox 337 1973 498 2057; x_wconf 87' lang='lat' dir='ltr'><strong>priis</strong></span> <span class='ocrx_word' id='word_1_50' title='bbox 528 1973 1000 2055; x_wconf 87' lang='lat' dir='ltr'><strong>exprimuntur.</strong></span> <span class='ocrx_word' id='word_1_51' title='bbox 1025 1972 1194 2033; x_wconf 89' lang='lat' dir='ltr'><strong>Talis</strong></span> <span class='ocrx_word' id='word_1_52' title='bbox 1233 1990 1382 2052; x_wconf 88' lang='lat' dir='ltr'><strong>ergo</strong></span> <span class='ocrx_word' id='word_1_53' title='bbox 1420 1972 1835 2053; x_wconf 80' lang='lat' dir='ltr'><strong>quicumque,</strong></span> 
     </span>
     <span class='ocr_line' id='line_1_10' title="bbox 337 2068 1840 2146; baseline -0.003 -11"><span class='ocrx_word' id='word_1_54' title='bbox 337 2074 428 2135; x_wconf 89' lang='lat' dir='ltr'><strong>ait</strong></span> <span class='ocrx_word' id='word_1_55' title='bbox 469 2073 551 2135; x_wconf 88' lang='lat' dir='ltr'><strong>ad</strong></span> <span class='ocrx_word' id='word_1_56' title='bbox 589 2071 729 2146; x_wconf 84' lang='lat' dir='ltr'><strong>Job,</strong></span> <span class='ocrx_word' id='word_1_57' title='bbox 763 2071 829 2132; x_wconf 90' lang='lat' dir='ltr'><strong>id</strong></span> <span class='ocrx_word' id='word_1_58' title='bbox 867 2078 963 2133; x_wconf 88' lang='lat' dir='ltr'><strong>est</strong></span> <span class='ocrx_word' id='word_1_59' title='bbox 999 2070 1322 2133; x_wconf 87' lang='lat' dir='ltr'><strong>hominem</strong></span> <span class='ocrx_word' id='word_1_60' title='bbox 1353 2071 1705 2135; x_wconf 83' lang='lat' dir='ltr'><strong>virtuosum</strong></span> <span class='ocrx_word' id='word_1_61' title='bbox 1744 2068 1840 2132; x_wconf 88' lang='lat' dir='ltr'><strong>af-</strong></span> 
     </span>
     <span class='ocr_line' id='line_1_11' title="bbox 339 2167 1840 2250; baseline 0 -19"><span class='ocrx_word' id='word_1_62' title='bbox 339 2171 620 2245; x_wconf 84' lang='lat' dir='ltr'><strong>flictum,</strong></span> <span class='ocrx_word' id='word_1_63' title='bbox 671 2188 790 2232; x_wconf 90' lang='lat' dir='ltr'><strong>nec</strong></span> <span class='ocrx_word' id='word_1_64' title='bbox 837 2167 1055 2250; x_wconf 90' lang='lat' dir='ltr'><strong>aliquo</strong></span> <span class='ocrx_word' id='word_1_65' title='bbox 1104 2168 1292 2232; x_wconf 92' lang='lat' dir='ltr'><strong>modo</strong></span> <span class='ocrx_word' id='word_1_66' title='bbox 1342 2188 1379 2230; x_wconf 90' lang='lat' dir='ltr'><strong>a</strong></span> <span class='ocrx_word' id='word_1_67' title='bbox 1427 2168 1529 2232; x_wconf 83' lang='lat' dir='ltr'><strong>via</strong></span> <span class='ocrx_word' id='word_1_68' title='bbox 1577 2168 1840 2249; x_wconf 81' lang='lat' dir='ltr'><strong>justitiae</strong></span> 
     </span>
     <span class='ocr_line' id='line_1_12' title="bbox 337 2259 1841 2345; baseline -0.001 -13"><span class='ocrx_word' id='word_1_69' title='bbox 337 2270 766 2345; x_wconf 76' lang='lat' dir='ltr'><strong>recedentem,</strong></span> <span class='ocrx_word' id='word_1_70' title='bbox 801 2268 912 2330; x_wconf 87' lang='lat' dir='ltr'><strong>sed</strong></span> <span class='ocrx_word' id='word_1_71' title='bbox 943 2268 1275 2331; x_wconf 88' lang='lat' dir='ltr'><strong>veritatem</strong></span> <span class='ocrx_word' id='word_1_72' title='bbox 1308 2268 1372 2330; x_wconf 90' lang='lat' dir='ltr'><strong>in</strong></span> <span class='ocrx_word' id='word_1_73' title='bbox 1405 2259 1700 2331; x_wconf 81' lang='lat' dir='ltr'><strong>omnibus</strong></span> <span class='ocrx_word' id='word_1_74' title='bbox 1731 2270 1841 2331; x_wconf 91' lang='lat' dir='ltr'><strong>do-</strong></span> 
     </span>
     <span class='ocr_line' id='line_1_13' title="bbox 337 2365 1840 2447; baseline -0.003 -16"><span class='ocrx_word' id='word_1_75' title='bbox 337 2376 591 2431; x_wconf 79' lang='lat' dir='ltr'><strong>centem</strong></span> <span class='ocrx_word' id='word_1_76' title='bbox 632 2375 695 2429; x_wconf 84' lang='lat' dir='ltr'><strong>et</strong></span> <span class='ocrx_word' id='word_1_77' title='bbox 732 2365 1178 2429; x_wconf 74' lang='lat' dir='ltr'><strong>defendentem</strong></span> <span class='ocrx_word' id='word_1_78' title='bbox 1209 2383 1222 2427; x_wconf 89' lang='lat'>:</span> <span class='ocrx_word' id='word_1_79' title='bbox 1259 2369 1586 2445; x_wconf 81' lang='lat' dir='ltr'><strong>Usquequo</strong></span> <span class='ocrx_word' id='word_1_80' title='bbox 1630 2371 1840 2447; x_wconf 78' lang='lat' dir='ltr'><strong>loque-</strong></span> 
     </span>
     <span class='ocr_line' id='line_1_14' title="bbox 335 2466 1840 2542; baseline -0.002 -15"><span class='ocrx_word' id='word_1_81' title='bbox 335 2469 432 2527; x_wconf 81' lang='lat' dir='ltr'><strong>ris</strong></span> <span class='ocrx_word' id='word_1_82' title='bbox 472 2468 662 2535; x_wconf 81' lang='lat' dir='ltr'><strong>talia,</strong></span> <span class='ocrx_word' id='word_1_83' title='bbox 713 2475 775 2525; x_wconf 75' lang='lat' dir='ltr'><strong>et</strong></span> <span class='ocrx_word' id='word_1_84' title='bbox 817 2466 1093 2542; x_wconf 80' lang='lat' dir='ltr'><strong>spiritus</strong></span> <span class='ocrx_word' id='word_1_85' title='bbox 1137 2466 1482 2541; x_wconf 72' lang='lat' dir='ltr'><strong>multiplex</strong></span> <span class='ocrx_word' id='word_1_86' title='bbox 1527 2467 1840 2525; x_wconf 81' lang='lat' dir='ltr'><strong>sermonis</strong></span> 
     </span>
     <span class='ocr_line' id='line_1_15' title="bbox 337 2562 1840 2644; baseline 0 -19"><span class='ocrx_word' id='word_1_87' title='bbox 337 2567 472 2626; x_wconf 83' lang='lat' dir='ltr'><strong>oris</strong></span> <span class='ocrx_word' id='word_1_88' title='bbox 513 2566 617 2624; x_wconf 78' lang='lat' dir='ltr'><strong>tui</strong></span> <span class='ocrx_word' id='word_1_89' title='bbox 637 2568 668 2623; x_wconf 87' lang='lat'><em>?</em></span> <span class='ocrx_word' id='word_1_90' title='bbox 694 2562 954 2644; x_wconf 89' lang='lat' dir='ltr'><strong>lnjustis</strong></span> <span class='ocrx_word' id='word_1_91' title='bbox 993 2562 1164 2625; x_wconf 90' lang='lat' dir='ltr'><strong>enim</strong></span> <span class='ocrx_word' id='word_1_92' title='bbox 1203 2562 1421 2642; x_wconf 81' lang='lat' dir='ltr'><strong>gravia</strong></span> <span class='ocrx_word' id='word_1_93' title='bbox 1453 2580 1593 2625; x_wconf 88' lang='lat' dir='ltr'><strong>esse</strong></span> <span class='ocrx_word' id='word_1_94' title='bbox 1632 2563 1840 2625; x_wconf 90' lang='lat' dir='ltr'><strong>solent</strong></span> 
     </span>
     <span class='ocr_line' id='line_1_16' title="bbox 337 2660 1832 2744; baseline -0.003 -18"><span class='ocrx_word' id='word_1_95' title='bbox 337 2662 534 2727; x_wconf 87' lang='lat' dir='ltr'><strong>verba</strong></span> <span class='ocrx_word' id='word_1_96' title='bbox 572 2662 938 2744; x_wconf 88' lang='lat' dir='ltr'><strong>justorum;</strong></span> <span class='ocrx_word' id='word_1_97' title='bbox 989 2668 1054 2723; x_wconf 91' lang='lat' dir='ltr'><strong>et</strong></span> <span class='ocrx_word' id='word_1_98' title='bbox 1100 2660 1254 2722; x_wconf 89' lang='lat' dir='ltr'><strong>dum</strong></span> <span class='ocrx_word' id='word_1_99' title='bbox 1302 2661 1536 2741; x_wconf 89' lang='lat' dir='ltr'><strong>corrigi</strong></span> <span class='ocrx_word' id='word_1_100' title='bbox 1585 2661 1832 2739; x_wconf 91' lang='lat' dir='ltr'><strong>nolunt,</strong></span> 
     </span>
    </p>
   </div>
   <div class='ocr_carea' id='block_1_7' title="bbox 1945 1675 3440 2737">
    <p class='ocr_par' dir='ltr' id='par_1_7' title="bbox 1948 1675 3439 2056">
     <span class='ocr_line' id='line_1_17' title="bbox 1949 1675 3439 1745; baseline 0.005 -8"><span class='ocrx_word' id='word_1_101' title='bbox 1949 1675 2200 1739; x_wconf 87' lang='lat' dir='ltr'><strong>videtur</strong></span> <span class='ocrx_word' id='word_1_102' title='bbox 2247 1678 2615 1741; x_wconf 88' lang='lat' dir='ltr'><strong>hominibus</strong></span> <span class='ocrx_word' id='word_1_103' title='bbox 2656 1680 3004 1741; x_wconf 87' lang='lat' dir='ltr'><strong>humanum</strong></span> <span class='ocrx_word' id='word_1_104' title='bbox 3049 1699 3305 1743; x_wconf 87' lang='lat' dir='ltr'><strong>sensum</strong></span> <span class='ocrx_word' id='word_1_105' title='bbox 3344 1701 3439 1745; x_wconf 91' lang='lat' dir='ltr'><strong>se-</strong></span> 
     </span>
     <span class='ocr_line' id='line_1_18' title="bbox 1948 1775 3438 1861; baseline 0.005 -27"><span class='ocrx_word' id='word_1_106' title='bbox 1948 1775 2317 1853; x_wconf 81' lang='lat' dir='ltr'><strong>quentibuS,</strong></span> <span class='ocrx_word' id='word_1_107' title='bbox 2354 1796 2481 1839; x_wconf 91' lang='lat' dir='ltr'><strong>non</strong></span> <span class='ocrx_word' id='word_1_108' title='bbox 2530 1779 2803 1859; x_wconf 83' lang='lat' dir='ltr'><strong>desuper</strong></span> <span class='ocrx_word' id='word_1_109' title='bbox 2842 1777 3074 1854; x_wconf 84' lang='lat' dir='ltr'><strong>unctiS,</strong></span> <span class='ocrx_word' id='word_1_110' title='bbox 3108 1798 3245 1841; x_wconf 90' lang='lat' dir='ltr'><strong>esse</strong></span> <span class='ocrx_word' id='word_1_111' title='bbox 3294 1800 3438 1861; x_wconf 91' lang='lat' dir='ltr'><strong>sup-</strong></span> 
     </span>
     <span class='ocr_line' id='line_1_19' title="bbox 1950 1873 3437 1958; baseline 0.005 -24"><span class='ocrx_word' id='word_1_112' title='bbox 1950 1873 2259 1953; x_wconf 82' lang='lat' dir='ltr'><strong>plantatio</strong></span> <span class='ocrx_word' id='word_1_113' title='bbox 2312 1876 2563 1957; x_wconf 83' lang='lat' dir='ltr'><strong>judicii,</strong></span> <span class='ocrx_word' id='word_1_114' title='bbox 2624 1878 2797 1957; x_wconf 88' lang='lat' dir='ltr'><strong>quod</strong></span> <span class='ocrx_word' id='word_1_115' title='bbox 2857 1877 3016 1939; x_wconf 91' lang='lat' dir='ltr'><strong>Deus</strong></span> <span class='ocrx_word' id='word_1_116' title='bbox 3072 1877 3437 1958; x_wconf 82' lang='lat' dir='ltr'><strong>aequissimo</strong></span> 
     </span>
     <span class='ocr_line' id='line_1_20' title="bbox 1948 1972 2841 2056; baseline 0.003 -23"><span class='ocrx_word' id='word_1_117' title='bbox 1948 1972 2078 2051; x_wconf 87' lang='lat' dir='ltr'><strong>agit</strong></span> <span class='ocrx_word' id='word_1_118' title='bbox 2106 1982 2217 2034; x_wconf 90' lang='lat' dir='ltr'><strong>aut</strong></span> <span class='ocrx_word' id='word_1_119' title='bbox 2249 1975 2559 2054; x_wconf 88' lang='lat' dir='ltr'><strong>permittit</strong></span> <span class='ocrx_word' id='word_1_120' title='bbox 2577 1976 2841 2056; x_wconf 89' lang='lat' dir='ltr'><strong>judicio.</strong></span> 
     </span>
    </p>

    <p class='ocr_par' dir='ltr' id='par_1_8' title="bbox 1945 2074 3440 2737">
     <span class='ocr_line' id='line_1_21' title="bbox 2013 2074 3440 2157; baseline 0.004 -25"><span class='ocrx_word' id='word_1_121' title='bbox 2013 2074 2299 2132; x_wconf 76' lang='lat' dir='ltr'><strong>Etiamsi</strong></span> <span class='ocrx_word' id='word_1_122' title='bbox 2314 2076 2451 2149; x_wconf 79' lang='lat' dir='ltr'><strong>filii</strong></span> <span class='ocrx_word' id='word_1_123' title='bbox 2481 2076 2601 2145; x_wconf 77' lang='lat' dir='ltr'><strong>tui,</strong></span> <span class='ocrx_word' id='word_1_124' title='bbox 2624 2074 2687 2136; x_wconf 91' lang='lat' dir='ltr'><strong>id</strong></span> <span class='ocrx_word' id='word_1_125' title='bbox 2716 2083 2810 2137; x_wconf 91' lang='lat' dir='ltr'><strong>est</strong></span> <span class='ocrx_word' id='word_1_126' title='bbox 2832 2074 3132 2157; x_wconf 90' lang='lat' dir='ltr'><strong>discipuli</strong></span> <span class='ocrx_word' id='word_1_127' title='bbox 3152 2084 3263 2138; x_wconf 90' lang='lat' dir='ltr'><strong>aut</strong></span> <span class='ocrx_word' id='word_1_128' title='bbox 3292 2076 3440 2139; x_wconf 90' lang='lat' dir='ltr'><strong>sub-</strong></span> 
     </span>
     <span class='ocr_line' id='line_1_22' title="bbox 1949 2168 3438 2251; baseline 0.004 -22"><span class='ocrx_word' id='word_1_129' title='bbox 1949 2168 2066 2230; x_wconf 86' lang='lat' dir='ltr'><strong>diti</strong></span> <span class='ocrx_word' id='word_1_130' title='bbox 2105 2188 2215 2231; x_wconf 90' lang='lat' dir='ltr'><strong>seu</strong></span> <span class='ocrx_word' id='word_1_131' title='bbox 2260 2170 2629 2248; x_wconf 85' lang='lat' dir='ltr'><strong>imitatoreS,</strong></span> <span class='ocrx_word' id='word_1_132' title='bbox 2656 2184 3084 2251; x_wconf 76' lang='lat' dir='ltr'><strong>peecaverunt</strong></span> <span class='ocrx_word' id='word_1_133' title='bbox 3123 2177 3206 2245; x_wconf 84' lang='lat' dir='ltr'><strong>ei,</strong></span> <span class='ocrx_word' id='word_1_134' title='bbox 3238 2184 3298 2234; x_wconf 77' lang='lat' dir='ltr'><strong>et</strong></span> <span class='ocrx_word' id='word_1_135' title='bbox 3334 2176 3438 2235; x_wconf 83' lang='lat' dir='ltr'><strong>di-</strong></span> 
     </span>
     <span class='ocr_line' id='line_1_23' title="bbox 1949 2268 3430 2350; baseline 0.004 -23"><span class='ocrx_word' id='word_1_136' title='bbox 1949 2269 2128 2327; x_wconf 75' lang='lat' dir='ltr'><strong>misit</strong></span> <span class='ocrx_word' id='word_1_137' title='bbox 2155 2289 2255 2327; x_wconf 84' lang='lat' dir='ltr'><strong>eos</strong></span> <span class='ocrx_word' id='word_1_138' title='bbox 2274 2268 2437 2331; x_wconf 87' lang='lat' dir='ltr'><strong>Deus</strong></span> <span class='ocrx_word' id='word_1_139' title='bbox 2458 2272 2527 2331; x_wconf 78' lang='lat' dir='ltr'><strong>in</strong></span> <span class='ocrx_word' id='word_1_140' title='bbox 2557 2291 2758 2331; x_wconf 83' lang='lat' dir='ltr'><strong>manu</strong></span> <span class='ocrx_word' id='word_1_141' title='bbox 2789 2272 3164 2350; x_wconf 77' lang='lat' dir='ltr'><strong>iniquitatis</strong></span> <span class='ocrx_word' id='word_1_142' title='bbox 3188 2292 3430 2345; x_wconf 75' lang='lat' dir='ltr'><strong>eorum,</strong></span> 
     </span>
     <span class='ocr_line' id='line_1_24' title="bbox 1949 2366 3430 2451; baseline 0.003 -24"><span class='ocrx_word' id='word_1_143' title='bbox 1949 2366 2038 2427; x_wconf 86' lang='lat' dir='ltr'><strong>ita</strong></span> <span class='ocrx_word' id='word_1_144' title='bbox 2065 2367 2235 2446; x_wconf 91' lang='lat' dir='ltr'><strong>quod</strong></span> <span class='ocrx_word' id='word_1_145' title='bbox 2268 2366 2332 2428; x_wconf 92' lang='lat' dir='ltr'><strong>in</strong></span> <span class='ocrx_word' id='word_1_146' title='bbox 2362 2368 2615 2430; x_wconf 82' lang='lat' dir='ltr'><strong>mortali</strong></span> <span class='ocrx_word' id='word_1_147' title='bbox 2645 2377 2902 2451; x_wconf 90' lang='lat' dir='ltr'><strong>peccato</strong></span> <span class='ocrx_word' id='word_1_148' title='bbox 2944 2370 3230 2433; x_wconf 84' lang='lat' dir='ltr'><strong>defuncti</strong></span> <span class='ocrx_word' id='word_1_149' title='bbox 3261 2379 3430 2449; x_wconf 87' lang='lat' dir='ltr'><strong>sunt,</strong></span> 
     </span>
     <span class='ocr_line' id='line_1_25' title="bbox 1947 2466 3437 2547; baseline 0.003 -20"><span class='ocrx_word' id='word_1_150' title='bbox 1947 2466 2460 2547; x_wconf 73' lang='lat' dir='ltr'><strong>aeternaliterque</strong></span> <span class='ocrx_word' id='word_1_151' title='bbox 2489 2468 2767 2530; x_wconf 87' lang='lat' dir='ltr'><strong>damnati</strong></span> <span class='ocrx_word' id='word_1_152' title='bbox 2800 2477 2989 2547; x_wconf 86' lang='lat' dir='ltr'><strong>sunt3</strong></span> <span class='ocrx_word' id='word_1_153' title='bbox 3032 2479 3102 2530; x_wconf 77' lang='lat' dir='ltr'><strong>tu</strong></span> <span class='ocrx_word' id='word_1_154' title='bbox 3135 2480 3348 2533; x_wconf 82' lang='lat' dir='ltr'><strong>tamen</strong></span> <span class='ocrx_word' id='word_1_155' title='bbox 3376 2472 3437 2531; x_wconf 81' lang='lat' dir='ltr'><strong>si</strong></span> 
     </span>
     <span class='ocr_line' id='line_1_26' title="bbox 1947 2565 3435 2638; baseline 0.005 -16"><span class='ocrx_word' id='word_1_156' title='bbox 1947 2565 2243 2623; x_wconf 79' lang='lat' dir='ltr'><strong>diluculo</strong></span> <span class='ocrx_word' id='word_1_157' title='bbox 2288 2568 2769 2626; x_wconf 72' lang='lat' dir='ltr'><strong>consurrexeris</strong></span> <span class='ocrx_word' id='word_1_158' title='bbox 2814 2570 2901 2627; x_wconf 83' lang='lat' dir='ltr'><strong>ad</strong></span> <span class='ocrx_word' id='word_1_159' title='bbox 2946 2570 3177 2638; x_wconf 84' lang='lat' dir='ltr'><strong>Deum,</strong></span> <span class='ocrx_word' id='word_1_160' title='bbox 3212 2572 3435 2630; x_wconf 77' lang='lat' dir='ltr'><strong>statim</strong></span> 
     </span>
     <span class='ocr_line' id='line_1_27' title="bbox 1945 2664 3435 2737; baseline 0.007 -17"><span class='ocrx_word' id='word_1_161' title='bbox 1945 2664 2282 2737; x_wconf 73' lang='lat' dir='ltr'><strong>eviqilabit</strong></span> <span class='ocrx_word' id='word_1_162' title='bbox 2330 2666 2536 2724; x_wconf 81' lang='lat' dir='ltr'><strong>ad-te.</strong></span> <span class='ocrx_word' id='word_1_163' title='bbox 2580 2664 2861 2727; x_wconf 86' lang='lat' dir='ltr'><strong>Perversi</strong></span> <span class='ocrx_word' id='word_1_164' title='bbox 2907 2665 3057 2727; x_wconf 90' lang='lat' dir='ltr'><strong>dum</strong></span> <span class='ocrx_word' id='word_1_165' title='bbox 3108 2665 3435 2731; x_wconf 80' lang='lat' dir='ltr'><strong>caritative</strong></span> 
     </span>
    </p>
   </div>
   <div class='ocr_carea' id='block_1_8' title="bbox 340 2758 3433 2843">
    <p class='ocr_par' dir='ltr' id='par_1_9' title="bbox 340 2758 3433 2843">
     <span class='ocr_line' id='line_1_28' title="bbox 340 2758 3433 2843; baseline 0.001 -19"><span class='ocrx_word' id='word_1_166' title='bbox 340 2770 512 2825; x_wconf 87' lang='lat' dir='ltr'><strong>recte</strong></span> <span class='ocrx_word' id='word_1_167' title='bbox 550 2761 800 2843; x_wconf 87' lang='lat' dir='ltr'><strong>prolata</strong></span> <span class='ocrx_word' id='word_1_168' title='bbox 839 2758 1284 2821; x_wconf 86' lang='lat' dir='ltr'><strong>criminantur.</strong></span> <span class='ocrx_word' id='word_1_169' title='bbox 1317 2759 1601 2840; x_wconf 84' lang='lat' dir='ltr'><strong>Insuper,</strong></span> <span class='ocrx_word' id='word_1_170' title='bbox 1635 2778 1835 2840; x_wconf 89' lang='lat' dir='ltr'><strong>quum</strong></span> <span class='ocrx_word' id='word_1_171' title='bbox 1874 2758 1920 2821; x_wconf 89' lang='lat' dir='ltr'><strong>B</strong></span> <span class='ocrx_word' id='word_1_172' title='bbox 1948 2769 2322 2839; x_wconf 85' lang='lat' dir='ltr'><strong>arguuntur,</strong></span> <span class='ocrx_word' id='word_1_173' title='bbox 2358 2761 2717 2842; x_wconf 88' lang='lat' dir='ltr'><strong>passionate</strong></span> <span class='ocrx_word' id='word_1_174' title='bbox 2748 2763 3155 2841; x_wconf 86' lang='lat' dir='ltr'><strong>redarguunt,</strong></span> <span class='ocrx_word' id='word_1_175' title='bbox 3187 2772 3250 2826; x_wconf 90' lang='lat' dir='ltr'><strong>et</strong></span> <span class='ocrx_word' id='word_1_176' title='bbox 3277 2764 3433 2826; x_wconf 87' lang='lat' dir='ltr'><strong>vitia</strong></span> 
     </span>
    </p>
   </div>
   <div class='ocr_carea' id='block_1_9' title="bbox 337 2857 1838 3236">
    <p class='ocr_par' dir='ltr' id='par_1_10' title="bbox 337 2857 1838 3236">
     <span class='ocr_line' id='line_1_29' title="bbox 337 2857 1836 2941; baseline -0.001 -19"><span class='ocrx_word' id='word_1_177' title='bbox 337 2881 403 2924; x_wconf 88' lang='lat' dir='ltr'><strong>se</strong></span> <span class='ocrx_word' id='word_1_178' title='bbox 433 2857 756 2941; x_wconf 87' lang='lat' dir='ltr'><strong>increpari</strong></span> <span class='ocrx_word' id='word_1_179' title='bbox 788 2858 1216 2934; x_wconf 87' lang='lat' dir='ltr'><strong>considerant,</strong></span> <span class='ocrx_word' id='word_1_180' title='bbox 1243 2858 1677 2939; x_wconf 84' lang='lat' dir='ltr'><strong>increpantem</strong></span> <span class='ocrx_word' id='word_1_181' title='bbox 1709 2878 1836 2921; x_wconf 92' lang='lat' dir='ltr'><strong>non</strong></span> 
     </span>
     <span class='ocr_line' id='line_1_30' title="bbox 337 2956 1832 3040; baseline -0.002 -18"><span class='ocrx_word' id='word_1_182' title='bbox 337 2980 412 3022; x_wconf 86' lang='lat' dir='ltr'><strong>ex</strong></span> <span class='ocrx_word' id='word_1_183' title='bbox 441 2958 714 3022; x_wconf 89' lang='lat' dir='ltr'><strong>rationis</strong></span> <span class='ocrx_word' id='word_1_184' title='bbox 750 2956 1018 3040; x_wconf 87' lang='lat' dir='ltr'><strong>judicio,</strong></span> <span class='ocrx_word' id='word_1_185' title='bbox 1059 2957 1169 3019; x_wconf 84' lang='lat' dir='ltr'><strong>sed</strong></span> <span class='ocrx_word' id='word_1_186' title='bbox 1211 2959 1454 3039; x_wconf 89' lang='lat' dir='ltr'><strong>impetu</strong></span> <span class='ocrx_word' id='word_1_187' title='bbox 1495 2957 1832 3039; x_wconf 80' lang='lat' dir='ltr'><strong>passioniS,</strong></span> 
     </span>
     <span class='ocr_line' id='line_1_31' title="bbox 339 3052 1836 3139; baseline -0.004 -16"><span class='ocrx_word' id='word_1_188' title='bbox 339 3058 665 3139; x_wconf 79' lang='lat' dir='ltr'><strong>variisque</strong></span> <span class='ocrx_word' id='word_1_189' title='bbox 715 3055 1098 3119; x_wconf 88' lang='lat' dir='ltr'><strong>inordinatis</strong></span> <span class='ocrx_word' id='word_1_190' title='bbox 1147 3052 1603 3118; x_wconf 83' lang='lat' dir='ltr'><strong>affectionibus</strong></span> <span class='ocrx_word' id='word_1_191' title='bbox 1661 3056 1836 3137; x_wconf 90' lang='lat' dir='ltr'><strong>loqui</strong></span> 
     </span>
     <span class='ocr_line' id='line_1_32' title="bbox 341 3153 1838 3236; baseline -0.001 -19"><span class='ocrx_word' id='word_1_192' title='bbox 341 3162 698 3233; x_wconf 83' lang='lat' dir='ltr'><strong>testantur3</strong></span> <span class='ocrx_word' id='word_1_193' title='bbox 737 3154 910 3236; x_wconf 89' lang='lat' dir='ltr'><strong>quod</strong></span> <span class='ocrx_word' id='word_1_194' title='bbox 951 3153 1102 3215; x_wconf 89' lang='lat' dir='ltr'><strong>item</strong></span> <span class='ocrx_word' id='word_1_195' title='bbox 1140 3171 1502 3215; x_wconf 89' lang='lat' dir='ltr'><strong>mensuram</strong></span> <span class='ocrx_word' id='word_1_196' title='bbox 1531 3153 1838 3234; x_wconf 90' lang='lat' dir='ltr'><strong>loquendi</strong></span> 
     </span>
    </p>
   </div>
   <div class='ocr_carea' id='block_1_10' title="bbox 339 3250 1858 3333">
    <p class='ocr_par' dir='ltr' id='par_1_11' title="bbox 339 3250 1858 3333">
     <span class='ocr_line' id='line_1_33' title="bbox 339 3250 1858 3333; baseline -0.001 -18"><span class='ocrx_word' id='word_1_197' title='bbox 339 3262 448 3315; x_wconf 88' lang='lat' dir='ltr'><strong>aut</strong></span> <span class='ocrx_word' id='word_1_198' title='bbox 495 3272 628 3316; x_wconf 89' lang='lat' dir='ltr'><strong>non</strong></span> <span class='ocrx_word' id='word_1_199' title='bbox 679 3252 1054 3333; x_wconf 84' lang='lat' dir='ltr'><strong>perpendat,</strong></span> <span class='ocrx_word' id='word_1_200' title='bbox 1107 3259 1216 3313; x_wconf 92' lang='lat' dir='ltr'><strong>aut</strong></span> <span class='ocrx_word' id='word_1_201' title='bbox 1263 3250 1552 3317; x_wconf 88' lang='lat' dir='ltr'><strong>nesciat:</strong></span> <span class='ocrx_word' id='word_1_202' title='bbox 1596 3251 1723 3314; x_wconf 89' lang='lat' dir='ltr'><strong>imo</strong></span> <span class='ocrx_word' id='word_1_203' title='bbox 1773 3272 1858 3322; x_wconf 79' lang='lat' dir='ltr'><strong>se,</strong></span> 
     </span>
    </p>
   </div>
   <div class='ocr_carea' id='block_1_11' title="bbox 341 3349 1842 3629">
    <p class='ocr_par' dir='ltr' id='par_1_12' title="bbox 341 3349 1842 3629">
     <span class='ocr_line' id='line_1_34' title="bbox 341 3349 1840 3433; baseline -0.001 -20"><span class='ocrx_word' id='word_1_204' title='bbox 341 3351 514 3433; x_wconf 90' lang='lat' dir='ltr'><strong>ipsos</strong></span> <span class='ocrx_word' id='word_1_205' title='bbox 546 3350 971 3432; x_wconf 87' lang='lat' dir='ltr'><strong>sapient-iores</strong></span> <span class='ocrx_word' id='word_1_206' title='bbox 1002 3368 1076 3411; x_wconf 88' lang='lat' dir='ltr'><strong>ac</strong></span> <span class='ocrx_word' id='word_1_207' title='bbox 1106 3349 1402 3411; x_wconf 90' lang='lat' dir='ltr'><strong>meliores</strong></span> <span class='ocrx_word' id='word_1_208' title='bbox 1424 3350 1536 3412; x_wconf 93' lang='lat' dir='ltr'><strong>illo</strong></span> <span class='ocrx_word' id='word_1_209' title='bbox 1564 3369 1701 3413; x_wconf 88' lang='lat' dir='ltr'><strong>esse</strong></span> <span class='ocrx_word' id='word_1_210' title='bbox 1733 3359 1840 3413; x_wconf 89' lang='lat' dir='ltr'><strong>aut</strong></span> 
     </span>
     <span class='ocr_line' id='line_1_35' title="bbox 341 3446 1835 3532; baseline -0.001 -21"><span class='ocrx_word' id='word_1_211' title='bbox 341 3458 562 3532; x_wconf 88' lang='lat' dir='ltr'><strong>aperte</strong></span> <span class='ocrx_word' id='word_1_212' title='bbox 610 3447 972 3531; x_wconf 85' lang='lat' dir='ltr'><strong>profantur,</strong></span> <span class='ocrx_word' id='word_1_213' title='bbox 1018 3456 1129 3509; x_wconf 90' lang='lat' dir='ltr'><strong>aut</strong></span> <span class='ocrx_word' id='word_1_214' title='bbox 1178 3446 1490 3529; x_wconf 87' lang='lat' dir='ltr'><strong>implicite</strong></span> <span class='ocrx_word' id='word_1_215' title='bbox 1537 3449 1835 3525; x_wconf 88' lang='lat' dir='ltr'><strong>innuunt,</strong></span> 
     </span>
     <span class='ocr_line' id='line_1_36' title="bbox 341 3546 1842 3629; baseline 0 -18"><span class='ocrx_word' id='word_1_216' title='bbox 341 3550 451 3611; x_wconf 87' lang='lat' dir='ltr'><strong>sed</strong></span> <span class='ocrx_word' id='word_1_217' title='bbox 501 3557 568 3612; x_wconf 87' lang='lat' dir='ltr'><strong>et</strong></span> <span class='ocrx_word' id='word_1_218' title='bbox 620 3546 814 3611; x_wconf 86' lang='lat' dir='ltr'><strong>verba</strong></span> <span class='ocrx_word' id='word_1_219' title='bbox 864 3546 1184 3628; x_wconf 89' lang='lat' dir='ltr'><strong>loquentis</strong></span> <span class='ocrx_word' id='word_1_220' title='bbox 1234 3546 1696 3629; x_wconf 86' lang='lat' dir='ltr'><strong>interrumpere</strong></span> <span class='ocrx_word' id='word_1_221' title='bbox 1743 3567 1842 3611; x_wconf 92' lang='grc'><strong>30-</strong></span> 
     </span>
    </p>
   </div>
   <div class='ocr_carea' id='block_1_12' title="bbox 217 3644 1840 3727">
    <p class='ocr_par' dir='ltr' id='par_1_13' title="bbox 217 3644 1840 3727">
     <span class='ocr_line' id='line_1_37' title="bbox 217 3644 1840 3727; baseline 0.002 -24"><span class='ocrx_word' id='word_1_222' title='bbox 217 3677 314 3715; x_wconf 71' lang='lat' dir='ltr'><strong>xm.</strong></span> <span class='ocrx_word' id='word_1_223' title='bbox 343 3648 496 3710; x_wconf 91' lang='lat' dir='ltr'><strong>lent.</strong></span> <span class='ocrx_word' id='word_1_224' title='bbox 531 3648 677 3710; x_wconf 88' lang='lat' dir='ltr'><strong>Ideo</strong></span> <span class='ocrx_word' id='word_1_225' title='bbox 710 3645 976 3727; x_wconf 82' lang='lat' dir='ltr'><strong>Sapiens</strong></span> <span class='ocrx_word' id='word_1_226' title='bbox 1013 3645 1105 3706; x_wconf 88' lang='lat' dir='ltr'><strong>ait</strong></span> <span class='ocrx_word' id='word_1_227' title='bbox 1139 3664 1154 3707; x_wconf 74' lang='grc' dir='ltr'>ε</span> <span class='ocrx_word' id='word_1_228' title='bbox 1189 3644 1547 3727; x_wconf 85' lang='lat' dir='ltr'><strong>Sapientior</strong></span> <span class='ocrx_word' id='word_1_229' title='bbox 1587 3646 1709 3707; x_wconf 89' lang='lat' dir='ltr'><strong>sibi</strong></span> <span class='ocrx_word' id='word_1_230' title='bbox 1740 3646 1840 3727; x_wconf 88' lang='lat' dir='ltr'><strong>pi-</strong></span> 
     </span>
    </p>
   </div>
   <div class='ocr_carea' id='block_1_13' title="bbox 338 3743 1842 3909">
    <p class='ocr_par' dir='ltr' id='par_1_14' title="bbox 338 3743 1842 3909">
     <span class='ocr_line' id='line_1_38' title="bbox 338 3743 1842 3828; baseline -0.003 -17"><span class='ocrx_word' id='word_1_231' title='bbox 338 3766 449 3828; x_wconf 81' lang='lat' dir='ltr'><strong>ger</strong></span> <span class='ocrx_word' id='word_1_232' title='bbox 491 3746 752 3811; x_wconf 84' lang='lat' dir='ltr'><strong>videtur</strong></span> <span class='ocrx_word' id='word_1_233' title='bbox 779 3752 1024 3826; x_wconf 89' lang='lat' dir='ltr'><strong>septem</strong></span> <span class='ocrx_word' id='word_1_234' title='bbox 1059 3743 1213 3807; x_wconf 85' lang='lat' dir='ltr'><strong>viris</strong></span> <span class='ocrx_word' id='word_1_235' title='bbox 1254 3744 1667 3825; x_wconf 88' lang='lat' dir='ltr'><strong>loquentibus</strong></span> <span class='ocrx_word' id='word_1_236' title='bbox 1705 3764 1842 3807; x_wconf 87' lang='lat' dir='ltr'><strong>sen-</strong></span> 
     </span>
     <span class='ocr_line' id='line_1_39' title="bbox 339 3846 594 3909; baseline 0.004 -2"><span class='ocrx_word' id='word_1_237' title='bbox 339 3846 594 3909; x_wconf 81' lang='lat' dir='ltr'><strong>tentiaS.</strong></span> 
     </span>
    </p>
   </div>
   <div class='ocr_carea' id='block_1_14' title="bbox 1948 2858 3441 3923">
    <p class='ocr_par' dir='ltr' id='par_1_15' title="bbox 1948 2858 3441 3825">
     <span class='ocr_line' id='line_1_40' title="bbox 1949 2858 3432 2943; baseline 0.003 -24"><span class='ocrx_word' id='word_1_238' title='bbox 1949 2858 2070 2920; x_wconf 91' lang='lat' dir='ltr'><strong>sibi</strong></span> <span class='ocrx_word' id='word_1_239' title='bbox 2100 2878 2249 2921; x_wconf 90' lang='lat' dir='ltr'><strong>vere</strong></span> <span class='ocrx_word' id='word_1_240' title='bbox 2278 2859 2526 2941; x_wconf 88' lang='lat' dir='ltr'><strong>objecta</strong></span> <span class='ocrx_word' id='word_1_241' title='bbox 2554 2870 2664 2922; x_wconf 90' lang='lat' dir='ltr'><strong>aut</strong></span> <span class='ocrx_word' id='word_1_242' title='bbox 2694 2862 2929 2923; x_wconf 85' lang='lat' dir='ltr'><strong>similia</strong></span> <span class='ocrx_word' id='word_1_243' title='bbox 2968 2862 3033 2925; x_wconf 89' lang='lat' dir='ltr'><strong>in</strong></span> <span class='ocrx_word' id='word_1_244' title='bbox 3064 2871 3432 2943; x_wconf 85' lang='lat' dir='ltr'><strong>arguentem</strong></span> 
     </span>
     <span class='ocr_line' id='line_1_41' title="bbox 1949 2955 3436 3043; baseline 0.004 -26"><span class='ocrx_word' id='word_1_245' title='bbox 1949 2955 2110 3021; x_wconf 88' lang='lat' dir='ltr'><strong>false</strong></span> <span class='ocrx_word' id='word_1_246' title='bbox 2139 2966 2530 3039; x_wconf 89' lang='lat' dir='ltr'><strong>retorquent.</strong></span> <span class='ocrx_word' id='word_1_247' title='bbox 2555 2959 2643 3021; x_wconf 88' lang='lat' dir='ltr'><strong>Ne</strong></span> <span class='ocrx_word' id='word_1_248' title='bbox 2662 2967 2872 3022; x_wconf 90' lang='lat' dir='ltr'><strong>tamen</strong></span> <span class='ocrx_word' id='word_1_249' title='bbox 2903 2979 2978 3022; x_wconf 86' lang='lat' dir='ltr'><strong>ex</strong></span> <span class='ocrx_word' id='word_1_250' title='bbox 2997 2960 3310 3043; x_wconf 90' lang='lat' dir='ltr'><strong>passionis</strong></span> <span class='ocrx_word' id='word_1_251' title='bbox 3337 2980 3436 3023; x_wconf 88' lang='lat' dir='ltr'><strong>ar-</strong></span> 
     </span>
     <span class='ocr_line' id='line_1_42' title="bbox 1948 3056 3432 3138; baseline 0.003 -20"><span class='ocrx_word' id='word_1_252' title='bbox 1948 3057 2100 3119; x_wconf 91' lang='lat' dir='ltr'><strong>dore</strong></span> <span class='ocrx_word' id='word_1_253' title='bbox 2150 3056 2327 3137; x_wconf 93' lang='lat' dir='ltr'><strong>loqui</strong></span> <span class='ocrx_word' id='word_1_254' title='bbox 2380 3065 2745 3133; x_wconf 89' lang='lat' dir='ltr'><strong>cernantur,</strong></span> <span class='ocrx_word' id='word_1_255' title='bbox 2795 3059 2979 3138; x_wconf 90' lang='lat' dir='ltr'><strong>quasi</strong></span> <span class='ocrx_word' id='word_1_256' title='bbox 3024 3077 3312 3123; x_wconf 88' lang='lat' dir='ltr'><strong>amorose</strong></span> <span class='ocrx_word' id='word_1_257' title='bbox 3354 3062 3432 3122; x_wconf 89' lang='lat' dir='ltr'><strong>ad</strong></span> 
     </span>
     <span class='ocr_line' id='line_1_43' title="bbox 1949 3154 3438 3239; baseline 0.003 -22"><span class='ocrx_word' id='word_1_258' title='bbox 1949 3154 2459 3217; x_wconf 88' lang='lat' dir='ltr'><strong>emendationem</strong></span> <span class='ocrx_word' id='word_1_259' title='bbox 2491 3155 2846 3233; x_wconf 88' lang='lat' dir='ltr'><strong>hortantur,</strong></span> <span class='ocrx_word' id='word_1_260' title='bbox 2883 3157 3263 3238; x_wconf 89' lang='lat' dir='ltr'><strong>veniamque</strong></span> <span class='ocrx_word' id='word_1_261' title='bbox 3297 3175 3438 3239; x_wconf 92' lang='lat' dir='ltr'><strong>pro-</strong></span> 
     </span>
     <span class='ocr_line' id='line_1_44' title="bbox 1950 3252 3434 3336; baseline 0.002 -22"><span class='ocrx_word' id='word_1_262' title='bbox 1950 3252 2235 3315; x_wconf 84' lang='lat' dir='ltr'><strong>mittunt.</strong></span> <span class='ocrx_word' id='word_1_263' title='bbox 2286 3252 2405 3315; x_wconf 89' lang='lat' dir='ltr'><strong>Sed</strong></span> <span class='ocrx_word' id='word_1_264' title='bbox 2450 3253 2572 3317; x_wconf 86' lang='lat' dir='ltr'><strong>hoc</strong></span> <span class='ocrx_word' id='word_1_265' title='bbox 2610 3273 2869 3336; x_wconf 89' lang='lat' dir='ltr'><strong>prorsus</strong></span> <span class='ocrx_word' id='word_1_266' title='bbox 2912 3256 3242 3319; x_wconf 87' lang='lat' dir='ltr'><strong>vitandum</strong></span> <span class='ocrx_word' id='word_1_267' title='bbox 3290 3264 3385 3318; x_wconf 88' lang='lat' dir='ltr'><strong>est</strong></span> <span class='ocrx_word' id='word_1_268' title='bbox 3420 3274 3434 3317; x_wconf 77' lang='grc' dir='ltr'>ε</span> 
     </span>
     <span class='ocr_line' id='line_1_45' title="bbox 1953 3352 3441 3435; baseline 0.003 -22"><span class='ocrx_word' id='word_1_269' title='bbox 1953 3352 2079 3415; x_wconf 90' lang='lat' dir='ltr'><strong>imo</strong></span> <span class='ocrx_word' id='word_1_270' title='bbox 2123 3352 2176 3413; x_wconf 92' lang='lat' dir='ltr'><strong>si</strong></span> <span class='ocrx_word' id='word_1_271' title='bbox 2199 3352 2517 3433; x_wconf 84' lang='lat' dir='ltr'><strong>quispiam</strong></span> <span class='ocrx_word' id='word_1_272' title='bbox 2550 3353 2743 3415; x_wconf 89' lang='lat' dir='ltr'><strong>etiam</strong></span> <span class='ocrx_word' id='word_1_273' title='bbox 2774 3372 2901 3417; x_wconf 92' lang='lat' dir='ltr'><strong>non</strong></span> <span class='ocrx_word' id='word_1_274' title='bbox 2924 3374 3072 3417; x_wconf 89' lang='lat' dir='ltr'><strong>vere</strong></span> <span class='ocrx_word' id='word_1_275' title='bbox 3106 3354 3441 3435; x_wconf 89' lang='lat' dir='ltr'><strong>reprehen-</strong></span> 
     </span>
     <span class='ocr_line' id='line_1_46' title="bbox 1950 3450 3439 3533; baseline 0.001 -20"><span class='ocrx_word' id='word_1_276' title='bbox 1950 3452 2158 3527; x_wconf 84' lang='lat' dir='ltr'><strong>datur,</strong></span> <span class='ocrx_word' id='word_1_277' title='bbox 2206 3450 2395 3513; x_wconf 90' lang='lat' dir='ltr'><strong>debet</strong></span> <span class='ocrx_word' id='word_1_278' title='bbox 2441 3452 2753 3533; x_wconf 89' lang='lat' dir='ltr'><strong>patienter</strong></span> <span class='ocrx_word' id='word_1_279' title='bbox 2802 3452 3041 3527; x_wconf 88' lang='lat' dir='ltr'><strong>audire,</strong></span> <span class='ocrx_word' id='word_1_280' title='bbox 3091 3460 3153 3514; x_wconf 89' lang='lat' dir='ltr'><strong>et</strong></span> <span class='ocrx_word' id='word_1_281' title='bbox 3198 3460 3439 3515; x_wconf 88' lang='lat' dir='ltr'><strong>ceteros</strong></span> 
     </span>
     <span class='ocr_line' id='line_1_47' title="bbox 1951 3548 3434 3631; baseline 0.002 -20"><span class='ocrx_word' id='word_1_282' title='bbox 1951 3568 2099 3612; x_wconf 89' lang='lat' dir='ltr'><strong>suos</strong></span> <span class='ocrx_word' id='word_1_283' title='bbox 2159 3548 2446 3613; x_wconf 90' lang='lat' dir='ltr'><strong>defectus</strong></span> <span class='ocrx_word' id='word_1_284' title='bbox 2493 3558 2685 3631; x_wconf 89' lang='lat' dir='ltr'><strong>atque</strong></span> <span class='ocrx_word' id='word_1_285' title='bbox 2741 3569 3033 3612; x_wconf 88' lang='lat' dir='ltr'><strong>excessus</strong></span> <span class='ocrx_word' id='word_1_286' title='bbox 3085 3550 3434 3627; x_wconf 82' lang='lat' dir='ltr'><strong>advertere,</strong></span> 
     </span>
     <span class='ocr_line' id='line_1_48' title="bbox 1951 3646 3439 3729; baseline 0.001 -20"><span class='ocrx_word' id='word_1_287' title='bbox 1951 3667 2068 3710; x_wconf 90' lang='lat' dir='ltr'><strong>nec</strong></span> <span class='ocrx_word' id='word_1_288' title='bbox 2118 3646 2687 3729; x_wconf 90' lang='lat' dir='ltr'><strong>reprehendentem</strong></span> <span class='ocrx_word' id='word_1_289' title='bbox 2744 3666 2859 3729; x_wconf 91' lang='lat' dir='ltr'><strong>pro</strong></span> <span class='ocrx_word' id='word_1_290' title='bbox 2907 3655 3058 3710; x_wconf 92' lang='lat' dir='ltr'><strong>tunc</strong></span> <span class='ocrx_word' id='word_1_291' title='bbox 3108 3648 3439 3729; x_wconf 89' lang='lat' dir='ltr'><strong>increpare</strong></span> 
     </span>
     <span class='ocr_line' id='line_1_49' title="bbox 1948 3743 2610 3825; baseline -0.006 -17"><span class='ocrx_word' id='word_1_292' title='bbox 1948 3754 2060 3808; x_wconf 88' lang='lat' dir='ltr'><strong>aut</strong></span> <span class='ocrx_word' id='word_1_293' title='bbox 2090 3744 2314 3807; x_wconf 90' lang='lat' dir='ltr'><strong>durius</strong></span> <span class='ocrx_word' id='word_1_294' title='bbox 2346 3743 2610 3825; x_wconf 88' lang='lat' dir='ltr'><strong>alloqui.</strong></span> 
     </span>
    </p>

    <p class='ocr_par' dir='ltr' id='par_1_16' title="bbox 2033 3840 3435 3923">
     <span class='ocr_line' id='line_1_50' title="bbox 2033 3840 3435 3923; baseline 0.001 -19"><span class='ocrx_word' id='word_1_295' title='bbox 2033 3843 2341 3906; x_wconf 85' lang='lat' dir='ltr'><strong>Praeterea</strong></span> <span class='ocrx_word' id='word_1_296' title='bbox 2394 3842 2592 3905; x_wconf 85' lang='lat' dir='ltr'><strong>verba</strong></span> <span class='ocrx_word' id='word_1_297' title='bbox 2644 3840 2779 3905; x_wconf 85' lang='lat' dir='ltr'><strong>haec</strong></span> <span class='ocrx_word' id='word_1_298' title='bbox 2836 3841 3088 3917; x_wconf 87' lang='lat' dir='ltr'><strong>Baldad,</strong></span> <span class='ocrx_word' id='word_1_299' title='bbox 3142 3844 3435 3923; x_wconf 87' lang='lat' dir='ltr'><strong>quamvis</strong></span> 
     </span>
    </p>
   </div>
   <div class='ocr_carea' id='block_1_15' title="bbox 341 3937 3435 4119">
    <p class='ocr_par' dir='ltr' id='par_1_17' title="bbox 341 3937 3435 4119">
     <span class='ocr_line' id='line_1_51' title="bbox 419 3937 3435 4023; baseline -0.002 -16"><span class='ocrx_word' id='word_1_300' title='bbox 419 3945 773 4023; x_wconf 75' lang='lat' dir='ltr'><strong>Numquid</strong></span> <span class='ocrx_word' id='word_1_301' title='bbox 819 3945 991 4003; x_wconf 80' lang='lat' dir='ltr'><strong>Deus</strong></span> <span class='ocrx_word' id='word_1_302' title='bbox 1035 3946 1414 4020; x_wconf 73' lang='lat' dir='ltr'><strong>supplantat</strong></span> <span class='ocrx_word' id='word_1_303' title='bbox 1445 3943 1841 4020; x_wconf 79' lang='lat' dir='ltr'><strong>judicium?</strong></span> <span class='ocrx_word' id='word_1_304' title='bbox 1869 3939 1912 4001; x_wconf 92' lang='lat' dir='ltr'>C</span> <span class='ocrx_word' id='word_1_305' title='bbox 1946 3942 2130 4004; x_wconf 81' lang='lat' dir='ltr'><strong>beato</strong></span> <span class='ocrx_word' id='word_1_306' title='bbox 2159 3941 2273 4004; x_wconf 88' lang='lat' dir='ltr'><strong>Job</strong></span> <span class='ocrx_word' id='word_1_307' title='bbox 2313 3958 2440 4003; x_wconf 92' lang='lat' dir='ltr'><strong>non</strong></span> <span class='ocrx_word' id='word_1_308' title='bbox 2483 3948 2653 4003; x_wconf 83' lang='lat' dir='ltr'><strong>reete</strong></span> <span class='ocrx_word' id='word_1_309' title='bbox 2696 3937 2934 4001; x_wconf 79' lang='lat' dir='ltr'><strong>fuerint</strong></span> <span class='ocrx_word' id='word_1_310' title='bbox 2967 3939 3302 4020; x_wconf 83' lang='lat' dir='ltr'><strong>applicata,</strong></span> <span class='ocrx_word' id='word_1_311' title='bbox 3339 3940 3435 4001; x_wconf 88' lang='lat' dir='ltr'><strong>ni-</strong></span> 
     </span>
     <span class='ocr_line' id='line_1_52' title="bbox 341 4038 3435 4119; baseline -0.001 -16"><span class='ocrx_word' id='word_1_312' title='bbox 341 4041 631 4105; x_wconf 85' lang='lat' dir='ltr'><strong>Praedicti</strong></span> <span class='ocrx_word' id='word_1_313' title='bbox 679 4040 836 4103; x_wconf 89' lang='lat' dir='ltr'><strong>ficte</strong></span> <span class='ocrx_word' id='word_1_314' title='bbox 886 4038 1157 4102; x_wconf 82' lang='lat' dir='ltr'><strong>virtuosi</strong></span> <span class='ocrx_word' id='word_1_315' title='bbox 1210 4047 1273 4101; x_wconf 92' lang='lat' dir='ltr'><strong>et</strong></span> <span class='ocrx_word' id='word_1_316' title='bbox 1328 4039 1499 4101; x_wconf 87' lang='lat' dir='ltr'><strong>intus</strong></span> <span class='ocrx_word' id='word_1_317' title='bbox 1547 4040 1718 4117; x_wconf 83' lang='lat' dir='ltr'><strong>vani,</strong></span> <span class='ocrx_word' id='word_1_318' title='bbox 1770 4049 1841 4102; x_wconf 90' lang='lat' dir='ltr'><strong>ut</strong></span> <span class='ocrx_word' id='word_1_319' title='bbox 1946 4039 2079 4102; x_wconf 92' lang='lat' dir='ltr'><strong>hilo</strong></span> <span class='ocrx_word' id='word_1_320' title='bbox 2102 4039 2314 4101; x_wconf 89' lang='lat' dir='ltr'><strong>minus</strong></span> <span class='ocrx_word' id='word_1_321' title='bbox 2341 4038 2691 4101; x_wconf 90' lang='lat' dir='ltr'><strong>secundum</strong></span> <span class='ocrx_word' id='word_1_322' title='bbox 2722 4057 2789 4099; x_wconf 89' lang='lat' dir='ltr'><strong>se</strong></span> <span class='ocrx_word' id='word_1_323' title='bbox 2809 4045 3083 4119; x_wconf 88' lang='lat' dir='ltr'><strong>sumpta,</strong></span> <span class='ocrx_word' id='word_1_324' title='bbox 3104 4046 3435 4101; x_wconf 79' lang='lat' dir='ltr'><strong>venustate</strong></span> 
     </span>
    </p>
   </div>
   <div class='ocr_carea' id='block_1_16' title="bbox 343 4139 1849 5106">
    <p class='ocr_par' dir='ltr' id='par_1_18' title="bbox 343 4139 1849 5106">
     <span class='ocr_line' id='line_1_53' title="bbox 343 4139 1834 4223; baseline -0.003 -20"><span class='ocrx_word' id='word_1_325' title='bbox 343 4141 620 4223; x_wconf 89' lang='lat' dir='ltr'><strong>amplius</strong></span> <span class='ocrx_word' id='word_1_326' title='bbox 653 4146 1031 4221; x_wconf 89' lang='lat' dir='ltr'><strong>reputentur</strong></span> <span class='ocrx_word' id='word_1_327' title='bbox 1052 4145 1115 4201; x_wconf 87' lang='lat' dir='ltr'><strong>et</strong></span> <span class='ocrx_word' id='word_1_328' title='bbox 1144 4139 1488 4219; x_wconf 83' lang='lat' dir='ltr'><strong>praevalere</strong></span> <span class='ocrx_word' id='word_1_329' title='bbox 1509 4146 1834 4220; x_wconf 89' lang='lat' dir='ltr'><strong>putentur,</strong></span> 
     </span>
     <span class='ocr_line' id='line_1_54' title="bbox 345 4236 1840 4322; baseline -0.002 -22"><span class='ocrx_word' id='word_1_330' title='bbox 345 4239 556 4322; x_wconf 88' lang='lat' dir='ltr'><strong>aliqua</strong></span> <span class='ocrx_word' id='word_1_331' title='bbox 589 4256 744 4303; x_wconf 85' lang='lat' dir='ltr'><strong>vera</strong></span> <span class='ocrx_word' id='word_1_332' title='bbox 775 4245 838 4299; x_wconf 91' lang='lat' dir='ltr'><strong>et</strong></span> <span class='ocrx_word' id='word_1_333' title='bbox 866 4236 1134 4318; x_wconf 90' lang='lat' dir='ltr'><strong>pulchra</strong></span> <span class='ocrx_word' id='word_1_334' title='bbox 1165 4243 1356 4317; x_wconf 86' lang='lat' dir='ltr'><strong>atque</strong></span> <span class='ocrx_word' id='word_1_335' title='bbox 1388 4238 1466 4299; x_wconf 88' lang='lat' dir='ltr'><strong>ad</strong></span> <span class='ocrx_word' id='word_1_336' title='bbox 1495 4236 1606 4299; x_wconf 90' lang='lat' dir='ltr'><strong>Dei</strong></span> <span class='ocrx_word' id='word_1_337' title='bbox 1637 4237 1840 4299; x_wconf 86' lang='lat' dir='ltr'><strong>excel-</strong></span> 
     </span>
     <span class='ocr_line' id='line_1_55' title="bbox 345 4335 1838 4416; baseline -0.003 -16"><span class='ocrx_word' id='word_1_338' title='bbox 345 4338 608 4400; x_wconf 86' lang='lat' dir='ltr'><strong>lentiam</strong></span> <span class='ocrx_word' id='word_1_339' title='bbox 657 4336 1046 4415; x_wconf 84' lang='lat' dir='ltr'><strong>laudemque</strong></span> <span class='ocrx_word' id='word_1_340' title='bbox 1094 4335 1467 4416; x_wconf 88' lang='lat' dir='ltr'><strong>spectantia,</strong></span> <span class='ocrx_word' id='word_1_341' title='bbox 1504 4343 1711 4397; x_wconf 90' lang='lat' dir='ltr'><strong>tamen</strong></span> <span class='ocrx_word' id='word_1_342' title='bbox 1761 4335 1838 4397; x_wconf 88' lang='lat' dir='ltr'><strong>ad</strong></span> 
     </span>
     <span class='ocr_line' id='line_1_56' title="bbox 347 4433 1843 4518; baseline -0.002 -21"><span class='ocrx_word' id='word_1_343' title='bbox 347 4435 748 4518; x_wconf 86' lang='lat' dir='ltr'><strong>propositum</strong></span> <span class='ocrx_word' id='word_1_344' title='bbox 791 4433 1140 4495; x_wconf 89' lang='lat' dir='ltr'><strong>secundum</strong></span> <span class='ocrx_word' id='word_1_345' title='bbox 1181 4433 1512 4496; x_wconf 85' lang='lat' dir='ltr'><strong>veritatem</strong></span> <span class='ocrx_word' id='word_1_346' title='bbox 1547 4451 1675 4497; x_wconf 91' lang='lat' dir='ltr'><strong>non</strong></span> <span class='ocrx_word' id='word_1_347' title='bbox 1705 4453 1843 4515; x_wconf 89' lang='lat' dir='ltr'><strong>per-</strong></span> 
     </span>
     <span class='ocr_line' id='line_1_57' title="bbox 346 4530 1842 4613; baseline -0.001 -18"><span class='ocrx_word' id='word_1_348' title='bbox 346 4534 639 4609; x_wconf 88' lang='lat' dir='ltr'><strong>tinentia,</strong></span> <span class='ocrx_word' id='word_1_349' title='bbox 684 4533 996 4613; x_wconf 88' lang='lat' dir='ltr'><strong>jactanter</strong></span> <span class='ocrx_word' id='word_1_350' title='bbox 1045 4531 1251 4594; x_wconf 87' lang='lat' dir='ltr'><strong>solent</strong></span> <span class='ocrx_word' id='word_1_351' title='bbox 1298 4530 1607 4613; x_wconf 87' lang='lat' dir='ltr'><strong>proferre,</strong></span> <span class='ocrx_word' id='word_1_352' title='bbox 1658 4532 1842 4613; x_wconf 89' lang='lat' dir='ltr'><strong>quasi</strong></span> 
     </span>
     <span class='ocr_line' id='line_1_58' title="bbox 349 4628 1843 4709; baseline -0.002 -15"><span class='ocrx_word' id='word_1_353' title='bbox 349 4632 582 4695; x_wconf 88' lang='lat' dir='ltr'><strong>talibus</strong></span> <span class='ocrx_word' id='word_1_354' title='bbox 615 4629 832 4695; x_wconf 84' lang='lat' dir='ltr'><strong>verbis</strong></span> <span class='ocrx_word' id='word_1_355' title='bbox 878 4630 1049 4692; x_wconf 90' lang='lat' dir='ltr'><strong>dicta</strong></span> <span class='ocrx_word' id='word_1_356' title='bbox 1088 4637 1198 4691; x_wconf 88' lang='lat' dir='ltr'><strong>aut</strong></span> <span class='ocrx_word' id='word_1_357' title='bbox 1242 4628 1408 4691; x_wconf 89' lang='lat' dir='ltr'><strong>facta</strong></span> <span class='ocrx_word' id='word_1_358' title='bbox 1442 4630 1754 4709; x_wconf 88' lang='lat' dir='ltr'><strong>justorum</strong></span> <span class='ocrx_word' id='word_1_359' title='bbox 1806 4649 1843 4691; x_wconf 89' lang='lat' dir='ltr'><strong>a</strong></span> 
     </span>
     <span class='ocr_line' id='line_1_59' title="bbox 351 4727 1848 4812; baseline -0.003 -20"><span class='ocrx_word' id='word_1_360' title='bbox 351 4729 583 4812; x_wconf 90' lang='lat' dir='ltr'><strong>quibus</strong></span> <span class='ocrx_word' id='word_1_361' title='bbox 633 4727 1214 4809; x_wconf 80' lang='lat' dir='ltr'><strong>reprehenduntur,</strong></span> <span class='ocrx_word' id='word_1_362' title='bbox 1261 4735 1637 4808; x_wconf 83' lang='lat' dir='ltr'><strong>repugnent,</strong></span> <span class='ocrx_word' id='word_1_363' title='bbox 1683 4728 1848 4789; x_wconf 88' lang='lat' dir='ltr'><strong>sicut</strong></span> 
     </span>
     <span class='ocr_line' id='line_1_60' title="bbox 351 4825 1848 4906; baseline -0.003 -16"><span class='ocrx_word' id='word_1_364' title='bbox 351 4837 408 4891; x_wconf 87' lang='lat' dir='ltr'><strong>et</strong></span> <span class='ocrx_word' id='word_1_365' title='bbox 437 4827 676 4890; x_wconf 86' lang='lat' dir='ltr'><strong>Baldad</strong></span> <span class='ocrx_word' id='word_1_366' title='bbox 717 4826 926 4906; x_wconf 85' lang='lat' dir='ltr'><strong>egisse</strong></span> <span class='ocrx_word' id='word_1_367' title='bbox 969 4825 1074 4887; x_wconf 89' lang='lat' dir='ltr'><strong>hic</strong></span> <span class='ocrx_word' id='word_1_368' title='bbox 1109 4826 1362 4905; x_wconf 90' lang='lat' dir='ltr'><strong>legitur.</strong></span> <span class='ocrx_word' id='word_1_369' title='bbox 1395 4826 1606 4902; x_wconf 89' lang='lat' dir='ltr'><strong>Porro,</strong></span> <span class='ocrx_word' id='word_1_370' title='bbox 1649 4845 1848 4906; x_wconf 90' lang='lat' dir='ltr'><strong>quum</strong></span> 
     </span>
     <span class='ocr_line' id='line_1_61' title="bbox 355 4924 1849 5006; baseline -0.003 -16"><span class='ocrx_word' id='word_1_371' title='bbox 355 4928 512 4990; x_wconf 89' lang='lat' dir='ltr'><strong>Deus</strong></span> <span class='ocrx_word' id='word_1_372' title='bbox 542 4924 976 4990; x_wconf 88' lang='lat' dir='ltr'><strong>essentialiter</strong></span> <span class='ocrx_word' id='word_1_373' title='bbox 1009 4944 1222 5001; x_wconf 88' lang='lat' dir='ltr'><strong>verus,</strong></span> <span class='ocrx_word' id='word_1_374' title='bbox 1254 4925 1461 5006; x_wconf 88' lang='lat' dir='ltr'><strong>justus</strong></span> <span class='ocrx_word' id='word_1_375' title='bbox 1491 4943 1564 4987; x_wconf 88' lang='lat' dir='ltr'><strong>ac</strong></span> <span class='ocrx_word' id='word_1_376' title='bbox 1595 4924 1849 5006; x_wconf 89' lang='lat' dir='ltr'><strong>sapiens</strong></span> 
     </span>
     <span class='ocr_line' id='line_1_62' title="bbox 356 5022 1848 5106; baseline -0.002 -19"><span class='ocrx_word' id='word_1_377' title='bbox 356 5025 456 5103; x_wconf 90' lang='lat' dir='ltr'><strong>sit,</strong></span> <span class='ocrx_word' id='word_1_378' title='bbox 489 5042 904 5106; x_wconf 86' lang='lat' dir='ltr'><strong>nequaquam</strong></span> <span class='ocrx_word' id='word_1_379' title='bbox 938 5022 1328 5104; x_wconf 88' lang='lat' dir='ltr'><strong>supplantat,</strong></span> <span class='ocrx_word' id='word_1_380' title='bbox 1355 5024 1464 5085; x_wconf 92' lang='lat' dir='ltr'><strong>sed</strong></span> <span class='ocrx_word' id='word_1_381' title='bbox 1493 5032 1848 5099; x_wconf 85' lang='lat' dir='ltr'><strong>conservat,</strong></span> 
     </span>
    </p>
   </div>
   <div class='ocr_carea' id='block_1_17' title="bbox 1946 4135 3684 4272">
    <p class='ocr_par' dir='ltr' id='par_1_19' title="bbox 1946 4135 3684 4272">
     <span class='ocr_line' id='line_1_63' title="bbox 1946 4135 3684 4217; baseline 0 -17"><span class='ocrx_word' id='word_1_382' title='bbox 1946 4158 2020 4200; x_wconf 91' lang='lat' dir='ltr'><strong>ac</strong></span> <span class='ocrx_word' id='word_1_383' title='bbox 2050 4136 2315 4199; x_wconf 83' lang='lat' dir='ltr'><strong>veritate</strong></span> <span class='ocrx_word' id='word_1_384' title='bbox 2354 4144 2684 4198; x_wconf 87' lang='lat' dir='ltr'><strong>ornantur.</strong></span> <span class='ocrx_word' id='word_1_385' title='bbox 2718 4136 2896 4198; x_wconf 89' lang='lat' dir='ltr'><strong>Pater</strong></span> <span class='ocrx_word' id='word_1_386' title='bbox 2925 4135 3096 4199; x_wconf 89' lang='lat' dir='ltr'><strong>enim</strong></span> <span class='ocrx_word' id='word_1_387' title='bbox 3134 4154 3261 4198; x_wconf 90' lang='lat' dir='ltr'><strong>non</strong></span> <span class='ocrx_word' id='word_1_388' title='bbox 3292 4155 3435 4217; x_wconf 89' lang='lat' dir='ltr'><strong>por·</strong></span> <span class='ocrx_word' id='word_1_389' title='bbox 3514 4155 3684 4201; x_wconf 64' lang='lat' dir='ltr'><strong>azeca.</strong></span> 
     </span>
     <span class='ocr_line' id='line_1_64' title="bbox 3460 4222 3662 4272; baseline -0.025 -7"><span class='ocrx_word' id='word_1_390' title='bbox 3460 4222 3662 4272; x_wconf 79' lang='lat' dir='ltr'><strong>xvui,20.</strong></span> 
     </span>
    </p>
   </div>
   <div class='ocr_carea' id='block_1_18' title="bbox 1948 4234 3451 5105">
    <p class='ocr_par' dir='ltr' id='par_1_20' title="bbox 1948 4234 3451 5105">
     <span class='ocr_line' id='line_1_65' title="bbox 1949 4234 3436 4316; baseline 0.001 -19"><span class='ocrx_word' id='word_1_391' title='bbox 1949 4235 2108 4297; x_wconf 88' lang='lat' dir='ltr'><strong>tabit</strong></span> <span class='ocrx_word' id='word_1_392' title='bbox 2140 4234 2545 4316; x_wconf 89' lang='lat' dir='ltr'><strong>iniquitatem</strong></span> <span class='ocrx_word' id='word_1_393' title='bbox 2581 4234 2728 4311; x_wconf 86' lang='lat' dir='ltr'><strong>filii,</strong></span> <span class='ocrx_word' id='word_1_394' title='bbox 2755 4253 2872 4297; x_wconf 90' lang='lat' dir='ltr'><strong>nec</strong></span> <span class='ocrx_word' id='word_1_395' title='bbox 2902 4243 3180 4312; x_wconf 88' lang='lat' dir='ltr'><strong>econtra,</strong></span> <span class='ocrx_word' id='word_1_396' title='bbox 3209 4236 3436 4298; x_wconf 87' lang='lat' dir='ltr'><strong>uthe-</strong></span> 
     </span>
     <span class='ocr_line' id='line_1_66' title="bbox 1948 4333 3436 4415; baseline -0.001 -18"><span class='ocrx_word' id='word_1_397' title='bbox 1948 4334 2115 4397; x_wconf 92' lang='lat' dir='ltr'><strong>chiel</strong></span> <span class='ocrx_word' id='word_1_398' title='bbox 2145 4333 2391 4397; x_wconf 88' lang='lat' dir='ltr'><strong>asserit.</strong></span> <span class='ocrx_word' id='word_1_399' title='bbox 2425 4333 2502 4394; x_wconf 91' lang='lat' dir='ltr'><strong>Et</strong></span> <span class='ocrx_word' id='word_1_400' title='bbox 2534 4342 3124 4415; x_wconf 89' lang='lat' dir='ltr'><strong>quantumcumque</strong></span> <span class='ocrx_word' id='word_1_401' title='bbox 3152 4333 3261 4396; x_wconf 90' lang='lat' dir='ltr'><strong>alii</strong></span> <span class='ocrx_word' id='word_1_402' title='bbox 3301 4353 3436 4415; x_wconf 91' lang='lat' dir='ltr'><strong>per-</strong></span> 
     </span>
     <span class='ocr_line' id='line_1_67' title="bbox 1953 4432 3439 4514; baseline -0.001 -18"><span class='ocrx_word' id='word_1_403' title='bbox 1953 4434 2163 4509; x_wconf 88' lang='lat' dir='ltr'><strong>ierint,</strong></span> <span class='ocrx_word' id='word_1_404' title='bbox 2199 4433 2506 4514; x_wconf 89' lang='lat' dir='ltr'><strong>quamdiu</strong></span> <span class='ocrx_word' id='word_1_405' title='bbox 2536 4433 2770 4514; x_wconf 90' lang='lat' dir='ltr'><strong>aliquis</strong></span> <span class='ocrx_word' id='word_1_406' title='bbox 2809 4441 3024 4494; x_wconf 87' lang='lat' dir='ltr'><strong>manet</strong></span> <span class='ocrx_word' id='word_1_407' title='bbox 3060 4432 3127 4494; x_wconf 92' lang='lat' dir='ltr'><strong>in</strong></span> <span class='ocrx_word' id='word_1_408' title='bbox 3158 4433 3289 4495; x_wconf 89' lang='lat' dir='ltr'><strong>vita</strong></span> <span class='ocrx_word' id='word_1_409' title='bbox 3318 4432 3439 4496; x_wconf 90' lang='lat' dir='ltr'><strong>hac</strong></span> 
     </span>
     <span class='ocr_line' id='line_1_68' title="bbox 1953 4530 3441 4615; baseline -0.001 -21"><span class='ocrx_word' id='word_1_410' title='bbox 1953 4531 2263 4615; x_wconf 88' lang='lat' dir='ltr'><strong>poenitere</strong></span> <span class='ocrx_word' id='word_1_411' title='bbox 2294 4538 2499 4613; x_wconf 86' lang='lat' dir='ltr'><strong>potest</strong></span> <span class='ocrx_word' id='word_1_412' title='bbox 2526 4550 2600 4592; x_wconf 88' lang='lat' dir='ltr'><strong>ac</strong></span> <span class='ocrx_word' id='word_1_413' title='bbox 2629 4530 2877 4594; x_wconf 80' lang='lat' dir='ltr'><strong>veniam</strong></span> <span class='ocrx_word' id='word_1_414' title='bbox 2908 4531 3198 4612; x_wconf 90' lang='lat' dir='ltr'><strong>adipisci.</strong></span> <span class='ocrx_word' id='word_1_415' title='bbox 3233 4532 3441 4593; x_wconf 86' lang='lat' dir='ltr'><strong>Primo</strong></span> 
     </span>
     <span class='ocr_line' id='line_1_69' title="bbox 1955 4629 3442 4711; baseline -0.001 -19"><span class='ocrx_word' id='word_1_416' title='bbox 1955 4632 2169 4711; x_wconf 89' lang='lat' dir='ltr'><strong>itaque</strong></span> <span class='ocrx_word' id='word_1_417' title='bbox 2220 4629 2407 4691; x_wconf 90' lang='lat' dir='ltr'><strong>debet</strong></span> <span class='ocrx_word' id='word_1_418' title='bbox 2454 4638 2746 4711; x_wconf 88' lang='lat' dir='ltr'><strong>peccator</strong></span> <span class='ocrx_word' id='word_1_419' title='bbox 2796 4629 3080 4692; x_wconf 92' lang='lat' dir='ltr'><strong>diluculo</strong></span> <span class='ocrx_word' id='word_1_420' title='bbox 3127 4630 3208 4691; x_wconf 88' lang='lat' dir='ltr'><strong>ad</strong></span> <span class='ocrx_word' id='word_1_421' title='bbox 3246 4631 3442 4692; x_wconf 90' lang='lat' dir='ltr'><strong>Deum</strong></span> 
     </span>
     <span class='ocr_line' id='line_1_70' title="bbox 1955 4727 3448 4809; baseline -0.001 -18"><span class='ocrx_word' id='word_1_422' title='bbox 1955 4746 2359 4808; x_wconf 82' lang='lat' dir='ltr'><strong>consurgere,</strong></span> <span class='ocrx_word' id='word_1_423' title='bbox 2396 4727 2458 4789; x_wconf 91' lang='lat' dir='ltr'><strong>id</strong></span> <span class='ocrx_word' id='word_1_424' title='bbox 2492 4736 2587 4790; x_wconf 85' lang='lat' dir='ltr'><strong>est</strong></span> <span class='ocrx_word' id='word_1_425' title='bbox 2616 4727 2741 4789; x_wconf 91' lang='lat' dir='ltr'><strong>cito</strong></span> <span class='ocrx_word' id='word_1_426' title='bbox 2772 4727 3135 4789; x_wconf 86' lang='lat' dir='ltr'><strong>mentaliter</strong></span> <span class='ocrx_word' id='word_1_427' title='bbox 3179 4728 3448 4809; x_wconf 88' lang='lat' dir='ltr'><strong>poenite-</strong></span> 
     </span>
     <span class='ocr_line' id='line_1_71' title="bbox 1959 4824 3444 4904; baseline 0 -16"><span class='ocrx_word' id='word_1_428' title='bbox 1959 4846 2046 4904; x_wconf 91' lang='lat' dir='ltr'><strong>re,</strong></span> <span class='ocrx_word' id='word_1_429' title='bbox 2082 4834 2145 4890; x_wconf 92' lang='lat' dir='ltr'><strong>et</strong></span> <span class='ocrx_word' id='word_1_430' title='bbox 2192 4827 2270 4889; x_wconf 87' lang='lat' dir='ltr'><strong>de</strong></span> <span class='ocrx_word' id='word_1_431' title='bbox 2313 4826 2499 4888; x_wconf 90' lang='lat' dir='ltr'><strong>bonis</strong></span> <span class='ocrx_word' id='word_1_432' title='bbox 2548 4824 2798 4902; x_wconf 78' lang='lat' dir='ltr'><strong>creatiS,</strong></span> <span class='ocrx_word' id='word_1_433' title='bbox 2835 4825 3090 4888; x_wconf 87' lang='lat' dir='ltr'><strong>caducis</strong></span> <span class='ocrx_word' id='word_1_434' title='bbox 3136 4833 3199 4887; x_wconf 88' lang='lat' dir='ltr'><strong>et</strong></span> <span class='ocrx_word' id='word_1_435' title='bbox 3240 4826 3444 4904; x_wconf 82' lang='lat' dir='ltr'><strong>vaniS,</strong></span> 
     </span>
     <span class='ocr_line' id='line_1_72' title="bbox 1958 4924 3451 5005; baseline -0.001 -16"><span class='ocrx_word' id='word_1_436' title='bbox 1958 4927 2036 4989; x_wconf 89' lang='lat' dir='ltr'><strong>ad</strong></span> <span class='ocrx_word' id='word_1_437' title='bbox 2066 4927 2425 4989; x_wconf 86' lang='lat' dir='ltr'><strong>Creatorem</strong></span> <span class='ocrx_word' id='word_1_438' title='bbox 2458 4943 2642 4986; x_wconf 88' lang='lat' dir='ltr'><strong>suum</strong></span> <span class='ocrx_word' id='word_1_439' title='bbox 2675 4942 2741 4985; x_wconf 91' lang='lat' dir='ltr'><strong>se</strong></span> <span class='ocrx_word' id='word_1_440' title='bbox 2764 4931 3008 4987; x_wconf 82' lang='lat' dir='ltr'><strong>vertere</strong></span> <span class='ocrx_word' id='word_1_441' title='bbox 3036 4943 3149 5005; x_wconf 92' lang='lat' dir='ltr'><strong>per</strong></span> <span class='ocrx_word' id='word_1_442' title='bbox 3178 4924 3317 5005; x_wconf 89' lang='lat' dir='ltr'><strong>ejus</strong></span> <span class='ocrx_word' id='word_1_443' title='bbox 3347 4944 3451 4988; x_wconf 90' lang='grc'><strong>00-</strong></span> 
     </span>
     <span class='ocr_line' id='line_1_73' title="bbox 1959 5021 3449 5105; baseline -0.001 -19"><span class='ocrx_word' id='word_1_444' title='bbox 1959 5024 2315 5105; x_wconf 89' lang='lat' dir='ltr'><strong>gnitionem</strong></span> <span class='ocrx_word' id='word_1_445' title='bbox 2346 5030 2408 5084; x_wconf 90' lang='lat' dir='ltr'><strong>et</strong></span> <span class='ocrx_word' id='word_1_446' title='bbox 2428 5040 2739 5095; x_wconf 77' lang='lat' dir='ltr'><strong>amorem3</strong></span> <span class='ocrx_word' id='word_1_447' title='bbox 2765 5021 2995 5083; x_wconf 89' lang='lat' dir='ltr'><strong>deinde</strong></span> <span class='ocrx_word' id='word_1_448' title='bbox 3023 5023 3101 5083; x_wconf 89' lang='lat' dir='ltr'><strong>ad</strong></span> <span class='ocrx_word' id='word_1_449' title='bbox 3132 5021 3449 5086; x_wconf 89' lang='lat' dir='ltr'><strong>orationes</strong></span> 
     </span>
    </p>
   </div>
   <div class='ocr_carea' id='block_1_19' title="bbox 359 5118 3453 5205">
    <p class='ocr_par' dir='ltr' id='par_1_21' title="bbox 359 5118 3453 5205">
     <span class='ocr_line' id='line_1_74' title="bbox 359 5118 3453 5205; baseline -0.001 -19"><span class='ocrx_word' id='word_1_450' title='bbox 359 5123 696 5205; x_wconf 84' lang='lat' dir='ltr'><strong>diligitque</strong></span> <span class='ocrx_word' id='word_1_451' title='bbox 749 5121 1089 5203; x_wconf 89' lang='lat' dir='ltr'><strong>judicium,</strong></span> <span class='ocrx_word' id='word_1_452' title='bbox 1153 5120 1406 5183; x_wconf 84' lang='lat' dir='ltr'><strong>dicente</strong></span> <span class='ocrx_word' id='word_1_453' title='bbox 1461 5120 1792 5183; x_wconf 86' lang='lat' dir='ltr'><strong>Psalmista</strong></span> <span class='ocrx_word' id='word_1_454' title='bbox 1835 5140 1848 5183; x_wconf 74' lang='grc' dir='ltr'>ε</span> <span class='ocrx_word' id='word_1_455' title='bbox 1881 5123 1931 5184; x_wconf 91' lang='lat' dir='ltr'>D</span> <span class='ocrx_word' id='word_1_456' title='bbox 1963 5142 2030 5185; x_wconf 92' lang='lat' dir='ltr'><strong>se</strong></span> <span class='ocrx_word' id='word_1_457' title='bbox 2063 5123 2234 5197; x_wconf 87' lang='lat' dir='ltr'><strong>dare,</strong></span> <span class='ocrx_word' id='word_1_458' title='bbox 2264 5138 2377 5201; x_wconf 92' lang='lat' dir='ltr'><strong>pro</strong></span> <span class='ocrx_word' id='word_1_459' title='bbox 2407 5119 2591 5181; x_wconf 90' lang='lat' dir='ltr'><strong>malis</strong></span> <span class='ocrx_word' id='word_1_460' title='bbox 2626 5118 2913 5180; x_wconf 91' lang='lat' dir='ltr'><strong>delendis</strong></span> <span class='ocrx_word' id='word_1_461' title='bbox 2946 5126 3009 5181; x_wconf 88' lang='lat' dir='ltr'><strong>et</strong></span> <span class='ocrx_word' id='word_1_462' title='bbox 3046 5118 3231 5182; x_wconf 91' lang='lat' dir='ltr'><strong>bonis</strong></span> <span class='ocrx_word' id='word_1_463' title='bbox 3273 5120 3453 5201; x_wconf 89' lang='lat' dir='ltr'><strong>spiri-</strong></span> 
     </span>
    </p>
   </div>
   <div class='ocr_carea' id='block_1_20' title="bbox 105 5218 1858 5402">
    <p class='ocr_par' dir='ltr' id='par_1_22' title="bbox 105 5218 1858 5402">
     <span class='ocr_line' id='line_1_75' title="bbox 105 5218 1849 5324; baseline 0 -43"><span class='ocrx_word' id='word_1_464' title='bbox 105 5232 166 5324; x_wconf 57' lang='grc' dir='ltr'><strong>ΞὶἱιΡ</strong></span> <span class='ocrx_word' id='word_1_465' title='bbox 163 5244 308 5275; x_wconf 65' lang='grc' dir='ltr'><strong>ιιιιιι</strong></span> <span class='ocrx_word' id='word_1_466' title='bbox 309 5248 334 5281; x_wconf 81' lang='grc' dir='ltr'><strong>ι,</strong></span> <span class='ocrx_word' id='word_1_467' title='bbox 359 5222 513 5295; x_wconf 87' lang='lat' dir='ltr'><strong>Quia</strong></span> <span class='ocrx_word' id='word_1_468' title='bbox 551 5220 862 5283; x_wconf 89' lang='lat' dir='ltr'><strong>Dominus</strong></span> <span class='ocrx_word' id='word_1_469' title='bbox 905 5227 1075 5281; x_wconf 86' lang='lat' dir='ltr'><strong>amat</strong></span> <span class='ocrx_word' id='word_1_470' title='bbox 1119 5218 1456 5299; x_wconf 89' lang='lat' dir='ltr'><strong>judicium.</strong></span> <span class='ocrx_word' id='word_1_471' title='bbox 1500 5218 1575 5279; x_wconf 86' lang='lat' dir='ltr'><strong>Et</strong></span> <span class='ocrx_word' id='word_1_472' title='bbox 1612 5218 1800 5282; x_wconf 88' lang='lat' dir='ltr'><strong>lsaias</strong></span> <span class='ocrx_word' id='word_1_473' title='bbox 1836 5237 1849 5281; x_wconf 91' lang='lat'><strong>:</strong></span> 
     </span>
     <span class='ocr_line' id='line_1_76' title="bbox 113 5314 1858 5402; baseline 0.002 -25"><span class='ocrx_word' id='word_1_474' title='bbox 113 5314 334 5389; x_wconf 51' lang='lat' dir='ltr'><strong>Amas.</strong></span> <span class='ocrx_word' id='word_1_475' title='bbox 365 5320 522 5383; x_wconf 89' lang='lat' dir='ltr'><strong>Deus</strong></span> <span class='ocrx_word' id='word_1_476' title='bbox 540 5318 774 5402; x_wconf 87' lang='lat' dir='ltr'><strong>judicii</strong></span> <span class='ocrx_word' id='word_1_477' title='bbox 797 5317 1125 5381; x_wconf 76' lang='lat' dir='ltr'><strong>Dominus,</strong></span> <span class='ocrx_word' id='word_1_478' title='bbox 1150 5316 1268 5379; x_wconf 91' lang='lat' dir='ltr'><strong>Sed</strong></span> <span class='ocrx_word' id='word_1_479' title='bbox 1291 5316 1596 5397; x_wconf 88' lang='lat' dir='ltr'><strong>quoniam</strong></span> <span class='ocrx_word' id='word_1_480' title='bbox 1621 5318 1858 5380; x_wconf 90' lang='lat' dir='ltr'><strong>incom-</strong></span> 
     </span>
    </p>
   </div>
   <div class='ocr_carea' id='block_1_21' title="bbox 1967 5214 3453 5400">
    <p class='ocr_par' dir='ltr' id='par_1_23' title="bbox 1967 5214 3453 5400">
     <span class='ocr_line' id='line_1_77' title="bbox 1967 5214 3453 5298; baseline 0.001 -18"><span class='ocrx_word' id='word_1_481' title='bbox 1967 5218 2245 5281; x_wconf 83' lang='lat' dir='ltr'><strong>tualibus</strong></span> <span class='ocrx_word' id='word_1_482' title='bbox 2296 5215 2743 5298; x_wconf 79' lang='lat' dir='ltr'><strong>adipiscendis,</strong></span> <span class='ocrx_word' id='word_1_483' title='bbox 2796 5214 3006 5278; x_wconf 88' lang='lat' dir='ltr'><strong>Oratio</strong></span> <span class='ocrx_word' id='word_1_484' title='bbox 3054 5236 3308 5298; x_wconf 87' lang='lat' dir='ltr'><strong>quoque</strong></span> <span class='ocrx_word' id='word_1_485' title='bbox 3356 5228 3453 5281; x_wconf 91' lang='lat' dir='ltr'><strong>est</strong></span> 
     </span>
     <span class='ocr_line' id='line_1_78' title="bbox 1968 5312 3453 5400; baseline 0.001 -23"><span class='ocrx_word' id='word_1_486' title='bbox 1968 5317 2291 5400; x_wconf 88' lang='lat' dir='ltr'><strong>praecipua</strong></span> <span class='ocrx_word' id='word_1_487' title='bbox 2320 5335 2464 5398; x_wconf 89' lang='lat' dir='ltr'><strong>pars</strong></span> <span class='ocrx_word' id='word_1_488' title='bbox 2504 5312 2979 5377; x_wconf 88' lang='lat' dir='ltr'><strong>satisfactionis.</strong></span> <span class='ocrx_word' id='word_1_489' title='bbox 3012 5315 3222 5379; x_wconf 88' lang='lat' dir='ltr'><strong>Tertio</strong></span> <span class='ocrx_word' id='word_1_490' title='bbox 3263 5317 3453 5380; x_wconf 87' lang='lat' dir='ltr'><strong>debct</strong></span> 
     </span>
    </p>
   </div>
  </div>
 </body>
</html>
