4309 6259
1199 533 1543 579 ansanum
1585 534 1647 579 m
1689 533 1826 579 m.
1873 532 1956 578 xv
1994 532 2120 578 που.
2167 551 2247 562 -
2288 532 2431 578 ΑΜ.
2475 532 2667 595 ιξινι
3349 510 3469 574 523

379 700 740 763 sanctitatis
770 720 880 765 seu
914 702 1341 766 immunditiae
1371 703 1606 766 habent
1634 703 1874 766 admix-
1903 702 1952 764 A
1985 720 2359 783 magnorum
2410 703 2739 765 doctorum
2796 701 2965 763 dicta
3024 701 3463 777 irreverenter,

377 806 536 860 tum.
577 803 1060 863 Abominabilis
1097 806 1303 865 leom0.
1339 802 1601 865 Ratione
1630 803 1871 887 peccati
1987 800 2281 877 faciliter,
2331 810 2439 863 aut
2489 800 3007 864 irrationabiliter
3058 807 3311 879 negant.
3346 800 3468 863 Nos

379 896 458 959 fit
504 908 801 962 creatura
841 900 1293 963 intellectualis
1341 902 1446 982 (ad
1497 903 1607 964 Dei
1657 902 1874 982 imagi·
1983 918 2132 981 ergo
2183 908 2391 982 patres
2442 908 2691 963 nostros
2740 898 3052 961 famemus
3098 907 3163 961 et
3210 917 3470 962 venere-

377 1016 524 1059 ncm
579 997 882 1061 nobiliter
929 1000 1213 1080 condita)
1251 1001 1506 1083 penitus
1553 1001 1874 1063 abomina-
1983 1018 2146 1077 mur,
2196 1017 2479 1061 amemus
2522 1006 2714 1080 atque
2758 1006 3091 1060 sectemur.
3136 996 3202 1058 ln
3250 996 3469 1078 opina-

377 1094 527 1157 bilis
587 1105 652 1158 ct
711 1098 1090 1160 damnanda.
1147 1099 1429 1175 Etenim,
1481 1118 1608 1181 quo
1667 1101 1872 1181 major
1983 1097 2222 1159 bilibus
2271 1116 2421 1159 vero
2476 1116 2621 1158 cum
2678 1095 2988 1158 modestia
3044 1112 3346 1175 negemus
3404 1103 3469 1157 et

375 1201 438 1255 et
485 1194 718 1257 melior
765 1196 929 1258 Deus
979 1204 1104 1271 est,
1161 1216 1235 1259 eo
1287 1206 1642 1279 peccatum,
1701 1200 1870 1279 quod
1983 1196 2430 1278 approbemus.
2488 1195 2644 1257 Hinc
2694 1194 2987 1277 equidem
3040 1194 3345 1275 scriptum
3399 1193 3465 1255 in

373 1301 469 1353 est
510 1312 802 1356 recessus
831 1314 868 1355 a
899 1294 1045 1371 Deo,
1079 1295 1516 1358 detestabilius
1549 1296 1870 1378 viliusque
1982 1295 2427 1359 Ecclesiastico
2472 1312 2484 1356 :
2528 1294 2885 1357 Laudemus
2931 1293 3104 1355 viros
3152 1292 3464 1373 gloriosos
3500 1309 3756 1359 aeoliam,

373 1392 694 1453 consistit.
747 1392 985 1456 Idcirco
1033 1412 1148 1475 per
1197 1394 1406 1475 ipsum
1458 1393 1538 1456 sit
1583 1404 1870 1458 creatura
1978 1403 2043 1456 et
2074 1403 2288 1475 patres
2328 1402 2579 1456 nostros
2612 1393 2677 1454 in
2709 1391 3118 1473 generatione
3147 1411 3280 1453 sua.
3496 1373 3535 1413 ¹·

371 1490 658 1555 Creatori
699 1509 816 1554 suo
860 1491 1122 1555 odibilis
1159 1510 1173 1554 :
1209 1512 1326 1556 nec
1367 1494 1603 1574 aliquis
1647 1493 1712 1555 in
1753 1495 1870 1557 hac
2071 1496 2219 1557 Non
2267 1496 2471 1553 credit
2516 1496 2686 1571 quod
2732 1493 2971 1551 reverti
3009 1493 3210 1570 possit
3254 1494 3333 1551 de
3382 1501 3466 1551 ce-

375 1589 505 1651 vita
546 1588 835 1671 perfecte
863 1610 1092 1673 capere
1121 1591 1310 1669 valet,
1346 1601 1588 1673 quanta
1615 1593 1699 1654 sit
1725 1612 1871 1675 pec·
1979 1594 2214 1663 nebris,
2244 1592 2780 1667 circumspectans
2816 1592 3107 1669 undique
3136 1591 3461 1666 gladium.

371 1688 497 1750 cati
527 1689 921 1765 enormitas;
957 1691 1064 1753 sed
1097 1710 1173 1753 ex
1199 1691 1339 1772 ejus
1378 1689 1620 1754 effectu
1651 1692 1715 1754 id
1755 1692 1870 1754 sci·
1979 1690 2519 1765 Quemadmodum
2543 1688 2608 1750 in
2631 1687 2987 1752 Proverbiis
3018 1687 3467 1764 asseritur‚lm-
3506 1698 3757 1749 »mmm

371 1806 540 1869 muS,
574 1789 904 1869 pensando
935 1790 1106 1870 quod
1147 1808 1277 1852 uno
1315 1790 1568 1852 mortali
1609 1800 1869 1872 peccato
1979 1790 2126 1872 pius
2154 1807 2353 1870 quum
2394 1788 2459 1849 in
2499 1787 2889 1869 profundum
2931 1794 3331 1870 peccatorum
3362 1804 3468 1849 ve·
3496 1764 3535 1804 ³·

368 1886 830 1949 intellectualis
851 1895 1139 1950 creatura
1153 1888 1548 1968 (naturaliter
1565 1891 1690 1952 Deo
1711 1909 1872 1952 ama·
1905 1892 1952 1952 B
1981 1888 2169 1965 ncrit,
2194 1886 2565 1950 contemnit.
2601 1886 2836 1967 Impius
2868 1903 3015 1965 ergo
3044 1894 3107 1947 et
3134 1884 3467 1947 induratus

366 1984 550 2065 bilis)
578 1986 756 2066 justo
795 1986 936 2067 ejus
975 1985 1218 2067 judicio
1262 1987 1645 2049 aeternaliter
1688 1989 1872 2050 rclin·
1979 1988 2058 2049 de
2079 1984 2187 2049 Dei
2220 1986 2455 2068 pietate
2480 1984 2811 2060 diffidens,
2832 1984 3107 2064 atquein
3132 1984 3250 2046 hoc
3274 1983 3465 2046 Deum

366 2084 614 2165 quitur,
663 2084 898 2160 oditur,
944 2085 1302 2161 damnatur,
1354 2085 1639 2167 punitur,
1684 2088 1871 2170 puni·
1981 2082 2356 2146 naturaliter
2386 2082 2649 2159 bonum,
2686 2081 2861 2163 pium
2896 2090 2957 2143 ct
2986 2082 3238 2144 dulcem
3270 2080 3467 2143 maxi·

365 2184 543 2245 tione
576 2183 803 2264 utique
837 2182 1264 2246 ineffabiliter
1296 2184 1690 2248 dira.Merito
1719 2204 1870 2267 ergo
1979 2200 2082 2245 me
2131 2182 2545 2257 inhonoram,
2578 2199 2777 2261 quum
2819 2188 3077 2262 peccata
3115 2198 3226 2241 sua
3266 2186 3467 2241 atten-

361 2282 750 2345 deberemus
777 2301 994 2346 amore
1025 2285 1729 2367 superpraestantissimi
1762 2286 1868 2349 Dei
1979 2281 2094 2357 dit,
2124 2300 2251 2343 non
2282 2279 2483 2343 credit.
2515 2280 2684 2361 quod
2718 2298 2831 2359 per
2860 2278 3301 2359 poenitentiam
3332 2298 3469 2360 pos-

361 2400 624 2443 omnem
666 2381 920 2463 culpam
969 2402 1116 2445 cum
1162 2382 1338 2445 omni
1389 2382 1720 2463 diligentia
1768 2384 1873 2447 ab·
1981 2379 2063 2441 sit
2083 2379 2162 2441 de
2186 2378 2462 2441 tcnebris
2486 2377 2885 2459 impietatum
2912 2377 2989 2439 ad
3012 2376 3215 2439 lucem
3236 2376 3469 2441 divinae

363 2481 655 2557 horrere,
681 2480 906 2557 vitare,
925 2480 1209 2556 deflere3
1244 2482 1586 2564 potiusque
1617 2500 1868 2547 omnem
1981 2477 2411 2540 miserationis
2442 2476 2670 2552 redire,
2692 2484 2885 2557 atque
2913 2476 3179 2551 salvari3
3216 2477 3325 2539 sed
3354 2495 3471 2538 un-

365 2579 619 2661 perpeti
641 2597 1119 2661 poenam,quam
1145 2580 1868 2662 supergloriosissimum
1981 2576 2177 2657 dique
2203 2576 2487 2655 gladium
2526 2573 2793 2636 ultionis
2821 2573 3057 2637 divinae
3086 2575 3471 2656 circumspe-

365 2678 564 2741 Deum
610 2698 726 2760 per
756 2678 1092 2741 minimam
1137 2678 1522 2742 inhonorare
1554 2690 1746 2761 atque
1783 2680 1872 2743 of·
1980 2676 2233 2749 ctando,
2254 2674 2567 2756 desperat.
2591 2676 2801 2741 Quum
2828 2694 2893 2732 se
2918 2676 3184 2733 moverit
3205 2676 3293 2734 ad
3311 2694 3473 2753 qua’-

363 2776 636 2839 rendere
666 2776 946 2859 culpam.
1979 2777 2259 2834 rendum
2308 2792 2573 2849 panem,
2621 2770 2683 2831 id
2732 2778 2850 2846 est,
2900 2770 2978 2831 ad
3035 2768 3249 2852 aliqua
3304 2770 3474 2834 bona

447 2877 792 2952 Sapientes
825 2880 1236 2954 confitentur.
1293 2874 1354 2937 Si
1408 2876 1726 2957 sapientes
1777 2896 1873 2937 sa-
1979 2871 2225 2950 agenda
2267 2890 2334 2933 se
2376 2869 2657 2944 verterit,
2694 2886 2963 2949 quorum
3003 2868 3253 2931 actione
3290 2888 3469 2931 mens

363 2974 678 3055 pientiam
707 2992 886 3035 suam
913 2981 975 3035 et
997 2973 1328 3035 veritatem
1354 2972 1654 3051 fatentur,
1671 2992 1783 3035 cur
1805 2973 1871 3035 in
1980 2968 2285 3052 pascitur,
2322 2972 2501 3029 novit
2540 2972 2711 3048 quod
2744 2978 3019 3045 paratus
3048 2969 3133 3027 sic
3164 2969 3238 3027 in
3266 2988 3470 3029 manu

94 3090 331 3141 emam.
364 3072 535 3134 libro
549 3070 1040 3135 Proverbiorum
1061 3071 1376 3149 scribitur,
1392 3071 1719 3153 Sapientes
1741 3072 1874 3134 abs·
1905 3077 1948 3140 C
1977 3070 2118 3145 ejus
2149 3069 2557 3128 tenebrarum
2586 3068 2748 3135 dica,
2780 3064 2843 3127 id
2882 3072 2977 3127 est
3014 3073 3263 3146 tempus
3300 3066 3471 3127 dam-

93 3188 333 3233 ·aesenum
365 3172 658 3233 condunt
700 3168 1168 3250 sapientiam*‘.‘
1213 3170 1289 3231 Et
1333 3170 1867 3252 respondendum,
1981 3167 2280 3229 nationis.
2315 3164 2483 3226 Talis
2514 3164 2685 3226 enim
2723 3164 2915 3226 homo
2954 3162 3272 3226 interdum
3313 3164 3469 3227 inci-

96 3286 333 3341 ceete.·n‚7.
365 3268 525 3351 quia
550 3270 654 3348 (ut
683 3268 978 3331 Salomon
1017 3268 1134 3348 ait)
1163 3276 1416 3349 tempus
1457 3268 1782 3349 loquendi,
1810 3278 1872 3331 et
1979 3265 2074 3348 pit
2119 3264 2365 3345 aliquid
2410 3262 2803 3345 poenitentiae
2844 3281 3156 3325 exercere.
3190 3262 3308 3325 Sed
3350 3263 3470 3325 fre-

369 3376 622 3449 tempus
650 3366 920 3429 tacendi.
935 3364 1226 3446 Congruo
1253 3383 1400 3446 ergo
1428 3374 1711 3446 'tempore
1731 3385 1870 3428 eam
1979 3372 2248 3446 quenter
2278 3362 2592 3441 contingit
2622 3380 2767 3423 eum
2800 3360 3101 3437 deficere,
3137 3362 3288 3441 quia
3315 3363 3467 3424 dum

363 3466 794 3541 abscondunt,
830 3474 895 3527 et
935 3473 1083 3547 apta
1129 3484 1268 3527 eam
1318 3465 1472 3527 hora
1521 3464 1819 3547 aperiunt
1853 3484 1865 3527 :
1979 3470 2383 3545 pcccatorum
2416 3479 2672 3523 suorum
2714 3458 3193 3522 multitudinem
3230 3460 3473 3539 magni-

363 3564 774 3628 abscondunt
823 3584 898 3626 ex
951 3564 1336 3639 humilitate,
1387 3582 1466 3625 ne
1516 3583 1583 3626 se
1630 3562 1872 3643 jactent
1981 3560 2397 3641 tudinemque
2426 3558 2786 3641 perpendit,
2822 3566 2886 3621 et
2916 3558 3113 3620 Deum
3146 3558 3471 3623 immensae

360 3672 476 3725 aut
516 3662 857 3746 propalent
891 3662 1206 3741 inaniter3
1240 3660 1636 3725 confitentur
1667 3682 1742 3724 ex
1773 3682 1882 3747 ca-·
1975 3660 2241 3741 justitiae
2290 3665 2534 3741 pensat,
2577 3658 2654 3719 ad
2695 3656 3201 3738 desperationem
3244 3658 3471 3721 relabi-

359 3762 575 3838 ritate,
623 3769 694 3822 ut
745 3760 1092 3842 loquantur
1141 3760 1502 3840 salubriter.
1538 3760 1714 3824 Tunc
1760 3780 1869 3823 au·
1977 3768 2100 3835 tur,
2138 3766 2437 3840 reputans
2477 3755 2949 3819 damnationem
2992 3754 3116 3818 sibi
3159 3764 3465 3836 paratam.

361 3869 491 3922 tem
513 3859 849 3923 scientiam
871 3859 1213 3933 occultare,
1234 3858 1490 3939 quando
1512 3867 1678 3921 esset
1697 3878 1866 3921 com·
2062 3859 2343 3919 Terrebit
2384 3877 2533 3916 eum
2582 3854 2917 3915 tribulacio
2946 3874 2969 3913 .·
3002 3852 3153 3934 quia
3200 3862 3466 3917 aeternas

359 3958 774 4033 municanda,
796 3957 1218 4039 vituperatur.
1237 3956 1382 4019 ldeo
1413 3956 1478 4017 in
1508 3956 1864 4020 Proverbiis
1974 3955 2204 4018 metuit
2232 3973 2475 4038 poenaS,
2509 3954 2657 4015 dum
2689 3971 2794 4015 eas
2824 3960 3035 4015 mente
3066 3951 3355 4013 revolvit.
3388 3952 3465 4013 Et

123 4072 328 4127 cmm,
361 4057 598 4137 legitur
647 4075 661 4118 :
705 4056 907 4121 Homo
948 4063 1244 4117 versutus
1291 4056 1452 4117 celat
1505 4055 1857 4118 scientiam.
1975 4054 2177 4117 nihilo
2207 4053 2421 4114 minus
2454 4052 2705 4134 pondus
2744 4050 3143 4132 impietatum
3176 4068 3455 4128 suarum,

93 4136 330 4247 {iatum
359 4156 522 4219 Hinc
565 4156 634 4217 in
665 4154 1113 4218 Ecclesiastico
1145 4152 1454 4235 scriptum
1485 4163 1583 4217 cst
1618 4172 1631 4215 :
1665 4154 1862 4218 Homo
1971 4153 2207 4235 quibus
2239 4170 2426 4234 poena
2458 4151 2567 4212 illa
2606 4158 2891 4230 augetur,
2926 4148 3208 4229 quotidie
3245 4165 3460 4228 aggra-

357 4256 620 4338 sapiens
655 4253 892 4317 tacebit
923 4272 1126 4335 usque
1157 4253 1233 4315 ad
1260 4261 1507 4336 tempus
1535 4276 1549 4327 3
1588 4253 1860 4316 lascivus
1893 4256 1942 4318 D
1972 4249 2652 4332 vat,quemadmodum
2679 4247 2987 4329 scriptum
3008 4255 3104 4310 est
3128 4264 3142 4308 :
3166 4246 3458 4309 Peccator
3526 4274 3668 4317 3005,
3690 4287 3748 4325 m,

356 4363 572 4417 autem
617 4362 681 4416 et
729 4352 1102 4434 imprudens
1152 4370 1280 4413 non
1321 4350 1668 4415 servabunt
1706 4360 1862 4414 tem·
1968 4349 2230 4430 adjiciet
2259 4349 2337 4410 ad
2368 4347 2786 4430 peccandum.
2811 4349 2897 4407 Et
2926 4348 3233 4424 anqustia
3262 4350 3461 4405 valla-
3488 4338 3556 4379 ²⁹·

353 4472 501 4535 pus.
541 4456 626 4515 Ec
667 4471 800 4513 non
844 4452 1243 4511 abscondunt
1273 4459 1492 4527 patres
1527 4470 1692 4510 suos.
1719 4449 1861 4523 Qui·
1969 4449 2060 4507 bic
2087 4468 2234 4507 eum
2266 4468 2289 4506 .·
2318 4446 2468 4527 quia
2511 4462 2827 4507 remorsus
2870 4443 3277 4507 conscientiae
3313 4462 3459 4505 eum

351 4552 500 4615 dam
553 4551 716 4613 adeo
745 4548 894 4611 vani
929 4557 1098 4625 sunt,
1145 4557 1216 4610 ut
1250 4548 1316 4609 in
1357 4548 1488 4609 suis
1524 4548 1711 4611 dictis
1749 4558 1860 4611 aut
1968 4545 2316 4626 aliquando
2345 4544 2565 4623 angit3
2606 4550 2670 4605 et
2702 4552 2985 4623 tempore
3014 4541 3260 4618 mortis,
3285 4542 3463 4604 dein-

351 4650 618 4732 scriptis
663 4650 940 4729 majores
990 4666 1137 4711 suos
1186 4647 1328 4711 ideo
1379 4664 1506 4709 non
1555 4647 1853 4727 allegent,
1968 4645 2048 4707 de
2079 4644 2145 4705 in
2178 4643 2398 4706 divino
2434 4641 2699 4723 judicic,
2734 4660 2807 4703 ac
2846 4648 3168 4722 postremo
3213 4641 3277 4703 in
3322 4640 3459 4703 loco

351 4748 654 4831 quamvis
697 4766 775 4810 ex
804 4746 898 4809 eis
931 4745 1278 4809 didicerint
1316 4764 1460 4826 quae
1499 4746 1722 4808 dicunt
1749 4755 1858 4808 aut
1967 4740 2394 4806 damnationis
2424 4748 2674 4802 aeternae
2695 4738 2971 4801 vallatur
2994 4737 3310 4818 angustia,
3328 4738 3460 4818 jux-

349 4846 668 4923 scribunt,
695 4854 1012 4927 quatenus
1051 4844 1232 4925 quasi
1283 4864 1360 4906 ex
1406 4844 1665 4925 proprio
1708 4845 1856 4907 talia
1968 4850 2028 4903 ta
2055 4840 2216 4903 illud
2242 4838 2567 4901 Jeremioe‘:
2596 4838 2756 4899 Ecce
2788 4835 2975 4899 turbo
3003 4836 3337 4899 dominicae
3367 4836 3458 4897 in-
3524 4858 3747 4905 namu,

349 4946 552 5009 scisse
572 4952 897 5027 putentur,
915 4952 976 5005 et
998 4942 1118 5025 ipsi
1144 4950 1446 5024 tanquam
1469 4942 1856 5024 principales
1966 4938 2356 5021 dignationis
2385 4936 2765 5016 egredietur,
2792 4944 2854 4997 et
2888 4943 3227 5016 tempestas
3256 4953 3457 4996 erum·
3487 4924 3553 4966 ¹⁹·

346 5046 648 5107 doctores
697 5042 764 5103 in
814 5041 1238 5104 admiratione
1278 5040 1651 5118 habeantur,
1708 5041 1856 5104 alle-
1965 5058 2122 5122 pens
2145 5054 2335 5118 super
2356 5043 2546 5116 caput
2570 5034 2913 5115 impiorum
2932 5033 3457 5095 venietTecendic

345 5151 604 5221 gantur,
642 5141 1004 5203 laudentur.
1039 5138 1143 5201 Isti
1177 5147 1389 5220 patres
1419 5158 1566 5201 suos
1596 5137 1854 5203 abscon:
1961 5140 2136 5199 enim
2159 5138 2467 5196 adversus
2487 5136 2693 5194 Deum
2720 5152 2987 5191 manum
3015 5150 3223 5201 suam,
3241 5140 3301 5190 et
3319 5150 3460 5191 con—

344 5243 512 5305 dunt
549 5260 564 5303 :
616 5239 788 5319 quod
838 5247 902 5301 et
949 5238 1043 5300 illi
1093 5237 1296 5319 magis
1343 5237 1853 5318 vituperabilius·
1965 5245 2064 5296 (ra
2107 5235 2616 5311 Omnipotentem
2654 5232 2985 5289 roboratus
3023 5238 3132 5288 est.
3166 5228 3300 5291 Non
3346 5246 3456 5309 op-

345 5358 476 5421 que
507 5338 721 5401 facere
749 5336 1139 5419 judicantur,
1159 5335 1272 5420 qui
1298 5333 1756 5399 catholicorum
1788 5343 1851 5399 et
1960 5350 2273 5419 ponamus
2306 5346 2422 5395 nos
2453 5328 2580 5393 Deo
2612 5344 2626 5391 ε
2660 5325 2762 5391 cui
2803 5334 2866 5391 et
2906 5324 3015 5390 ille
3053 5344 3121 5389 se
3160 5325 3452 5411 opponit,
