4309 6259
604 2151 715 2195 Luc.
730 2166 840 2203 xxiv,

579 2217 647 2259 18.

868 466 945 532 34
1467 483 1812 531 umanum
1855 483 1916 527 m
1958 482 2102 528 cap.
2139 480 2201 525 v1
2243 478 2400 523 unm
2442 474 2665 531 ρυΑΒτι
2706 476 2933 523 aucun.
2978 494 3059 505 -
3099 474 3241 519 Aur.
3286 472 3353 519 lx

945 657 1154 716 Dumit
1183 676 1328 733 eryo
1357 676 1456 715 eos
1489 658 1570 715 in·
1591 655 1989 717 Samariam.
2015 656 2353 731 Quumque
2382 648 2435 709 A
2464 651 2845 709 universum
2872 650 3226 708 eam-ercitum
3254 667 3467 718 suum,
3486 656 3545 705 et
3574 646 3857 706 ascendit
3878 652 3937 702 et

865 756 1136 831 inqressi
1164 756 1441 833 fuissent
1471 756 1540 817 in
1579 753 1986 820 Samariam,
2014 753 2191 811 discit
2214 751 2355 811 Eli-

863 873 1001 911 seus
1023 874 1044 912 .·
1066 854 1366 923 Domine,
1387 854 1571 929 aperi
1601 856 1810 911 oeulos
1843 853 2139 918 istorum,
2166 858 2235 909 ut
2268 850 2353 907 vi-

862 952 1083 1020 deant,
1113 950 1178 1012 id
1227 958 1343 1027 est,
1389 950 1755 1031 praedictam
1803 947 2150 1011 caecitatem
2202 946 2354 1008 tolle

863 1046 943 1109 ab
971 1048 1085 1125 θὶς,
1120 1056 1190 1110 ut
1231 1049 1597 1111 discernant
1627 1068 1703 1111 ca
1739 1066 1882 1128 quae
1913 1046 2153 1111 vident.
2188 1049 2355 1123 Ape—

864 1150 976 1206 rui
981 1158 1119 1227 tque
1136 1150 1451 1208 Dominus
1468 1151 1678 1207 oculos
1697 1148 1974 1206 illorum.
1991 1145 2150 1207 Ecce
2164 1164 2355 1226 quan-

867 1254 929 1307 ta
960 1244 1113 1308 fecit
1140 1246 1552 1326 Omnipotens
1595 1246 1674 1308 ad
1720 1244 2090 1306 instantiam
2131 1242 2349 1307 Elisei.

865 1344 1040 1406 Unde
1089 1352 1356 1421 constat,
1402 1345 1574 1425 quod
1613 1362 1880 1423 magnus
1927 1352 2061 1406 erat
2109 1343 2352 1407 amicus

866 1442 1198 1519 Altissimi,
1244 1451 1308 1505 et
1355 1443 1666 1525 Propheta
1712 1442 2004 1505 eximiuS.
2049 1446 2133 1505 Et
2184 1446 2353 1503 vide-

866 1550 1045 1612 runt,
1080 1541 1146 1603 id
1173 1549 1270 1603 est
1297 1541 1760 1617 discreverunt,
1789 1562 1854 1601 se
1882 1562 2009 1601 esse
2040 1544 2112 1603 in
2141 1544 2350 1601 medio

867 1642 1213 1701 Samariae.
1236 1639 1495 1721 Propter
1525 1640 1696 1720 quod
1715 1640 1944 1703 merito
1974 1640 2346 1714 timuerunt,

867 1736 1156 1802 videntes
1187 1757 1255 1801 se
1275 1757 1414 1801 esse
1442 1738 1510 1799 in
1533 1739 1742 1801 medio
1763 1738 2068 1800 hostium.
2091 1738 2182 1800 Ex
2203 1757 2355 1820 prae-

2462 748 2778 808 obsidebat
2819 748 3216 808 Samariam.
3265 744 3721 826 Respondetur,
3774 741 3937 824 quod

2464 844 2529 905 in
2561 844 2905 926 Scripturis
2942 862 3061 926 per
3101 844 3294 907 talem
3338 843 3597 905 modum
3640 840 3937 923 loquendi

2463 943 2831 1023 designatur
2868 942 3085 1025 aliqua
3130 942 3433 1024 temporis
3469 960 3645 1003 mora
3686 958 3814 1023 prae
3848 957 3940 1001 so-

2464 1041 2577 1104 lito
2622 1042 2944 1118 diuturna,
2979 1041 3273 1124 quamvis
3308 1058 3446 1103 non
3486 1048 3619 1102 toto
3663 1048 3941 1119 tempore

2464 1142 2768 1204 duratura
2812 1160 2825 1203 :
2868 1142 3051 1223 juxta
3094 1160 3289 1221 quem
3338 1158 3593 1203 sensum
3640 1137 3939 1219 scriptum

2464 1249 2559 1303 est
2590 1240 2655 1303 in
2694 1240 2873 1315 lsaia,
2909 1240 3043 1303 Non
3079 1238 3319 1303 levabit
3346 1256 3502 1319 gens
3540 1246 3758 1301 contra
3792 1253 3941 1315 gen-
4006 1254 4066 1295 ιε.
4088 1268 4131 1294 ι..
4154 1256 4189 1294 ι.

2466 1347 2592 1402 tem
2640 1338 2945 1419 gladium,
2989 1357 3105 1400 nec
3150 1336 3608 1401 exercebuntur
3658 1335 3825 1397 ultra
3862 1334 3938 1396 ad

2463 1437 2778 1519 praelium.
2802 1437 2925 1500 Nec
2955 1438 3201 1499 discent
3228 1436 3397 1499 ultra
3414 1435 3809 1516 belligerare.
3825 1432 3943 1495 Ali·
3969 1452 4209 1495 mrumst.

2462 1532 2573 1617 q'ui
2607 1554 2756 1598 vero
2787 1536 3031 1612 dicunt,
3066 1536 3235 1616 quod
3280 1534 3553 1597 latrones
3584 1533 3773 1615 Syriae
3816 1551 3939 1595 non

2464 1642 2776 1699 venerunt
2816 1634 2985 1696 ultra
3028 1634 3095 1695 in
3144 1633 3330 1696 Israel
3379 1641 3663 1714 'tempore
3698 1630 3887 1693 Elisei
3923 1648 3937 1691 :

2463 1732 2697 1814 quibus
2735 1732 2952 1795 obviat
2992 1733 3161 1813 quod
3202 1731 3321 1794 ista
3358 1731 3604 1795 obsidio
3650 1729 3813 1793 sacta
3850 1736 3943 1791 est

869 1844 1033 1898 tacta
1060 1854 1315 1917 quoque
1345 1836 1533 1917 plaga
1563 1835 1863 1899 caecitatis
1898 1844 2080 1897 erant
2113 1847 2353 1918 perter-
2390 1835 2436 1897 B
2463 1830 2671 1893 Eliseo
2702 1831 2767 1893 in
2790 1830 3072 1893 Samaria
3102 1830 3464 1907 exsistente,
3492 1837 3560 1890 ut
3590 1828 3797 1890 statim
3830 1846 3937 1909 pa-

869 1935 999 1995 riti.
1032 1934 1199 1996 Talis
1230 1953 1484 2016 quoque
1514 1933 1761 1996 caecitas
1804 1934 2070 2013 contigit
2103 1936 2356 1999 duobus

869 2031 1224 2114 discipulis,
1257 2050 1403 2094 cum
1431 2032 1668 2113 quibus
1708 2032 1772 2093 in
1810 2032 1915 2095 die
1945 2034 2355 2097 resurrectio-

871 2130 969 2191 nis
998 2130 1283 2194 Christus
1325 2130 1637 2208 transivit,
1672 2149 1942 2212 quorum
1982 2133 2152 2195 oculi
2187 2140 2358 2197 tene-

869 2230 1122 2305 bantur,
1161 2248 1240 2293 ne
1276 2248 1424 2291 eum
1463 2240 1934 2310 cognoscerent,
1970 2239 2039 2293 ut
2083 2232 2353 2295 habetur

620 2349 729 2392 cm.
754 2362 839 2400 m,
870 2326 935 2388 in
979 2327 1180 2402 Luca3
1225 2346 1298 2389 ac
1337 2326 1678 2390 Sodomitis
1727 2328 1794 2389 in
1838 2326 2083 2390 foribus
2113 2328 2250 2403 Lot,
2284 2335 2355 2388 ut

869 2432 1044 2505 patet
1091 2424 1160 2485 in
1199 2424 1450 2487 Genesi.
1497 2426 1813 2502 Dimitque
1858 2446 1974 2484 rea:
2017 2428 2225 2487 Israel
2264 2428 2355 2485 ad

868 2524 1185 2593 Eliseum‚
1233 2544 1434 2600 quum
1481 2524 1742 2583 vidisset
1787 2543 1887 2583 eos
1935 2545 1958 2582 .·
2010 2526 2354 2604 Numquid

861 2622 1226 2697 percutiam
1255 2641 1379 2690 eos,
1403 2631 1594 2699 pater
1621 2624 1740 2689 mi,
1763 2621 1878 2702 qui
1911 2630 2036 2683 tam
2071 2632 2355 2703 paterna-

871 2717 1016 2779 liter
1044 2717 1346 2782 subvenis
1390 2717 1548 2779 mihi
1579 2726 1642 2781 et
1671 2736 1865 2799 regno
1909 2724 2095 2783 meo?
2128 2725 2211 2782 Et
2242 2724 2354 2781 ille

869 2816 966 2875 ait
995 2836 1019 2873 .·
1050 2814 1198 2877 Non
1217 2817 1536 2892 percuties
1557 2839 1583 2887 ,·
1613 2835 1814 2895 neque
1841 2818 2066 2894 cepisti
2093 2838 2193 2877 eos
2215 2822 2353 2894 yla-

868 2916 978 2973 a'io
1013 2924 1073 2973 et
1116 2934 1273 2973 areu
1319 2924 1446 2985 tue,
1481 2924 1552 2973 ut
1587 2916 1939 2991 percutias,
1969 2915 2090 2977 hoc
2129 2924 2248 2992 est,
2286 2924 2355 2978 ut

2464 1928 2644 1991 tebit.

2544 2032 2869 2108 Factaque
2894 2040 2985 2089 est
3014 2030 3221 2105 fames
3250 2048 3486 2105 mayna
3518 2029 3591 2087 in
3610 2028 3943 2095 Samaria,

2462 2137 2523 2187 et
2560 2131 2817 2189 tamdiu
2860 2131 3101 2189 obsessa
3140 2138 3231 2187 est
3270 2126 3494 2189 civitas
3534 2146 3573 2188 a
3610 2124 3801 2207 SyriS,
3834 2128 3943 2185 do-

2464 2246 2578 2287 nee
2608 2230 3096 2287 venundaretur
3124 2235 3319 2303 eaput
3358 2228 3560 2297 asini,
3592 2224 3702 2307 qui
3734 2232 3941 2287 tamen

2464 2332 2561 2386 est
2588 2323 2823 2387 animal
2856 2324 3231 2387 comestioni
3264 2323 3573 2405 ineptum,
3599 2322 3721 2384 nisi
3752 2322 3820 2384 in
3844 2341 3943 2385 ne-

2463 2422 2777 2500 cessitate,
2812 2431 3003 2505 atque
3042 2422 3445 2484 immundum
3476 2421 3823 2485 secundum
3854 2421 3941 2482 le·
3972 2440 4067 2484 Leo.
4086 2453 4140 2489 ιι,
4156 2442 4213 2479 21,

2460 2540 2626 2601 gem,
2661 2525 2984 2599 octoyinta
3028 2524 3347 2599 arqenteis
3366 2546 3394 2593 ,·
3428 2532 3489 2582 et
3525 2531 3756 2602 quarta
3786 2540 3943 2598 pars

2462 2624 2630 2692 cabi,
2661 2621 2723 2682 id
2755 2629 2851 2683 est
2884 2639 3199 2683 mensurae
3240 2620 3331 2684 sic
3364 2628 3760 2702 nuncupatae,
3792 2630 3945 2679 ster-

2460 2722 2627 2780 coris
2667 2723 3136 2788 columbarum,
3167 2722 3453 2799 quinque
3484 2721 3799 2797 argenteis
3846 2718 3947 2779 de-

2463 2818 2682 2880 nariis,
2710 2819 2995 2881 Stercore
3025 2817 3136 2880 illo
3166 2816 3537 2880 columbino
3566 2815 3943 2880 condiebant

2463 2917 2701 2980 cibaria
2747 2937 2862 2979 sua
2900 2936 3017 2999 pro
3059 2916 3210 2994 sale,
3256 2926 3327 2978 ut
3370 2916 3678 2998 Iosephus
3728 2914 3939 2977 refert.

870 3012 1308 3075 auctoritatem
1337 3010 1569 3074 habeas
1600 3011 1742 3093 jure
1772 3013 1924 3077 belli
1955 3014 2035 3076 ad
2065 3015 2355 3077 occiden-
2390 3024 2434 3087 C
2465 3015 2681 3097 Aliqui
2710 3024 2921 3078 tamen
2943 3016 3188 3093 dicunt,
3223 3034 3335 3097 per
3366 3023 3609 3078 stercus
3640 3012 3946 3077 columbae

870 3110 1022 3171 dum
1054 3129 1184 3173 eos,
1207 3110 1295 3172 Ex
1316 3110 1438 3173 isto
1461 3110 1973 3194 probatur‚quod
2009 3112 2221 3175 Sancti
2254 3133 2355 3177 ve-

871 3208 1022 3270 teris
1053 3208 1434 3271 Testamenti
1467 3208 1759 3272 inimicos
1790 3229 1938 3273 suos
1968 3211 2349 3290 dilexerunt,

870 3316 934 3369 et
973 3306 1429 3371 benefecerunt
1467 3308 1708 3372 eisdem
1747 3310 2066 3373 reddendo
2109 3310 2353 3373 bonum

871 3423 985 3487 pro
1015 3407 1203 3483 malo,
1245 3407 1410 3469 sicut
1439 3407 1886 3489 subjungitur3
1917 3412 2026 3469 sed
2045 3430 2215 3487 pone
2232 3431 2353 3487 pa-

869 3526 1015 3565 nem
1043 3516 1102 3565 et
1132 3527 1370 3586 aquam
1399 3527 1614 3567 coram
1644 3509 1760 3578 eis,
1791 3507 1856 3569 id
1897 3517 1994 3570 est
2031 3508 2246 3571 cibum
2293 3517 2356 3571 et

868 3611 1112 3684 potum,
1149 3623 1294 3685 quae
1333 3605 1590 3667 nomine
1621 3605 1804 3687 panis
1844 3614 1906 3669 et
1943 3626 2124 3688 aquae
2160 3608 2356 3687 signi-

869 3701 1051 3764 ficari
1097 3703 1162 3764 in
1206 3704 1545 3785 Scripturis
1593 3713 2062 3768 consueverunt
2115 3723 2128 3768 ε
2180 3708 2353 3789 quod

867 3800 1058 3863 eliam
1090 3820 1166 3864 ex
1195 3802 1610 3884 sequentibus
1643 3803 2022 3878 innotescit3
2057 3816 2130 3865 ut
2158 3828 2355 3868 come-

867 3902 1030 3961 dant
1085 3911 1146 3961 et
1193 3903 1438 3972 bibant,
1487 3912 1546 3963 et
1594 3905 1837 3964 vadant
1883 3906 1970 3965 ad
2011 3907 2353 3965 dominum

865 4020 1082 4060 suum.
1116 4002 1551 4078 Appositaque
1591 4012 1680 4062 est
1723 4004 1815 4061 eis
1842 4004 2154 4074 ciborum,
2185 4003 2352 4066 haud

866 4095 1132 4159 dubium
1161 4098 1319 4179 quin
1349 4106 1412 4160 et
1441 4107 1729 4180 potuum,
1757 4121 1998 4177 mayna
2021 4120 2356 4179 proepara-

2465 3114 2734 3195 intelligi
2762 3114 2902 3196 ejus
2928 3114 3297 3191 vesiculam,
3321 3114 3386 3175 in
3406 3131 3535 3196 qua
3566 3111 3789 3195 recipit
3810 3131 3948 3193 gra-

2465 3232 2549 3274 na
2575 3213 2813 3276 deforis
2859 3222 3113 3295 sumpta
3148 3230 3162 3273 :
3197 3231 3341 3294 quae
3390 3212 3671 3277 vesicula
3719 3210 3943 3293 projici

2465 3310 2646 3387 solet,
2662 3312 2771 3373 sed
2795 3319 2946 3373 tunc
2967 3310 3427 3387 reservabatur,
3447 3319 3516 3372 ut
3536 3328 3730 3392 grana
3748 3308 3949 3391 ipsius

2468 3410 2894 3473 venderentur
2944 3408 3281 3473 famelicis,
3320 3413 3651 3489 Quumque
3698 3430 3812 3469 νοω
3855 3412 3948 3469 Is-

2466 3514 2603 3569 rael
2636 3512 2943 3570 transiret
2983 3528 3104 3585 per
3132 3530 3395 3569 murum
3433 3508 3513 3569 ad
3550 3507 3951 3570 consideran-

2465 3608 2619 3669 dum
2664 3607 2985 3670 custodias
3030 3607 3193 3689 ejuS,
3226 3606 3291 3669 id
3330 3614 3427 3669 est
3471 3604 3947 3688 propugnacula

2467 3705 2567 3768 vel
2597 3714 2873 3768 armatos
2904 3706 2971 3767 in
3002 3705 3118 3782 εἰς,
3152 3706 3393 3765 mulier
3420 3708 3717 3783 quoedam
3743 3708 3949 3764 excla-

2467 3808 2670 3866 mavit
2698 3808 2787 3867 ad
2812 3827 2985 3877 eum,
3017 3807 3236 3867 dicens
3266 3822 3290 3865 .·
3320 3808 3525 3865 Salva
3553 3824 3671 3877 me,
3694 3805 3949 3864 domine

2468 3906 2561 3964 mi
2606 3925 2746 3975 rex,
2784 3903 2850 3966 id
2890 3911 3006 3980 est,
3052 3921 3352 3966 succurre
3400 3901 3582 3963 mihi.
3628 3904 3755 3971 Qui
3800 3904 3947 3961 ait:

2468 4004 2617 4063 Non
2650 4012 2707 4062 te
2736 4007 2937 4062 salvet
2965 4004 3301 4069 Dominus,
3331 4000 3394 4062 id
3438 4008 3556 4075 est,
3588 4018 3705 4063 nec
3744 4018 3781 4061 a
3822 4016 3943 4076 me,

2468 4120 2585 4164 nec
2612 4120 2649 4163 a
2676 4102 2803 4164 Deo
2823 4100 3234 4183 consequaris
3265 4099 3596 4162 auxilium.
3632 4099 3757 4162 Hoc
3787 4099 3943 4161 dixit

869 4197 978 4255 tio.
1015 4198 1100 4255 Et
1126 4199 1554 4268 comederunt,
1579 4208 1637 4257 ec
1660 4199 1980 4268 biberunt,
2010 4210 2070 4259 et
2097 4201 2354 4261 dimisit
2387 4207 2436 4268 D
2464 4218 2540 4261 ex
2590 4199 2802 4262 subita
2850 4199 3328 4281 perturbatione
3376 4206 3441 4260 et
3484 4197 3943 4278 indignatione,

865 4313 986 4365 eoa,
1020 4296 1442 4372 abieruntque
1471 4298 1560 4355 ad
1588 4297 1928 4361 dominum
1959 4317 2175 4359 suum.

945 4392 1032 4451 Et
1061 4396 1238 4451 ultra
1279 4412 1410 4452 non
1450 4404 1766 4453 venerunt
1802 4396 2078 4453 latrones
2107 4398 2350 4471 Syriae,

866 4488 1110 4551 scilicet
1137 4488 1261 4552 viri
1298 4490 1585 4571 praedicti
1625 4499 1734 4552 aut
1767 4489 1875 4553 alii
1910 4491 2069 4572 Syri,
2103 4493 2217 4573 qui
2246 4513 2354 4556 vo-

865 4596 1090 4649 cantur
1121 4587 1420 4664 latroneS‚
1445 4588 1510 4650 id
1539 4597 1635 4651 est
1666 4588 1891 4669 injusti
1913 4599 2349 4671 persecutores

865 4694 928 4746 et
959 4694 1304 4748 vastatores
1343 4686 1699 4749 Israeliticae
1741 4686 1970 4768 plebis,
2005 4692 2076 4749 in
2109 4699 2349 4751 terram

861 4786 1069 4843 Israel
1087 4784 1166 4845 ad
1199 4784 1577 4861 nocendum,
1603 4792 1861 4865 propter
1891 4785 2351 4851 humanitatem

859 4890 926 4943 et
952 4881 1220 4960 gratiam
1251 4881 1344 4944 eis
1365 4881 1713 4944 exhibitam
1743 4882 1823 4945 ab
1843 4883 2055 4947 Eliseo
2083 4895 2146 4948 et
2180 4906 2344 4969 rege,

859 4987 925 5042 et
953 4998 1031 5041 ne
1061 4999 1280 5041 rursus
1299 4980 1582 5043 caecitate
1612 4990 2112 5063 percuterentur,
2137 4994 2201 5047 et
2225 4995 2352 5049 tan-

861 5097 1054 5158 quam
1087 5077 1316 5159 ingrati
1338 5079 1800 5142 occiderentur.
1825 5080 1943 5143 Sed
1967 5083 2067 5145 his
2095 5084 2349 5149 videtur

864 5176 1123 5239 obviare
1153 5178 1324 5258 quod
1354 5178 1648 5240 subditur
1674 5197 1688 5241 :
1717 5183 1980 5241 Factum
2016 5193 2106 5243 est
2133 5198 2351 5249 autem

855 5286 1000 5353 post
1030 5279 1186 5346 lewe,
1207 5280 1614 5354 eonyreyavit
1641 5282 1958 5342 Benadad
1985 5303 2101 5343 rea:
2131 5288 2349 5362 Syriai

2466 4306 2694 4379 putans
2725 4299 2899 4380 quod
2926 4297 3157 4359 mulier
3188 4297 3300 4360 illa
3328 4304 3643 4378 quaereret
3687 4296 3810 4358 sibi
3844 4316 3948 4359 ne-

2464 4395 2737 4460 cessaria
2766 4398 2913 4461 vitae
2943 4396 3101 4473 dari,
3128 4396 3364 4477 quibus
3386 4404 3449 4457 et
3480 4395 3617 4475 ipse
3652 4394 3938 4473 indiguit.

2463 4495 2722 4577 Propter
2758 4496 2928 4576 quod
2980 4494 3273 4557 subditur
3314 4512 3327 4555 :
3362 4496 3537 4555 unde
3587 4503 3642 4553 te
3683 4512 3941 4571 possum

2461 4598 2716 4654 salvare
2742 4598 2822 4655 de
2851 4615 3005 4654 area
3034 4598 3133 4654 vel
3160 4597 3239 4654 de
3262 4593 3575 4653 torculari
3596 4594 3626 4651 ,ἲ
3653 4589 3837 4672 quasi
3856 4590 3948 4651 di-

2462 4700 2604 4755 cat:
2635 4691 2758 4755 Nec
2790 4692 2979 4755 blada
3007 4712 3151 4774 quae
3181 4699 3513 4754 servantur
3544 4690 3611 4751 in
3640 4708 3809 4766 area,
3834 4708 3947 4751 nec

2464 4791 2687 4855 vinum
2736 4792 2906 4873 quod
2946 4792 3013 4852 in
3053 4789 3352 4854 torculari
3391 4790 3788 4871 exprimitur,
3825 4787 3938 4851 >tibi

2463 4891 2646 4954 valeo
2704 4890 3024 4954 exhibere.
3075 4892 3393 4970 Dioeitque
3446 4893 3534 4950 ad
3578 4911 3721 4949 eam
3760 4909 3877 4948 rex
3924 4908 3947 4947 .-

2464 4993 2639 5061 Quid
2671 4994 2789 5051 tibi
2820 4994 2959 5050 vis?
2980 4993 3133 5059 Qaoe
3161 4992 3533 5067 respondit:
3557 4991 3797 5051 Mulier
3820 4990 3941 5047 ista

2460 5093 2641 5150 dixit
2676 5092 2840 5151 milii
2867 5111 2889 5149 .·
2920 5093 3023 5151 Da
3052 5088 3212 5150 mihi
3250 5092 3469 5165 filium
3515 5098 3719 5159 tuum,
3752 5097 3824 5147 ut
3852 5106 3947 5147 co-

2464 5194 2795 5251 medamus
2820 5210 2968 5249 eum
2996 5192 3205 5260 hodie,
3229 5188 3293 5251 id
3326 5196 3421 5251 est
3449 5186 3945 5261 infantulum,ut

2464 5308 2611 5351 eum
2641 5286 2926 5351 occidam
2957 5294 3019 5349 et
3049 5305 3341 5368 coquam,
3364 5284 3518 5366 quia
3546 5292 3613 5346 tu
3643 5284 3942 5347 abhorres
4040 5315 4047 5321 ·
