4309 6259
122 1196 147 1235 J
154 1194 197 1235 sb
214 1206 343 1241 xxxv,

174 4048 192 4067 ‘
222 4046 331 4089 alias

118 4110 323 4162 loquatur

1184 526 1529 571 ENARRATIO
1573 526 1633 571 ΙΝ
1676 528 1811 573 GAP.

1859 527 2057 575 xxxlu
2094 528 2222 573 1013.
2267 548 2348 557 —
2387 530 2531 575 Aur.
2577 530 2676 575 Lx!

3359 511 3476 573 657

376 691 663 771 infinite,
698 703 761 757 et
802 714 915 777 per
956 716 1376 778 consequens,
1414 697 1877 779 incomparabi-
1904 696 1953 758 A
1984 698 2169 777 quasi
2202 698 2488 778 quotidie
2511 698 3046 781 morituru5,q11ia
3077 706 3326 779 tempus
3352 715 3478 779 poe-

375 790 526 853 liter
558 792 789 856 melior
816 804 1013 875 atque
1048 795 1392 877 perfectior
1430 796 1710 873 homine,
1749 797 1877 859 imo

372 898 438 951 et
489 897 625 953 toto
678 892 977 956 universo
1024 912 1037 955 :
1091 895 1261 974 quod
1308 893 1500 957 etiam
1542 894 1685 957 Eliu
1734 895 1876 957 ideo

372 988 487 1061 ait,
524 989 700 1069 quia,
738 993 1087 1053 secundum
1139 1012 1319 1054 suam
1366 992 1870 1069 aestimationem,

372 1086 494 1148 Job
516 1086 1013 1153 immoderanter
1041 1090 1436 1172 comparavit
1466 1110 1533 1153 se
1554 1092 1699 1153 Deo.
1722 1092 1875 1153 Nam

380 1184 553 1247 infra
585 1186 676 1248 ait
703 1188 781 1249 ad
812 1188 927 1250 Job
964 1206 977 1249 :
1010 1188 1330 1269 Numquid
1360 1188 1479 1251 tibi
1510 1190 1677 1270 justa
1705 1190 1876 1252 vide—

380 1292 484 1343 tur
531 1284 835 1365 cogitatio
883 1295 1014 1362 tua,
1059 1295 1131 1349 ut
1172 1286 1436 1361 dicereS,
1469 1287 1705 1350 Justior
1750 1290 1876 1351 Deo

378 1386 571 1444 sum?
602 1383 728 1447 Cur
753 1393 967 1447 autem
1000 1394 1125 1447 tam
1156 1386 1323 1466 juste
1355 1386 1531 1466 loqui
1564 1386 1869 1463 intendat,

378 1481 626 1561 adjicit.
674 1485 899 1545 Nescio
939 1486 1115 1545 enim
1154 1486 1472 1563 quamdiu
1508 1486 1872 1556 subsistam,

377 1580 443 1641 id
489 1588 609 1657 est,
643 1581 811 1643 diem
860 1590 923 1645 et
968 1583 1187 1645 horam
1238 1582 1461 1645 mortis
1513 1583 1776 1663 ignoro;
1817 1594 1875 1643 et

374 1681 437 1737 si
459 1688 605 1755 post
636 1682 963 1741 modicum
996 1684 1177 1741 tollat
1206 1702 1303 1741 me
1331 1682 1541 1757 factor
1578 1702 1775 1751 meuc,
1811 1680 1874 1743 id

375 1784 497 1852 est,
534 1776 761 1856 ignoro
801 1797 883 1839 an
924 1777 1181 1841 Creator
1226 1797 1407 1841 meus
1454 1778 1581 1840 cito
1629 1778 1877 1841 auferet

1987 796 2232 858 nitendi
2265 797 2425 859 mihi
2454 798 2734 860 dandum
2765 816 2904 860 esse
2933 816 3059 859 non
3089 796 3238 860 novi
3267 796 3475 858 :unde

1986 912 2099 973 pro
2130 893 2384 956 modico
2423 893 2636 957 dubiae
2673 902 2863 975 atque
2903 893 3342 975 corruptibilis
3381 892 3475 955 vi-

1984 998 2083 1067 tae,
2118 1010 2153 1051 a
2185 992 2450 1054 veritate
2489 1000 2552 1054 et
2588 991 2886 1073 aequitate
2931 1010 3332 1073 nequaquam
3380 1010 3474 1053 re·-

1984 1090 2207 1151 cedere
2259 1089 2480 1153 debeo.
2532 1089 2632 1151 Sic
2679 1099 2742 1151 et
2787 1089 3074 1152 Christus
3123 1090 3411 1152 hortatur
3451 1107 3467 1150 ε

1984 1187 2227 1263 Videte,
2280 1188 2561 1268 vigilate,
2615 1196 2678 1251 et
2724 1197 2937 1263 orate;
2989 1188 3248 1251 nescitis
3297 1187 3470 1251 enim
3501 1202 3763 1307 greg-§.mh

1983 1288 2240 1366 quando
2283 1286 2588 1349 Dominus
2635 1287 2850 1348 veniat-
2884 1302 2898 1349 ε
2931 1306 3093 1363 sere,
3136 1305 3215 1348 an
3263 1286 3472 1349 media

1988 1393 2192 1460 nocte,
2235 1404 2315 1445 an
2359 1385 2511 1466 galli
2561 1393 2772 1461 cantu,
2813 1404 2894 1447 an
2937 1404 3144 1448 mane.
3187 1384 3470 1466 Denique

1986 1482 2127 1543 Eliu
2148 1485 2250 1560 (ut
2268 1483 2462 1546 moris
2485 1493 2582 1545 est
2602 1484 2878 1547 inaniter
2899 1482 3306 1565 sapientium,
3320 1483 3470 1545 etin

1986 1581 2263 1662 propriis
2285 1582 2488 1643 oculis
2511 1582 2968 1662 virtuosorum)
2995 1581 3208 1645 verbis
3233 1582 3474 1661 jactan-

1987 1678 2089 1741 tiae
2120 1680 2449 1761 sapientiae
2474 1680 2670 1743 verba
2701 1680 3090 1756 commiscet,
3118 1687 3187 1741 ut
3219 1679 3472 1760 sapiens

1985 1777 2328 1858 judicetur,
2361 1787 2425 1841 et
2459 1778 2922 1841 rationabiliter
2953 1777 3130 1859 loqui
3167 1784 3475 1840 monstre-

378 1894 483 1936 me
513 1875 595 1937 de
625 1875 745 1938 hac
776 1876 928 1939 vita.
961 1876 1074 1939 Vel
1104 1895 1329 1937 sensus
1362 1884 1457 1938 est
1493 1893 1506 1937 :
1541 1876 1761 1939 Nescio
1795 1895 1873 1938 an
1916 1878 1958 1939 B
1985 1884 2109 1937 tur.
2157 1876 2277 1938 Sed
2330 1877 2392 1937 in
2442 1877 2678 1940 talibus
2726 1875 3094 1939 hominibus
3144 1876 3472 1958 passiones

378 1981 523 2054 post
556 1971 753 2036 breve
782 1980 1033 2055 tempus
1054 1974 1157 2037 vel
1188 1974 1446 2053 longum
1476 1975 1745 2037 adducet
1774 1994 1875 2037 me

372 2071 453 2132 ad
506 2090 695 2133 suum
744 2072 1048 2135 tribunal.
1094 2073 1237 2159 Ideo
1288 2072 1379 2135 sic
1427 2090 1611 2153 agere
1649 2072 1870 2150 dohec,

1984 1983 2047 2037 et
2077 1974 2232 2039 vitia
2262 1975 2432 2037 actui
2463 1976 2726 2038 rationis
2756 1994 2824 2037 se
2852 1974 3024 2037 intus
3061 1975 3468 2055 permiscent,

1983 2082 2177 2154 atque
2215 2074 2295 2135 ad
2339 2073 2868 2156 reprehensibilia
2898 2074 3092 2136 verba
3133 2072 3466 2135 inducunt.

1470 2501 2122 2587 ARTICULUS
2198 2504 2388 2587 LXI

714 2774 1097 2819 EXPLANATIO
1135 2774 1410 2819 CAm'rum
1450 2773 1752 2819 'rmct-:slffl
1793 2774 1994 2818 'rssn'm
2039 2776 2051 2818 :
2101 2776 2247 2820 Aum
2291 2776 2468 2834 ERGO,
2513 2776 2640 2835 1013,
2687 2776 2942 2831 EtootnA
2986 2778 3132 2823 MEA.

499 3052 875 3116 INITOsuae
895 3052 1345 3133 disputationis
1377 3050 1870 3133 prooemio,Eliu
1906 3050 1949 3111 C
1980 3052 2149 3131 quod
2194 3052 2355 3113 nihil
2388 3052 2648 3117 intendo
2681 3055 2803 3117 nisi
2840 3055 3122 3119 veritatis
3151 3054 3468 3119 defensio-

521 3170 694 3213 nunc
745 3150 1243 3232 disputationem
1302 3150 1505 3231 ipsam
1564 3152 1869 3213 adversus

373 3251 491 3315 Job
523 3251 821 3325 inchoa’t3
864 3258 927 3313 et
956 3248 1185 3331 partim
1219 3249 1311 3311 ira
1342 3268 1415 3310 ac
1447 3248 1865 3330 impatientia,

378 3350 747 3431 partimque
796 3347 1292 3430 praesumptione
1335 3356 1398 3410 et
1435 3348 1709 3411 elatione
1756 3366 1873 3410 οω-

376 3456 583 3523 catuS‚
619 3446 995 3510 modestiam
1029 3446 1094 3508 in
1125 3446 1448 3527 loquendo
1478 3465 1604 3508 non
1636 3454 1866 3509 servat.

376 3549 566 3609 Audi
585 3566 758 3623 erqo,
780 3548 915 3615 Job,
940 3547 1196 3624 eloquia
1232 3566 1388 3616 mea,
1413 3544 1473 3606 id
1496 3552 1591 3605 est
1618 3543 1873 3608 eviden-

378 3645 463 3705 tia
500 3643 716 3720 verba‚
752 3643 935 3724 quasi
974 3650 1151 3706 extra
1186 3662 1297 3705 seu
1342 3652 1557 3724 aperte
1600 3663 1671 3705 ac
1716 3643 1873 3704 luci-

376 3743 457 3805 de
487 3741 999 3824 pronuntianda3
1032 3751 1091 3801 ec
1120 3762 1335 3801 omnes
1359 3762 1676 3801 sermones
1705 3762 1871 3802 meos

374 3844 699 3903 ausculta.
719 3838 907 3913 Quasi
936 3839 1107 3901 dicat
1132 3838 1393 3902 :Omnia
1420 3858 1561 3920 quae
1591 3839 1865 3915 effabor,

377 3938 777 4003 advertentia
807 3946 956 3999 sunt
988 3938 1325 4018 condigna.
1360 3940 1522 3999 Ecce
1548 3940 1779 4015 aperui
1804 3958 1871 3997 os

378 4058 639 4109 meum,·
677 4040 972 4117 loquetur
993 4038 1016 4061 *
1040 4038 1269 4114 linqua
1300 4058 1441 4097 mea
1472 4039 1543 4097 in
1570 4038 1871 4115 faucibus

378 4138 562 4206 meiS,
595 4133 659 4196 id
691 4142 809 4211 est,
843 4134 1009 4196 intra
1050 4134 1265 4197 fauces
1304 4135 1381 4195 ad
1425 4132 1867 4196 formationem

1982 3168 2149 3226 nem,
2185 3151 2266 3212 ad
2295 3150 2404 3214 Dei
2437 3152 2741 3215 honorem
2781 3160 2845 3215 et
2882 3154 3154 3217 aliorum
3192 3154 3468 3217 aedifica-

1979 3248 2218 3311 tionem
2253 3272 2268 3323 ς
2327 3269 2444 3312 nec
2503 3250 2727 3331 loquar
2781 3253 2863 3314 ad
2919 3252 3462 3327 calumniandum,

1982 3345 2202 3425 nilque
2250 3347 2616 3410 calliditatis
2660 3348 2759 3411 vel
2807 3350 3201 3431 duplicitatis
3250 3350 3316 3412 in
3365 3369 3468 3412 me

1982 3445 2351 3525 reperietur,
2387 3464 2592 3526 neque
2632 3446 2698 3508 in
2739 3446 2950 3510 verbis
2990 3448 3148 3511 meis
3189 3447 3464 3510 sonabit.

1981 3541 2454 3619 Verumtamen,
2503 3544 2682 3625 juxta
2736 3545 3104 3626 praehabita,
3161 3545 3331 3608 istud
3381 3545 3468 3607 ita

1982 3657 2108 3701 non
2142 3639 2266 3702 fuit
2301 3658 2312 3701 :
2347 3642 2500 3722 quia
2537 3661 2665 3705 non
2701 3652 2946 3705 tantum
2975 3662 3052 3706 ex
3078 3644 3212 3706 zelo
3244 3642 3470 3707 verita-

1983 3738 2063 3800 tis
2091 3748 2300 3803 motus
2331 3748 2426 3803 est
2465 3741 2662 3822 loqui,
2696 3743 2807 3805 sed
2846 3741 3107 3824 insuper
3148 3762 3224 3805 ex
3267 3741 3470 3822 gloria

1978 3856 2164 3913 vana,
2187 3847 2404 3921 utpote
2425 3840 2866 3903 excellentiam
2893 3840 3224 3923 sapientiae
3251 3847 3314 3904 et
3340 3839 3469 3902 elo-

1980 3938 2259 4016 quentiae
2284 3958 2413 4000 suae
2431 3938 2697 4019 cupiens
2721 3940 3170 4015 demonstrare,
3193 3938 3469 4018 indeque

1984 4034 2287 4116 reputari.
2306 4038 2392 4096 Ec
2421 4039 2804 4097 sentenciam
2835 4039 3010 4097 labia
3043 4057 3184 4097 mea
3215 4040 3466 4114 loquen-

1984 4142 2091 4191 tur
2120 4152 2392 4209 puram,
2424 4135 2486 4197 id
2518 4144 2634 4210 ost,
2671 4154 2895 4201 sensus
2922 4134 3084 4198 altos
3116 4154 3189 4197 ac
3218 4133 3467 4216 sapien-

378 4233 726 4297 verborum
757 4232 1121 4296 movebitur
1158 4250 1171 4293 :
1206 4232 1424 4312 lingua
1456 4232 1694 4314 quippe
1722 4250 1871 4295 con-
1898 4232 1947 4293 D
1980 4230 2160 4293 tiales
2193 4231 2332 4295 sine
2361 4232 2747 4296 admixtione
2779 4232 3074 4297 falsitatis
3100 4230 3467 4314 pronuntia-

375 4332 668 4394 tinuatur
696 4332 775 4393 ad
806 4350 946 4407 cor3
982 4330 1217 4394 idcirco
1247 4330 1700 4412 praemeditata,
1725 4330 1871 4391 arti-

375 4431 611 4506 culata,
648 4429 1054 4511 litterataque
1085 4429 1351 4511 profert.
1384 4428 1699 4508 Numquid
1731 4448 1871 4510 par-

375 4550 497 4593 vus
552 4529 677 4591 fuit
718 4528 786 4591 in
823 4528 1026 4591 oculis
1064 4528 1221 4604 suiS,
1254 4527 1364 4608 qui
1404 4527 1525 4589 hoc
1568 4545 1867 4607 magnum

374 4637 572 4710 atque
615 4627 899 4691 notabile
942 4626 1283 4709 reputavit,
1318 4628 1487 4706 quod
1516 4625 1870 4708 aperuisset

372 4747 445 4791 os
478 4746 690 4801 suum,
726 4725 919 4807 idque
951 4724 1409 4808 pronuntiavit,
1444 4726 1613 4806 quod
1653 4725 1868 4805 lingua

372 4846 491 4889 sua
522 4825 589 4887 in
621 4824 916 4887 faucibus
947 4824 1080 4886 suis
1112 4842 1256 4886 mox
1296 4823 1705 4904 loqueretur?
1734 4823 1867 4887 Non

372 4924 603 5006 utique
634 4942 847 5006 parvae
876 4921 1205 5005 sapientiae
1234 4930 1345 4984 aut
1372 4921 1603 4985 modici
1639 4924 1870 5003 ponde-

371 5024 463 5085 ris
504 5042 573 5087 se
616 5022 886 5105 putavit,
920 5020 1033 5103 qui
1071 5020 1365 5103 proprios
1411 5029 1591 5083 actus
1632 5020 1725 5083 sic
1768 5040 1871 5082 ex-

375 5122 547 5185 tulit.

434 5220 748 5299 Simplici
765 5222 946 5280 corde
964 5238 1174 5279 omnes
1191 5238 1495 5279 sermones
1516 5219 1659 5285 mei,
1673 5217 1734 5280 id
1756 5226 1867 5293 est,

1978 4329 2082 4392 bo.
2115 4328 2293 4403 Quod
2334 4351 2550 4394 rursus
2591 4332 2846 4413 penitus
2887 4350 3109 4401 verum
3151 4349 3277 4393 non
3313 4338 3410 4392 est
3445 4346 3460 4391 ε

1978 4428 2274 4509 quamvis
2313 4430 2482 4493 enim
2524 4431 2724 4493 multa
2763 4448 2911 4494 vera
2949 4429 3466 4509 sententioseque

1978 4526 2283 4609 proferat,
2321 4527 2480 4590 falsa
2520 4537 2730 4591 tamen
2770 4548 2846 4591 ex
2883 4528 2975 4597 eis
3017 4527 3334 4591 conclusit
3361 4528 3466 4591 ad-

1977 4644 2203 4688 versus
2244 4625 2382 4702 Job,
2417 4634 2480 4690 et
2519 4626 2718 4688 multa
2756 4626 3026 4690 crimina
3065 4628 3124 4689 ei
3163 4628 3466 4689 mendose

1979 4723 2307 4806 imposuit.

2058 4824 2353 4899 Spiritus
2393 4824 2516 4883 Dei
2551 4824 2704 4901 fecit
2743 4844 2842 4883 me
2872 4843 2894 4881 .·
2926 4823 3069 4885 ideo
3103 4822 3366 4901 dignum
3405 4828 3468 4883 et

1976 4920 2222 5001 justum
2255 4929 2372 4997 est,
2409 4928 2479 4981 ut
2505 4940 2608 4983 me
2637 4919 2848 4982 verbis
2878 4919 3111 4981 divinae
3149 4918 3465 4999 majestati

1978 5018 2364 5099 derogativis
2385 5037 2721 5101 opponam.
2736 5016 3274 5091 Quemadmodum
3295 5017 3464 5080 enim

1982 5126 2188 5181 totum
2247 5119 2418 5199 quod
2476 5136 2697 5180 sumus
2753 5126 2815 5179 et
2874 5116 3204 5193 habemu8‚
3254 5136 3291 5178 a
3343 5116 3468 5179 Deo

1984 5218 2420 5299 suscepimus;
2454 5216 2542 5278 ita
2573 5234 2762 5279 omne
2793 5215 2857 5278 id
2890 5215 2956 5277 in
2989 5215 3130 5297 ejus
3161 5216 3466 5278 honorem

376 5316 565 5381 verba
584 5334 727 5380 mea
746 5336 824 5380 ex
842 5316 1087 5379 sincera
1107 5314 1456 5379 intentione
1476 5316 1769 5396 pendent,
1788 5316 1875 5378 ita
1981 5316 2340 5397 expendere
2387 5322 2752 5379 reverenter
2794 5313 3122 5392 debemuS,
3156 5321 3227 5376 ut
3255 5314 3344 5376 ait
3371 5313 3470 5375 Hi-

630 5449 693 5499 T.
730 5449 779 5498 4.

3157 5445 3222 5495 ⁴2
