<?xml version="1.0" encoding="UTF-8"?>
<!DOCTYPE html PUBLIC "-//W3C//DTD XHTML 1.0 Transitional//EN"
    "http://www.w3.org/TR/xhtml1/DTD/xhtml1-transitional.dtd">
<html xmlns="http://www.w3.org/1999/xhtml" xml:lang="en" lang="en">
 <head>
  <title>
</title>
<meta http-equiv="Content-Type" content="text/html;charset=utf-8" />
  <meta name='ocr-system' content='tesseract 3.04.00' />
  <meta name='ocr-capabilities' content='ocr_page ocr_carea ocr_par ocr_line ocrx_word'/>
</head>
<body>
  <div class='ocr_page' id='page_1' title='image "./doctorisecstati06unkngoog_0623.png"; bbox 0 0 4309 6259; ppageno 0'>
   <div class='ocr_carea' id='block_1_1' title="bbox 92 1189 339 1294">
    <p class='ocr_par' dir='ltr' id='par_1_1' title="bbox 92 1189 339 1294">
     <span class='ocr_line' id='line_1_1' title="bbox 98 1189 339 1239; baseline -0.004 -9"><span class='ocrx_word' id='word_1_1' title='bbox 98 1189 339 1239; x_wconf 60' lang='lat' dir='ltr'><strong>Prot-avan,</strong></span> 
     </span>
     <span class='ocr_line' id='line_1_2' title="bbox 92 1255 147 1294; baseline 0 -1"><span class='ocrx_word' id='word_1_2' title='bbox 92 1255 147 1294; x_wconf 73' lang='lat'><strong>17.</strong></span> 
     </span>
    </p>
   </div>
   <div class='ocr_carea' id='block_1_2' title="bbox 93 1577 337 1682">
    <p class='ocr_par' dir='ltr' id='par_1_2' title="bbox 93 1577 337 1682">
     <span class='ocr_line' id='line_1_3' title="bbox 120 1577 337 1628; baseline 0 -9"><span class='ocrx_word' id='word_1_3' title='bbox 120 1577 207 1619; x_wconf 77' lang='lat' dir='ltr'><strong>Jer.</strong></span> <span class='ocrx_word' id='word_1_4' title='bbox 224 1590 337 1628; x_wconf 69' lang='lat' dir='ltr'><strong>xxm,</strong></span> 
     </span>
     <span class='ocr_line' id='line_1_4' title="bbox 93 1643 150 1682; baseline 0.018 -1"><span class='ocrx_word' id='word_1_5' title='bbox 93 1643 150 1682; x_wconf 73' lang='lat'><strong>19.</strong></span> 
     </span>
    </p>
   </div>
   <div class='ocr_carea' id='block_1_3' title="bbox 118 4143 335 4199">
    <p class='ocr_par' dir='ltr' id='par_1_3' title="bbox 118 4143 335 4199">
     <span class='ocr_line' id='line_1_5' title="bbox 118 4143 335 4199; baseline 0.028 -14"><span class='ocrx_word' id='word_1_6' title='bbox 118 4143 171 4189; x_wconf 67' lang='lat'><strong>1⁸.</strong></span> <span class='ocrx_word' id='word_1_7' title='bbox 183 4159 281 4199; x_wconf 77' lang='lat' dir='ltr'><strong>mv,</strong></span> <span class='ocrx_word' id='word_1_8' title='bbox 294 4152 335 4193; x_wconf 78' lang='grc'><strong>8.</strong></span> 
     </span>
    </p>
   </div>
   <div class='ocr_carea' id='block_1_4' title="bbox 98 4342 333 4587">
    <p class='ocr_par' dir='ltr' id='par_1_4' title="bbox 98 4342 333 4587">
     <span class='ocr_line' id='line_1_6' title="bbox 98 4342 333 4397; baseline 0.03 -14"><span class='ocrx_word' id='word_1_9' title='bbox 98 4342 163 4385; x_wconf 71' lang='grc' dir='ltr'><strong>Ρε.</strong></span> <span class='ocrx_word' id='word_1_10' title='bbox 173 4357 283 4397; x_wconf 78' lang='lat' dir='ltr'><strong>exui,</strong></span> <span class='ocrx_word' id='word_1_11' title='bbox 294 4348 333 4391; x_wconf 75' lang='lat'><strong>2.</strong></span> 
     </span>
     <span class='ocr_line' id='line_1_7' title="bbox 122 4440 317 4493; baseline 0.026 -12"><span class='ocrx_word' id='word_1_12' title='bbox 122 4440 195 4483; x_wconf 73' lang='lat' dir='ltr'><strong>lob</strong></span> <span class='ocrx_word' id='word_1_13' title='bbox 210 4456 260 4493; x_wconf 79' lang='lat' dir='ltr'><strong>ix,</strong></span> <span class='ocrx_word' id='word_1_14' title='bbox 276 4445 317 4486; x_wconf 75' lang='lat'><strong>2.</strong></span> 
     </span>
     <span class='ocr_line' id='line_1_8' title="bbox 144 4539 303 4587; baseline 0.038 -6"><span class='ocrx_word' id='word_1_15' title='bbox 144 4539 247 4586; x_wconf 60' lang='lat' dir='ltr'><strong>leid.</strong></span> <span class='ocrx_word' id='word_1_16' title='bbox 266 4546 303 4587; x_wconf 82' lang='grc'><strong>3.</strong></span> 
     </span>
    </p>
   </div>
   <div class='ocr_carea' id='block_1_5' title="bbox 1180 500 2674 549">
    <p class='ocr_par' dir='ltr' id='par_1_5' title="bbox 1180 500 2674 549">
     <span class='ocr_line' id='line_1_9' title="bbox 1180 500 2674 549; baseline 0 0"><span class='ocrx_word' id='word_1_17' title='bbox 1180 502 1527 549; x_wconf 63' lang='lat' dir='ltr'><strong>mammo</strong></span> <span class='ocrx_word' id='word_1_18' title='bbox 1570 502 1631 549; x_wconf 82' lang='lat' dir='ltr'><strong>IN</strong></span> <span class='ocrx_word' id='word_1_19' title='bbox 1654 501 1811 549; x_wconf 60' lang='lat' dir='ltr'><strong>,CAR</strong></span> <span class='ocrx_word' id='word_1_20' title='bbox 1856 500 2011 546; x_wconf 83' lang='lat' dir='ltr'><strong>xxm</strong></span> <span class='ocrx_word' id='word_1_21' title='bbox 2050 500 2177 547; x_wconf 74' lang='lat'><strong>1013.</strong></span> <span class='ocrx_word' id='word_1_22' title='bbox 2222 519 2304 532; x_wconf 80' lang='lat'>—</span> <span class='ocrx_word' id='word_1_23' title='bbox 2342 502 2484 548; x_wconf 75' lang='grc' dir='ltr'><strong>ΛΒΤ.</strong></span> <span class='ocrx_word' id='word_1_24' title='bbox 2530 503 2674 549; x_wconf 77' lang='lat' dir='ltr'><strong>xmx</strong></span> 
     </span>
    </p>
   </div>
   <div class='ocr_carea' id='block_1_6' title="bbox 3343 484 3462 548">
    <p class='ocr_par' dir='ltr' id='par_1_6' title="bbox 3343 484 3462 548">
     <span class='ocr_line' id='line_1_10' title="bbox 3343 484 3462 548; baseline 0.008 -1"><span class='ocrx_word' id='word_1_25' title='bbox 3343 484 3462 548; x_wconf 79' lang='lat'><strong>589</strong></span> 
     </span>
    </p>
   </div>
   <div class='ocr_carea' id='block_1_7' title="bbox 368 668 3460 755">
    <p class='ocr_par' dir='ltr' id='par_1_7' title="bbox 368 668 3460 755">
     <span class='ocr_line' id='line_1_11' title="bbox 368 668 3460 755; baseline 0 -20"><span class='ocrx_word' id='word_1_26' title='bbox 368 692 407 735; x_wconf 90' lang='lat' dir='ltr'><strong>a</strong></span> <span class='ocrx_word' id='word_1_27' title='bbox 436 673 747 755; x_wconf 84' lang='lat' dir='ltr'><strong>magistro</strong></span> <span class='ocrx_word' id='word_1_28' title='bbox 773 672 995 736; x_wconf 89' lang='lat' dir='ltr'><strong>audire</strong></span> <span class='ocrx_word' id='word_1_29' title='bbox 1027 672 1367 737; x_wconf 81' lang='lat' dir='ltr'><strong>desiderat.</strong></span> <span class='ocrx_word' id='word_1_30' title='bbox 1402 674 1614 737; x_wconf 91' lang='lat' dir='ltr'><strong>Potius</strong></span> <span class='ocrx_word' id='word_1_31' title='bbox 1654 680 1865 735; x_wconf 90' lang='lat' dir='ltr'><strong>autem</strong></span> <span class='ocrx_word' id='word_1_32' title='bbox 1894 668 1947 731; x_wconf 83' lang='lat' dir='ltr'><strong>A</strong></span> <span class='ocrx_word' id='word_1_33' title='bbox 1972 670 2287 751; x_wconf 83' lang='lat' dir='ltr'><strong>justitiam</strong></span> <span class='ocrx_word' id='word_1_34' title='bbox 2326 672 2547 755; x_wconf 87' lang='lat' dir='ltr'><strong>pietati</strong></span> <span class='ocrx_word' id='word_1_35' title='bbox 2577 672 2944 750; x_wconf 81' lang='lat' dir='ltr'><strong>admixtam,</strong></span> <span class='ocrx_word' id='word_1_36' title='bbox 2977 691 3104 735; x_wconf 92' lang='lat' dir='ltr'><strong>non</strong></span> <span class='ocrx_word' id='word_1_37' title='bbox 3135 672 3342 736; x_wconf 90' lang='lat' dir='ltr'><strong>solum</strong></span> <span class='ocrx_word' id='word_1_38' title='bbox 3380 673 3460 735; x_wconf 88' lang='lat' dir='ltr'><strong>ad</strong></span> 
     </span>
    </p>
   </div>
   <div class='ocr_carea' id='block_1_8' title="bbox 368 772 1869 1839">
    <p class='ocr_par' dir='ltr' id='par_1_8' title="bbox 368 772 1869 1839">
     <span class='ocr_line' id='line_1_12' title="bbox 371 772 1867 854; baseline 0.001 -21"><span class='ocrx_word' id='word_1_39' title='bbox 371 791 517 836; x_wconf 86' lang='lat' dir='ltr'><strong>reor</strong></span> <span class='ocrx_word' id='word_1_40' title='bbox 567 791 799 836; x_wconf 91' lang='lat' dir='ltr'><strong>nomen</strong></span> <span class='ocrx_word' id='word_1_41' title='bbox 842 772 1175 835; x_wconf 83' lang='lat' dir='ltr'><strong>Hebraeum</strong></span> <span class='ocrx_word' id='word_1_42' title='bbox 1221 774 1298 835; x_wconf 89' lang='lat' dir='ltr'><strong>ad</strong></span> <span class='ocrx_word' id='word_1_43' title='bbox 1340 781 1681 854; x_wconf 87' lang='lat' dir='ltr'><strong>utrumque</strong></span> <span class='ocrx_word' id='word_1_44' title='bbox 1722 772 1867 835; x_wconf 90' lang='lat' dir='ltr'><strong>isto-</strong></span> 
     </span>
     <span class='ocr_line' id='line_1_13' title="bbox 372 871 1868 953; baseline 0 -21"><span class='ocrx_word' id='word_1_45' title='bbox 372 890 517 933; x_wconf 87' lang='lat' dir='ltr'><strong>rum</strong></span> <span class='ocrx_word' id='word_1_46' title='bbox 566 891 707 935; x_wconf 90' lang='lat' dir='ltr'><strong>esse</strong></span> <span class='ocrx_word' id='word_1_47' title='bbox 754 871 1179 953; x_wconf 72' lang='lat' dir='ltr'><strong>aequivocum.</strong></span> <span class='ocrx_word' id='word_1_48' title='bbox 1214 872 1403 935; x_wconf 85' lang='lat' dir='ltr'><strong>Porro</strong></span> <span class='ocrx_word' id='word_1_49' title='bbox 1435 871 1730 934; x_wconf 86' lang='lat' dir='ltr'><strong>Albertus</strong></span> <span class='ocrx_word' id='word_1_50' title='bbox 1770 888 1868 932; x_wconf 88' lang='lat' dir='ltr'><strong>ex-</strong></span> 
     </span>
     <span class='ocr_line' id='line_1_14' title="bbox 371 968 1869 1052; baseline -0.003 -19"><span class='ocrx_word' id='word_1_51' title='bbox 371 970 559 1051; x_wconf 83' lang='lat' dir='ltr'>ponit</span> <span class='ocrx_word' id='word_1_52' title='bbox 589 970 682 1033; x_wconf 92' lang='lat' dir='ltr'><strong>sic</strong></span> <span class='ocrx_word' id='word_1_53' title='bbox 720 988 733 1031; x_wconf 91' lang='lat'>:</span> <span class='ocrx_word' id='word_1_54' title='bbox 768 970 847 1033; x_wconf 93' lang='lat' dir='ltr'><strong>Os</strong></span> <span class='ocrx_word' id='word_1_55' title='bbox 875 990 1092 1033; x_wconf 91' lang='lat' dir='ltr'><strong>meum</strong></span> <span class='ocrx_word' id='word_1_56' title='bbox 1126 970 1387 1052; x_wconf 80' lang='lat' dir='ltr'>replebo</span> <span class='ocrx_word' id='word_1_57' title='bbox 1418 968 1869 1051; x_wconf 82' lang='lat' dir='ltr'><strong>increpationi-</strong></span> 
     </span>
     <span class='ocr_line' id='line_1_15' title="bbox 370 1067 1867 1150; baseline -0.001 -21"><span class='ocrx_word' id='word_1_58' title='bbox 370 1068 515 1145; x_wconf 80' lang='lat' dir='ltr'><strong>buS,</strong></span> <span class='ocrx_word' id='word_1_59' title='bbox 552 1068 943 1150; x_wconf 89' lang='lat' dir='ltr'><strong>increpando</strong></span> <span class='ocrx_word' id='word_1_60' title='bbox 972 1088 1075 1132; x_wconf 88' lang='lat' dir='ltr'><strong>me</strong></span> <span class='ocrx_word' id='word_1_61' title='bbox 1116 1069 1181 1131; x_wconf 90' lang='lat' dir='ltr'><strong>in</strong></span> <span class='ocrx_word' id='word_1_62' title='bbox 1223 1069 1458 1150; x_wconf 90' lang='lat' dir='ltr'><strong>quibus</strong></span> <span class='ocrx_word' id='word_1_63' title='bbox 1489 1067 1867 1132; x_wconf 91' lang='lat' dir='ltr'><strong>accusabilis</strong></span> 
     </span>
     <span class='ocr_line' id='line_1_16' title="bbox 373 1166 1867 1248; baseline 0 -21"><span class='ocrx_word' id='word_1_64' title='bbox 373 1166 670 1231; x_wconf 87' lang='lat' dir='ltr'><strong>inveniar</strong></span> <span class='ocrx_word' id='word_1_65' title='bbox 694 1168 911 1248; x_wconf 86' lang='lat' dir='ltr'><strong>:juxta</strong></span> <span class='ocrx_word' id='word_1_66' title='bbox 938 1167 1097 1230; x_wconf 91' lang='lat' dir='ltr'><strong>illud</strong></span> <span class='ocrx_word' id='word_1_67' title='bbox 1128 1167 1633 1243; x_wconf 86' lang='lat' dir='ltr'><strong>Proverbiorum,</strong></span> <span class='ocrx_word' id='word_1_68' title='bbox 1654 1166 1683 1227; x_wconf 88' lang='lat' dir='ltr'>J</span> <span class='ocrx_word' id='word_1_69' title='bbox 1692 1174 1867 1228; x_wconf 90' lang='lat' dir='ltr'><strong>ustus</strong></span> 
     </span>
     <span class='ocr_line' id='line_1_17' title="bbox 372 1266 1868 1348; baseline 0 -21"><span class='ocrx_word' id='word_1_70' title='bbox 372 1266 553 1348; x_wconf 89' lang='lat' dir='ltr'><strong>prior</strong></span> <span class='ocrx_word' id='word_1_71' title='bbox 587 1275 919 1330; x_wconf 88' lang='lat' dir='ltr'><strong>accusator</strong></span> <span class='ocrx_word' id='word_1_72' title='bbox 957 1274 1053 1329; x_wconf 90' lang='lat' dir='ltr'><strong>est</strong></span> <span class='ocrx_word' id='word_1_73' title='bbox 1102 1266 1224 1329; x_wconf 91' lang='lat' dir='ltr'><strong>sui.</strong></span> <span class='ocrx_word' id='word_1_74' title='bbox 1264 1266 1511 1329; x_wconf 89' lang='lat' dir='ltr'><strong>Justum</strong></span> <span class='ocrx_word' id='word_1_75' title='bbox 1554 1266 1723 1329; x_wconf 90' lang='lat' dir='ltr'><strong>enim</strong></span> <span class='ocrx_word' id='word_1_76' title='bbox 1774 1274 1868 1327; x_wconf 88' lang='lat' dir='ltr'><strong>est</strong></span> 
     </span>
     <span class='ocr_line' id='line_1_18' title="bbox 370 1363 1867 1446; baseline -0.001 -20"><span class='ocrx_word' id='word_1_77' title='bbox 370 1373 443 1427; x_wconf 92' lang='lat' dir='ltr'><strong>ut</strong></span> <span class='ocrx_word' id='word_1_78' title='bbox 469 1364 665 1427; x_wconf 89' lang='lat' dir='ltr'><strong>homo</strong></span> <span class='ocrx_word' id='word_1_79' title='bbox 696 1365 983 1446; x_wconf 90' lang='lat' dir='ltr'><strong>increpet</strong></span> <span class='ocrx_word' id='word_1_80' title='bbox 1025 1384 1093 1427; x_wconf 91' lang='lat' dir='ltr'><strong>se</strong></span> <span class='ocrx_word' id='word_1_81' title='bbox 1133 1364 1198 1425; x_wconf 91' lang='lat' dir='ltr'><strong>in</strong></span> <span class='ocrx_word' id='word_1_82' title='bbox 1238 1363 1475 1446; x_wconf 92' lang='lat' dir='ltr'><strong>quibus</strong></span> <span class='ocrx_word' id='word_1_83' title='bbox 1513 1364 1677 1427; x_wconf 91' lang='lat' dir='ltr'><strong>Deus</strong></span> <span class='ocrx_word' id='word_1_84' title='bbox 1722 1382 1867 1425; x_wconf 92' lang='lat' dir='ltr'><strong>eum</strong></span> 
     </span>
     <span class='ocr_line' id='line_1_19' title="bbox 370 1461 1862 1544; baseline -0.001 -19"><span class='ocrx_word' id='word_1_85' title='bbox 370 1471 653 1539; x_wconf 88' lang='lat' dir='ltr'><strong>accusat,</strong></span> <span class='ocrx_word' id='word_1_86' title='bbox 695 1463 1046 1526; x_wconf 89' lang='lat' dir='ltr'><strong>secundum</strong></span> <span class='ocrx_word' id='word_1_87' title='bbox 1096 1463 1266 1544; x_wconf 91' lang='lat' dir='ltr'><strong>quod</strong></span> <span class='ocrx_word' id='word_1_88' title='bbox 1316 1462 1475 1525; x_wconf 87' lang='lat' dir='ltr'><strong>dicit</strong></span> <span class='ocrx_word' id='word_1_89' title='bbox 1513 1461 1862 1525; x_wconf 86' lang='lat' dir='ltr'><strong>Jeremias:</strong></span> 
     </span>
     <span class='ocr_line' id='line_1_20' title="bbox 368 1558 1868 1643; baseline -0.001 -21"><span class='ocrx_word' id='word_1_90' title='bbox 368 1562 712 1643; x_wconf 89' lang='lat' dir='ltr'><strong>Postquam</strong></span> <span class='ocrx_word' id='word_1_91' title='bbox 743 1561 1078 1624; x_wconf 81' lang='lat' dir='ltr'><strong>ostendisti</strong></span> <span class='ocrx_word' id='word_1_92' title='bbox 1115 1560 1297 1637; x_wconf 91' lang='lat' dir='ltr'><strong>mihi,</strong></span> <span class='ocrx_word' id='word_1_93' title='bbox 1334 1560 1618 1642; x_wconf 84' lang='lat' dir='ltr'><strong>percussi</strong></span> <span class='ocrx_word' id='word_1_94' title='bbox 1657 1558 1868 1622; x_wconf 87' lang='lat' dir='ltr'><strong>femur</strong></span> 
     </span>
     <span class='ocr_line' id='line_1_21' title="bbox 370 1658 1866 1741; baseline -0.001 -19"><span class='ocrx_word' id='word_1_95' title='bbox 370 1678 625 1735; x_wconf 80' lang='lat' dir='ltr'><strong>meum3</strong></span> <span class='ocrx_word' id='word_1_96' title='bbox 668 1658 976 1722; x_wconf 87' lang='lat' dir='ltr'><strong>confusus</strong></span> <span class='ocrx_word' id='word_1_97' title='bbox 1008 1679 1173 1737; x_wconf 91' lang='lat' dir='ltr'><strong>sum,</strong></span> <span class='ocrx_word' id='word_1_98' title='bbox 1200 1667 1263 1721; x_wconf 90' lang='lat' dir='ltr'><strong>et</strong></span> <span class='ocrx_word' id='word_1_99' title='bbox 1292 1659 1543 1736; x_wconf 86' lang='lat' dir='ltr'><strong>erubui,</strong></span> <span class='ocrx_word' id='word_1_100' title='bbox 1563 1659 1866 1741; x_wconf 90' lang='lat' dir='ltr'><strong>quoniam</strong></span> 
     </span>
     <span class='ocr_line' id='line_1_22' title="bbox 370 1757 1862 1839; baseline -0.001 -20"><span class='ocrx_word' id='word_1_101' title='bbox 370 1757 654 1821; x_wconf 90' lang='lat' dir='ltr'><strong>sustinui</strong></span> <span class='ocrx_word' id='word_1_102' title='bbox 713 1758 1130 1839; x_wconf 91' lang='lat' dir='ltr'><strong>opprobrium</strong></span> <span class='ocrx_word' id='word_1_103' title='bbox 1186 1758 1627 1821; x_wconf 84' lang='lat' dir='ltr'><strong>adolescentiae</strong></span> <span class='ocrx_word' id='word_1_104' title='bbox 1685 1776 1862 1821; x_wconf 82' lang='lat' dir='ltr'><strong>meae.</strong></span> 
     </span>
    </p>
   </div>
   <div class='ocr_carea' id='block_1_9' title="bbox 1974 771 3468 1841">
    <p class='ocr_par' dir='ltr' id='par_1_9' title="bbox 1974 771 3468 1841">
     <span class='ocr_line' id='line_1_23' title="bbox 1976 771 3463 853; baseline 0.001 -22"><span class='ocrx_word' id='word_1_105' title='bbox 1976 790 2155 833; x_wconf 91' lang='lat' dir='ltr'><strong>suam</strong></span> <span class='ocrx_word' id='word_1_106' title='bbox 2199 771 2681 853; x_wconf 83' lang='lat' dir='ltr'><strong>perfectionem,</strong></span> <span class='ocrx_word' id='word_1_107' title='bbox 2714 772 2822 834; x_wconf 91' lang='lat' dir='ltr'><strong>sed</strong></span> <span class='ocrx_word' id='word_1_108' title='bbox 2854 772 2930 834; x_wconf 90' lang='lat' dir='ltr'><strong>ad</strong></span> <span class='ocrx_word' id='word_1_109' title='bbox 2961 791 3167 834; x_wconf 90' lang='lat' dir='ltr'><strong>meam</strong></span> <span class='ocrx_word' id='word_1_110' title='bbox 3205 789 3463 853; x_wconf 90' lang='lat' dir='ltr'><strong>quoque</strong></span> 
     </span>
     <span class='ocr_line' id='line_1_24' title="bbox 1978 868 3466 949; baseline 0.001 -20"><span class='ocrx_word' id='word_1_111' title='bbox 1978 868 2385 949; x_wconf 85' lang='lat' dir='ltr'><strong>fragilitatem</strong></span> <span class='ocrx_word' id='word_1_112' title='bbox 2417 869 2771 933; x_wconf 83' lang='lat' dir='ltr'><strong>naturalem</strong></span> <span class='ocrx_word' id='word_1_113' title='bbox 2791 890 2864 932; x_wconf 89' lang='lat' dir='ltr'><strong>ac</strong></span> <span class='ocrx_word' id='word_1_114' title='bbox 2887 869 3324 933; x_wconf 89' lang='lat' dir='ltr'><strong>inevitabilem</strong></span> <span class='ocrx_word' id='word_1_115' title='bbox 3356 869 3466 931; x_wconf 89' lang='lat' dir='ltr'><strong>im-</strong></span> 
     </span>
     <span class='ocr_line' id='line_1_25' title="bbox 1978 968 3464 1051; baseline -0.001 -19"><span class='ocrx_word' id='word_1_116' title='bbox 1978 968 2434 1050; x_wconf 80' lang='lat' dir='ltr'><strong>perfectionem</strong></span> <span class='ocrx_word' id='word_1_117' title='bbox 2470 968 2867 1050; x_wconf 90' lang='lat' dir='ltr'><strong>respicicndo</strong></span> <span class='ocrx_word' id='word_1_118' title='bbox 2899 968 2963 1030; x_wconf 90' lang='lat' dir='ltr'><strong>in</strong></span> <span class='ocrx_word' id='word_1_119' title='bbox 2989 968 3334 1051; x_wconf 89' lang='lat' dir='ltr'><strong>judicando</strong></span> <span class='ocrx_word' id='word_1_120' title='bbox 3361 988 3464 1031; x_wconf 91' lang='lat' dir='ltr'><strong>me</strong></span> 
     </span>
     <span class='ocr_line' id='line_1_26' title="bbox 1978 1068 3466 1150; baseline 0 -21"><span class='ocrx_word' id='word_1_121' title='bbox 1978 1069 2328 1130; x_wconf 88' lang='lat' dir='ltr'><strong>secundum</strong></span> <span class='ocrx_word' id='word_1_122' title='bbox 2358 1087 2548 1150; x_wconf 88' lang='lat' dir='ltr'><strong>opera</strong></span> <span class='ocrx_word' id='word_1_123' title='bbox 2579 1087 2720 1131; x_wconf 90' lang='lat' dir='ltr'><strong>mea</strong></span> <span class='ocrx_word' id='word_1_124' title='bbox 2755 1086 2769 1130; x_wconf 73' lang='grc' dir='ltr'><strong><em>ε</em></strong></span> <span class='ocrx_word' id='word_1_125' title='bbox 2804 1087 2950 1150; x_wconf 82' lang='lat' dir='ltr'><strong>quae</strong></span> <span class='ocrx_word' id='word_1_126' title='bbox 2987 1068 3136 1131; x_wconf 87' lang='lat' dir='ltr'><strong>licet</strong></span> <span class='ocrx_word' id='word_1_127' title='bbox 3174 1075 3466 1150; x_wconf 87' lang='lat' dir='ltr'><strong>respectu</strong></span> 
     </span>
     <span class='ocr_line' id='line_1_27' title="bbox 1976 1165 3464 1247; baseline 0.001 -20"><span class='ocrx_word' id='word_1_128' title='bbox 1976 1166 2211 1229; x_wconf 81' lang='lat' dir='ltr'><strong>divinae</strong></span> <span class='ocrx_word' id='word_1_129' title='bbox 2242 1165 2653 1247; x_wconf 88' lang='lat' dir='ltr'><strong>perfectionis</strong></span> <span class='ocrx_word' id='word_1_130' title='bbox 2687 1168 2859 1247; x_wconf 83' lang='lat' dir='ltr'><strong>justa</strong></span> <span class='ocrx_word' id='word_1_131' title='bbox 2900 1186 3025 1230; x_wconf 90' lang='lat' dir='ltr'><strong>non</strong></span> <span class='ocrx_word' id='word_1_132' title='bbox 3067 1166 3218 1243; x_wconf 89' lang='lat' dir='ltr'><strong>sint,</strong></span> <span class='ocrx_word' id='word_1_133' title='bbox 3251 1175 3464 1228; x_wconf 89' lang='lat' dir='ltr'><strong>tamen</strong></span> 
     </span>
     <span class='ocr_line' id='line_1_28' title="bbox 1977 1263 3464 1346; baseline 0.001 -22"><span class='ocrx_word' id='word_1_134' title='bbox 1977 1263 2272 1327; x_wconf 91' lang='lat' dir='ltr'><strong>habendo</strong></span> <span class='ocrx_word' id='word_1_135' title='bbox 2311 1273 2670 1346; x_wconf 87' lang='lat' dir='ltr'><strong>respectum</strong></span> <span class='ocrx_word' id='word_1_136' title='bbox 2712 1265 2789 1327; x_wconf 90' lang='lat' dir='ltr'><strong>ad</strong></span> <span class='ocrx_word' id='word_1_137' title='bbox 2829 1284 2988 1328; x_wconf 80' lang='lat' dir='ltr'><strong>meae</strong></span> <span class='ocrx_word' id='word_1_138' title='bbox 3028 1272 3268 1328; x_wconf 83' lang='lat' dir='ltr'><strong>naturae</strong></span> <span class='ocrx_word' id='word_1_139' title='bbox 3313 1281 3464 1328; x_wconf 89' lang='lat' dir='ltr'><strong>con-</strong></span> 
     </span>
     <span class='ocr_line' id='line_1_29' title="bbox 1975 1362 3464 1445; baseline 0.001 -22"><span class='ocrx_word' id='word_1_140' title='bbox 1975 1362 2308 1439; x_wconf 90' lang='lat' dir='ltr'><strong>ditionem,</strong></span> <span class='ocrx_word' id='word_1_141' title='bbox 2342 1364 2622 1439; x_wconf 90' lang='lat' dir='ltr'><strong>modum,</strong></span> <span class='ocrx_word' id='word_1_142' title='bbox 2658 1364 2924 1445; x_wconf 86' lang='lat' dir='ltr'><strong>gradum</strong></span> <span class='ocrx_word' id='word_1_143' title='bbox 2954 1371 3016 1426; x_wconf 89' lang='lat' dir='ltr'><strong>et</strong></span> <span class='ocrx_word' id='word_1_144' title='bbox 3048 1363 3360 1439; x_wconf 85' lang='lat' dir='ltr'><strong>ordinem,</strong></span> <span class='ocrx_word' id='word_1_145' title='bbox 3396 1362 3464 1424; x_wconf 92' lang='lat' dir='ltr'><strong>in</strong></span> 
     </span>
     <span class='ocr_line' id='line_1_30' title="bbox 1977 1462 3466 1543; baseline 0 -20"><span class='ocrx_word' id='word_1_146' title='bbox 1977 1481 2091 1525; x_wconf 92' lang='lat' dir='ltr'><strong>suo</strong></span> <span class='ocrx_word' id='word_1_147' title='bbox 2137 1480 2368 1542; x_wconf 83' lang='lat' dir='ltr'><strong>genere</strong></span> <span class='ocrx_word' id='word_1_148' title='bbox 2410 1463 2581 1543; x_wconf 84' lang='lat' dir='ltr'><strong>justa</strong></span> <span class='ocrx_word' id='word_1_149' title='bbox 2619 1470 2789 1524; x_wconf 89' lang='lat' dir='ltr'><strong>sunt.</strong></span> <span class='ocrx_word' id='word_1_150' title='bbox 2823 1463 3001 1525; x_wconf 88' lang='lat' dir='ltr'><strong>Unde</strong></span> <span class='ocrx_word' id='word_1_151' title='bbox 3032 1462 3326 1527; x_wconf 85' lang='lat' dir='ltr'><strong>Albertus</strong></span> <span class='ocrx_word' id='word_1_152' title='bbox 3358 1462 3466 1523; x_wconf 92' lang='lat' dir='ltr'><strong>hic</strong></span> 
     </span>
     <span class='ocr_line' id='line_1_31' title="bbox 1976 1561 3467 1645; baseline 0 -23"><span class='ocrx_word' id='word_1_153' title='bbox 1976 1561 2097 1623; x_wconf 91' lang='lat' dir='ltr'><strong>ait:</strong></span> <span class='ocrx_word' id='word_1_154' title='bbox 2118 1562 2421 1644; x_wconf 78' lang='lat' dir='ltr'><strong>AEquitaS,</strong></span> <span class='ocrx_word' id='word_1_155' title='bbox 2439 1563 2790 1625; x_wconf 89' lang='lat' dir='ltr'><strong>secundum</strong></span> <span class='ocrx_word' id='word_1_156' title='bbox 2811 1562 3350 1645; x_wconf 78' lang='lat' dir='ltr'><strong>chrysostomum,</strong></span> <span class='ocrx_word' id='word_1_157' title='bbox 3371 1569 3467 1624; x_wconf 89' lang='lat' dir='ltr'><strong>est</strong></span> 
     </span>
     <span class='ocr_line' id='line_1_32' title="bbox 1974 1660 3461 1743; baseline 0 -22"><span class='ocrx_word' id='word_1_158' title='bbox 1974 1660 2224 1741; x_wconf 79' lang='lat' dir='ltr'><strong>Justitia</strong></span> <span class='ocrx_word' id='word_1_159' title='bbox 2261 1660 2523 1724; x_wconf 89' lang='lat' dir='ltr'><strong>dulcore</strong></span> <span class='ocrx_word' id='word_1_160' title='bbox 2565 1661 3020 1725; x_wconf 81' lang='lat' dir='ltr'><strong>miscricordiae</strong></span> <span class='ocrx_word' id='word_1_161' title='bbox 3065 1669 3414 1743; x_wconf 89' lang='lat' dir='ltr'><strong>temperata</strong></span> <span class='ocrx_word' id='word_1_162' title='bbox 3447 1677 3461 1721; x_wconf 89' lang='lat'>:</span> 
     </span>
     <span class='ocr_line' id='line_1_33' title="bbox 1976 1756 3468 1841; baseline -0.001 -22"><span class='ocrx_word' id='word_1_163' title='bbox 1976 1756 2047 1819; x_wconf 87' lang='lat' dir='ltr'><strong>ut</strong></span> <span class='ocrx_word' id='word_1_164' title='bbox 2076 1759 2161 1820; x_wconf 89' lang='lat' dir='ltr'><strong>sit</strong></span> <span class='ocrx_word' id='word_1_165' title='bbox 2197 1777 2445 1836; x_wconf 79' lang='lat' dir='ltr'><strong>sensuS,</strong></span> <span class='ocrx_word' id='word_1_166' title='bbox 2480 1759 2792 1841; x_wconf 89' lang='lat' dir='ltr'><strong>Proponat</strong></span> <span class='ocrx_word' id='word_1_167' title='bbox 2839 1759 3201 1840; x_wconf 82' lang='lat' dir='ltr'><strong>aequitatem</strong></span> <span class='ocrx_word' id='word_1_168' title='bbox 3249 1765 3468 1821; x_wconf 91' lang='lat' dir='ltr'><strong>contra</strong></span> 
     </span>
    </p>
   </div>
   <div class='ocr_carea' id='block_1_10' title="bbox 372 1856 3464 1939">
    <p class='ocr_par' dir='ltr' id='par_1_10' title="bbox 372 1856 3464 1939">
     <span class='ocr_line' id='line_1_34' title="bbox 372 1856 3464 1939; baseline 0 -20"><span class='ocrx_word' id='word_1_169' title='bbox 372 1858 493 1919; x_wconf 88' lang='lat' dir='ltr'><strong>Sed</strong></span> <span class='ocrx_word' id='word_1_170' title='bbox 525 1856 843 1939; x_wconf 83' lang='lat' dir='ltr'><strong>expositio</strong></span> <span class='ocrx_word' id='word_1_171' title='bbox 874 1856 997 1919; x_wconf 88' lang='lat' dir='ltr'><strong>ista</strong></span> <span class='ocrx_word' id='word_1_172' title='bbox 1024 1856 1279 1920; x_wconf 85' lang='lat' dir='ltr'><strong>videtur</strong></span> <span class='ocrx_word' id='word_1_173' title='bbox 1312 1876 1439 1919; x_wconf 89' lang='lat' dir='ltr'><strong>non</strong></span> <span class='ocrx_word' id='word_1_174' title='bbox 1472 1865 1597 1919; x_wconf 85' lang='lat' dir='ltr'><strong>tam</strong></span> <span class='ocrx_word' id='word_1_175' title='bbox 1630 1856 1868 1919; x_wconf 88' lang='lat' dir='ltr'><strong>littera·</strong></span> <span class='ocrx_word' id='word_1_176' title='bbox 1901 1856 1947 1917; x_wconf 94' lang='lat' dir='ltr'>B</span> <span class='ocrx_word' id='word_1_177' title='bbox 1976 1876 2097 1934; x_wconf 86' lang='lat' dir='ltr'><strong>me,</strong></span> <span class='ocrx_word' id='word_1_178' title='bbox 2125 1857 2188 1919; x_wconf 91' lang='lat' dir='ltr'><strong>id</strong></span> <span class='ocrx_word' id='word_1_179' title='bbox 2211 1866 2325 1934; x_wconf 88' lang='lat' dir='ltr'><strong>est,</strong></span> <span class='ocrx_word' id='word_1_180' title='bbox 2345 1858 2425 1921; x_wconf 91' lang='lat' dir='ltr'><strong>ad</strong></span> <span class='ocrx_word' id='word_1_181' title='bbox 2453 1877 2709 1939; x_wconf 86' lang='lat' dir='ltr'><strong>aequum</strong></span> <span class='ocrx_word' id='word_1_182' title='bbox 2737 1856 3137 1920; x_wconf 86' lang='lat' dir='ltr'><strong>infirmitatis</strong></span> <span class='ocrx_word' id='word_1_183' title='bbox 3166 1857 3464 1919; x_wconf 84' lang='lat' dir='ltr'><strong>humanae</strong></span> 
     </span>
    </p>
   </div>
   <div class='ocr_carea' id='block_1_11' title="bbox 366 1955 1868 3023">
    <p class='ocr_par' dir='ltr' id='par_1_11' title="bbox 366 1955 1868 3023">
     <span class='ocr_line' id='line_1_35' title="bbox 369 1955 1867 2038; baseline 0 -22"><span class='ocrx_word' id='word_1_184' title='bbox 369 1955 472 2032; x_wconf 91' lang='lat' dir='ltr'><strong>lis,</strong></span> <span class='ocrx_word' id='word_1_185' title='bbox 504 1975 701 2037; x_wconf 89' lang='lat' dir='ltr'><strong>quam</strong></span> <span class='ocrx_word' id='word_1_186' title='bbox 750 1955 1037 2037; x_wconf 86' lang='lat' dir='ltr'><strong>mystica.</strong></span> <span class='ocrx_word' id='word_1_187' title='bbox 1071 1955 1187 2019; x_wconf 90' lang='lat' dir='ltr'><strong>Job</strong></span> <span class='ocrx_word' id='word_1_188' title='bbox 1224 1955 1466 2038; x_wconf 90' lang='lat' dir='ltr'><strong>quippe</strong></span> <span class='ocrx_word' id='word_1_189' title='bbox 1499 1955 1631 2018; x_wconf 84' lang='lat' dir='ltr'><strong>haec</strong></span> <span class='ocrx_word' id='word_1_190' title='bbox 1665 1956 1867 2037; x_wconf 86' lang='lat' dir='ltr'><strong>loqui-</strong></span> 
     </span>
     <span class='ocr_line' id='line_1_36' title="bbox 367 2053 1863 2135; baseline -0.001 -19"><span class='ocrx_word' id='word_1_191' title='bbox 367 2063 473 2116; x_wconf 90' lang='lat' dir='ltr'><strong>tur</strong></span> <span class='ocrx_word' id='word_1_192' title='bbox 502 2054 583 2116; x_wconf 90' lang='lat' dir='ltr'><strong>ad</strong></span> <span class='ocrx_word' id='word_1_193' title='bbox 616 2053 1072 2116; x_wconf 88' lang='lat' dir='ltr'><strong>insinuandum</strong></span> <span class='ocrx_word' id='word_1_194' title='bbox 1107 2072 1287 2115; x_wconf 90' lang='lat' dir='ltr'><strong>suam</strong></span> <span class='ocrx_word' id='word_1_195' title='bbox 1316 2054 1701 2135; x_wconf 84' lang='lat' dir='ltr'><strong>aequitatem,</strong></span> <span class='ocrx_word' id='word_1_196' title='bbox 1736 2072 1863 2116; x_wconf 89' lang='lat' dir='ltr'><strong>non</strong></span> 
     </span>
     <span class='ocr_line' id='line_1_37' title="bbox 368 2151 1867 2233; baseline 0.001 -19"><span class='ocrx_word' id='word_1_197' title='bbox 368 2152 652 2233; x_wconf 87' lang='lat' dir='ltr'><strong>culpam,</strong></span> <span class='ocrx_word' id='word_1_198' title='bbox 700 2152 867 2215; x_wconf 86' lang='lat' dir='ltr'><strong>sicut</strong></span> <span class='ocrx_word' id='word_1_199' title='bbox 913 2152 1109 2215; x_wconf 88' lang='lat' dir='ltr'><strong>verba</strong></span> <span class='ocrx_word' id='word_1_200' title='bbox 1154 2151 1387 2214; x_wconf 88' lang='lat' dir='ltr'><strong>clarius</strong></span> <span class='ocrx_word' id='word_1_201' title='bbox 1437 2152 1726 2233; x_wconf 88' lang='lat' dir='ltr'><strong>pandunt</strong></span> <span class='ocrx_word' id='word_1_202' title='bbox 1772 2171 1867 2215; x_wconf 89' lang='lat' dir='ltr'><strong>se-</strong></span> 
     </span>
     <span class='ocr_line' id='line_1_38' title="bbox 366 2250 1867 2333; baseline -0.001 -20"><span class='ocrx_word' id='word_1_203' title='bbox 366 2250 659 2333; x_wconf 84' lang='lat' dir='ltr'><strong>quentia.</strong></span> <span class='ocrx_word' id='word_1_204' title='bbox 690 2254 768 2313; x_wconf 85' lang='lat' dir='ltr'><strong>Ut</strong></span> <span class='ocrx_word' id='word_1_205' title='bbox 793 2253 997 2312; x_wconf 83' lang='lat' dir='ltr'><strong>sciam</strong></span> <span class='ocrx_word' id='word_1_206' title='bbox 1027 2254 1218 2312; x_wconf 84' lang='lat' dir='ltr'><strong>verba</strong></span> <span class='ocrx_word' id='word_1_207' title='bbox 1247 2272 1390 2331; x_wconf 82' lang='lat' dir='ltr'><strong>quoe</strong></span> <span class='ocrx_word' id='word_1_208' title='bbox 1420 2254 1586 2314; x_wconf 71' lang='lat' dir='ltr'><strong>mihi</strong></span> <span class='ocrx_word' id='word_1_209' title='bbox 1612 2271 1867 2330; x_wconf 81' lang='lat' dir='ltr'><strong>respon-</strong></span> 
     </span>
     <span class='ocr_line' id='line_1_39' title="bbox 366 2348 1867 2432; baseline 0.003 -24"><span class='ocrx_word' id='word_1_210' title='bbox 366 2352 517 2409; x_wconf 85' lang='lat' dir='ltr'><strong>deat</strong></span> <span class='ocrx_word' id='word_1_211' title='bbox 538 2349 617 2411; x_wconf 90' lang='lat' dir='ltr'><strong>ad</strong></span> <span class='ocrx_word' id='word_1_212' title='bbox 641 2348 1065 2431; x_wconf 80' lang='lat' dir='ltr'><strong>quaestionem</strong></span> <span class='ocrx_word' id='word_1_213' title='bbox 1095 2368 1223 2430; x_wconf 89' lang='lat' dir='ltr'><strong>qua</strong></span> <span class='ocrx_word' id='word_1_214' title='bbox 1252 2369 1509 2413; x_wconf 84' lang='lat' dir='ltr'><strong>causam</strong></span> <span class='ocrx_word' id='word_1_215' title='bbox 1542 2370 1697 2413; x_wconf 86' lang='lat' dir='ltr'><strong>meae</strong></span> <span class='ocrx_word' id='word_1_216' title='bbox 1728 2369 1867 2432; x_wconf 91' lang='lat' dir='ltr'><strong>per-</strong></span> 
     </span>
     <span class='ocr_line' id='line_1_40' title="bbox 368 2447 1863 2531; baseline 0 -20"><span class='ocrx_word' id='word_1_217' title='bbox 368 2447 689 2511; x_wconf 89' lang='lat' dir='ltr'><strong>cussionis</strong></span> <span class='ocrx_word' id='word_1_218' title='bbox 742 2448 1022 2530; x_wconf 90' lang='lat' dir='ltr'><strong>inquiro,</strong></span> <span class='ocrx_word' id='word_1_219' title='bbox 1078 2468 1188 2511; x_wconf 91' lang='lat' dir='ltr'><strong>seu</strong></span> <span class='ocrx_word' id='word_1_220' title='bbox 1238 2450 1315 2511; x_wconf 91' lang='lat' dir='ltr'><strong>ad</strong></span> <span class='ocrx_word' id='word_1_221' title='bbox 1362 2450 1686 2531; x_wconf 87' lang='lat' dir='ltr'><strong>querelam</strong></span> <span class='ocrx_word' id='word_1_222' title='bbox 1737 2468 1863 2531; x_wconf 89' lang='lat' dir='ltr'><strong>qua</strong></span> 
     </span>
     <span class='ocr_line' id='line_1_41' title="bbox 368 2544 1866 2628; baseline 0.002 -23"><span class='ocrx_word' id='word_1_223' title='bbox 368 2563 473 2607; x_wconf 90' lang='lat' dir='ltr'><strong>me</strong></span> <span class='ocrx_word' id='word_1_224' title='bbox 521 2562 881 2625; x_wconf 89' lang='lat' dir='ltr'><strong>conqueror</strong></span> <span class='ocrx_word' id='word_1_225' title='bbox 924 2544 1064 2607; x_wconf 90' lang='lat' dir='ltr'><strong>sine</strong></span> <span class='ocrx_word' id='word_1_226' title='bbox 1102 2563 1243 2608; x_wconf 88' lang='lat' dir='ltr'><strong>meo</strong></span> <span class='ocrx_word' id='word_1_227' title='bbox 1284 2545 1609 2628; x_wconf 85' lang='lat' dir='ltr'><strong>plagatum</strong></span> <span class='ocrx_word' id='word_1_228' title='bbox 1655 2546 1866 2609; x_wconf 90' lang='lat' dir='ltr'><strong>deme-</strong></span> 
     </span>
     <span class='ocr_line' id='line_1_42' title="bbox 368 2643 1864 2725; baseline 0.001 -21"><span class='ocrx_word' id='word_1_229' title='bbox 368 2643 537 2723; x_wconf 83' lang='lat' dir='ltr'><strong>rit03</strong></span> <span class='ocrx_word' id='word_1_230' title='bbox 582 2654 644 2705; x_wconf 90' lang='lat' dir='ltr'><strong>et</strong></span> <span class='ocrx_word' id='word_1_231' title='bbox 693 2646 1059 2721; x_wconf 74' lang='lat' dir='ltr'><strong>intelliyam</strong></span> <span class='ocrx_word' id='word_1_232' title='bbox 1106 2646 1270 2725; x_wconf 80' lang='lat' dir='ltr'><strong>quid</strong></span> <span class='ocrx_word' id='word_1_233' title='bbox 1320 2649 1622 2725; x_wconf 78' lang='lat' dir='ltr'><strong>loquatur</strong></span> <span class='ocrx_word' id='word_1_234' title='bbox 1670 2647 1864 2715; x_wconf 77' lang='lat' dir='ltr'><strong>mihi,</strong></span> 
     </span>
     <span class='ocr_line' id='line_1_43' title="bbox 366 2742 1865 2806; baseline -0.001 -1"><span class='ocrx_word' id='word_1_235' title='bbox 366 2762 629 2805; x_wconf 87' lang='lat' dir='ltr'><strong>causam</strong></span> <span class='ocrx_word' id='word_1_236' title='bbox 666 2762 875 2805; x_wconf 88' lang='lat' dir='ltr'><strong>meam</strong></span> <span class='ocrx_word' id='word_1_237' title='bbox 914 2742 1419 2806; x_wconf 82' lang='lat' dir='ltr'><strong>determinandO.</strong></span> <span class='ocrx_word' id='word_1_238' title='bbox 1453 2743 1660 2806; x_wconf 89' lang='lat' dir='ltr'><strong>Primo</strong></span> <span class='ocrx_word' id='word_1_239' title='bbox 1692 2743 1865 2806; x_wconf 89' lang='lat' dir='ltr'><strong>enim</strong></span> 
     </span>
     <span class='ocr_line' id='line_1_44' title="bbox 366 2841 1868 2921; baseline 0.001 -18"><span class='ocrx_word' id='word_1_240' title='bbox 366 2841 690 2904; x_wconf 90' lang='lat' dir='ltr'><strong>audienda</strong></span> <span class='ocrx_word' id='word_1_241' title='bbox 718 2850 783 2904; x_wconf 85' lang='lat' dir='ltr'><strong>et</strong></span> <span class='ocrx_word' id='word_1_242' title='bbox 811 2842 1250 2921; x_wconf 88' lang='lat' dir='ltr'><strong>cognoscenda</strong></span> <span class='ocrx_word' id='word_1_243' title='bbox 1281 2849 1429 2904; x_wconf 92' lang='lat' dir='ltr'><strong>sunt</strong></span> <span class='ocrx_word' id='word_1_244' title='bbox 1460 2842 1675 2920; x_wconf 89' lang='lat' dir='ltr'><strong>verba,</strong></span> <span class='ocrx_word' id='word_1_245' title='bbox 1694 2842 1868 2905; x_wconf 90' lang='lat' dir='ltr'><strong>dein-</strong></span> 
     </span>
     <span class='ocr_line' id='line_1_45' title="bbox 368 2940 1355 3023; baseline 0.002 -21"><span class='ocrx_word' id='word_1_246' title='bbox 368 2941 451 3003; x_wconf 92' lang='lat' dir='ltr'><strong>de</strong></span> <span class='ocrx_word' id='word_1_247' title='bbox 482 2940 903 3023; x_wconf 86' lang='lat' dir='ltr'><strong>intelligenda</strong></span> <span class='ocrx_word' id='word_1_248' title='bbox 932 2949 995 3003; x_wconf 93' lang='lat' dir='ltr'><strong>et</strong></span> <span class='ocrx_word' id='word_1_249' title='bbox 1028 2940 1355 3004; x_wconf 88' lang='lat' dir='ltr'><strong>intuenda.</strong></span> 
     </span>
    </p>
   </div>
   <div class='ocr_carea' id='block_1_12' title="bbox 1971 1956 3469 2425">
    <p class='ocr_par' dir='ltr' id='par_1_12' title="bbox 1971 1956 3469 2425">
     <span class='ocr_line' id='line_1_46' title="bbox 1974 1956 3469 2037; baseline -0.001 -20"><span class='ocrx_word' id='word_1_250' title='bbox 1974 1975 2075 2019; x_wconf 87' lang='lat' dir='ltr'><strong>me</strong></span> <span class='ocrx_word' id='word_1_251' title='bbox 2103 1956 2366 2037; x_wconf 82' lang='lat' dir='ltr'><strong>judicet.</strong></span> <span class='ocrx_word' id='word_1_252' title='bbox 2401 1959 2486 2019; x_wconf 82' lang='lat' dir='ltr'><strong>Ec</strong></span> <span class='ocrx_word' id='word_1_253' title='bbox 2517 1960 2847 2035; x_wconf 79' lang='lat' dir='ltr'><strong>perveniet</strong></span> <span class='ocrx_word' id='word_1_254' title='bbox 2878 1960 2966 2017; x_wconf 84' lang='lat' dir='ltr'><strong>ad</strong></span> <span class='ocrx_word' id='word_1_255' title='bbox 2997 1957 3338 2017; x_wconf 83' lang='lat' dir='ltr'><strong>victoriam</strong></span> <span class='ocrx_word' id='word_1_256' title='bbox 3352 1957 3469 2032; x_wconf 81' lang='lat' dir='ltr'><strong>ju-</strong></span> 
     </span>
     <span class='ocr_line' id='line_1_47' title="bbox 1971 2054 3463 2136; baseline 0 -21"><span class='ocrx_word' id='word_1_257' title='bbox 1971 2058 2224 2115; x_wconf 80' lang='lat' dir='ltr'><strong>dicium</strong></span> <span class='ocrx_word' id='word_1_258' title='bbox 2255 2076 2488 2127; x_wconf 85' lang='lat' dir='ltr'><strong>meum,</strong></span> <span class='ocrx_word' id='word_1_259' title='bbox 2514 2056 2578 2117; x_wconf 90' lang='lat' dir='ltr'><strong>id</strong></span> <span class='ocrx_word' id='word_1_260' title='bbox 2610 2064 2726 2131; x_wconf 88' lang='lat' dir='ltr'><strong>est,</strong></span> <span class='ocrx_word' id='word_1_261' title='bbox 2750 2054 3064 2135; x_wconf 85' lang='lat' dir='ltr'><strong>judicium</strong></span> <span class='ocrx_word' id='word_1_262' title='bbox 3094 2055 3266 2136; x_wconf 91' lang='lat' dir='ltr'><strong>quod</strong></span> <span class='ocrx_word' id='word_1_263' title='bbox 3297 2055 3463 2117; x_wconf 89' lang='lat' dir='ltr'><strong>Deus</strong></span> 
     </span>
     <span class='ocr_line' id='line_1_48' title="bbox 1974 2152 3467 2235; baseline 0.001 -21"><span class='ocrx_word' id='word_1_264' title='bbox 1974 2152 2254 2234; x_wconf 88' lang='lat' dir='ltr'><strong>proferet</strong></span> <span class='ocrx_word' id='word_1_265' title='bbox 2301 2154 2379 2216; x_wconf 90' lang='lat' dir='ltr'><strong>de</strong></span> <span class='ocrx_word' id='word_1_266' title='bbox 2427 2172 2550 2230; x_wconf 90' lang='lat' dir='ltr'><strong>me,</strong></span> <span class='ocrx_word' id='word_1_267' title='bbox 2604 2154 2894 2217; x_wconf 88' lang='lat' dir='ltr'><strong>ostendet</strong></span> <span class='ocrx_word' id='word_1_268' title='bbox 2951 2172 3054 2217; x_wconf 91' lang='lat' dir='ltr'><strong>me</strong></span> <span class='ocrx_word' id='word_1_269' title='bbox 3107 2153 3349 2235; x_wconf 87' lang='lat' dir='ltr'><strong>justum</strong></span> <span class='ocrx_word' id='word_1_270' title='bbox 3403 2160 3467 2216; x_wconf 88' lang='lat' dir='ltr'><strong>et</strong></span> 
     </span>
     <span class='ocr_line' id='line_1_49' title="bbox 1972 2252 3466 2334; baseline 0.001 -21"><span class='ocrx_word' id='word_1_271' title='bbox 1972 2252 2322 2316; x_wconf 91' lang='lat' dir='ltr'><strong>amicorum</strong></span> <span class='ocrx_word' id='word_1_272' title='bbox 2363 2271 2650 2315; x_wconf 87' lang='lat' dir='ltr'><strong>meorum</strong></span> <span class='ocrx_word' id='word_1_273' title='bbox 2685 2252 3014 2329; x_wconf 88' lang='lat' dir='ltr'><strong>victorem,</strong></span> <span class='ocrx_word' id='word_1_274' title='bbox 3047 2252 3466 2334; x_wconf 84' lang='lat' dir='ltr'><strong>veritatisque</strong></span> 
     </span>
     <span class='ocr_line' id='line_1_50' title="bbox 1972 2350 3462 2425; baseline 0 -12"><span class='ocrx_word' id='word_1_275' title='bbox 1972 2350 2398 2415; x_wconf 79' lang='lat' dir='ltr'><strong>defensorem.</strong></span> <span class='ocrx_word' id='word_1_276' title='bbox 2449 2350 2772 2425; x_wconf 91' lang='lat' dir='ltr'><strong>Quomodo</strong></span> <span class='ocrx_word' id='word_1_277' title='bbox 2829 2359 3041 2414; x_wconf 90' lang='lat' dir='ltr'><strong>autem</strong></span> <span class='ocrx_word' id='word_1_278' title='bbox 3101 2351 3202 2413; x_wconf 93' lang='lat' dir='ltr'><strong>his</strong></span> <span class='ocrx_word' id='word_1_279' title='bbox 3249 2350 3462 2414; x_wconf 88' lang='lat' dir='ltr'><strong>verbis</strong></span> 
     </span>
    </p>
   </div>
   <div class='ocr_carea' id='block_1_13' title="bbox 1974 2449 3753 2576">
    <p class='ocr_par' dir='ltr' id='par_1_13' title="bbox 1974 2449 3753 2576">
     <span class='ocr_line' id='line_1_51' title="bbox 1974 2449 3753 2576; baseline -0.001 -64"><span class='ocrx_word' id='word_1_280' title='bbox 1974 2469 2101 2513; x_wconf 94' lang='lat' dir='ltr'><strong>non</strong></span> <span class='ocrx_word' id='word_1_281' title='bbox 2132 2450 2368 2528; x_wconf 87' lang='lat' dir='ltr'><strong>obviet,</strong></span> <span class='ocrx_word' id='word_1_282' title='bbox 2401 2450 2572 2532; x_wconf 90' lang='lat' dir='ltr'><strong>quod</strong></span> <span class='ocrx_word' id='word_1_283' title='bbox 2604 2468 2772 2513; x_wconf 92' lang='lat' dir='ltr'><strong>nono</strong></span> <span class='ocrx_word' id='word_1_284' title='bbox 2802 2450 3082 2533; x_wconf 88' lang='lat' dir='ltr'><strong>capitulo</strong></span> <span class='ocrx_word' id='word_1_285' title='bbox 3111 2450 3200 2512; x_wconf 89' lang='lat' dir='ltr'><strong>ait</strong></span> <span class='ocrx_word' id='word_1_286' title='bbox 3224 2450 3361 2526; x_wconf 88' lang='lat' dir='ltr'><strong>Job,</strong></span> <span class='ocrx_word' id='word_1_287' title='bbox 3399 2449 3460 2513; x_wconf 91' lang='lat' dir='ltr'><strong>Si</strong></span> <span class='ocrx_word' id='word_1_288' title='bbox 3491 2470 3753 2576; x_wconf 33' lang='lat' dir='ltr'><strong>damazo,</strong></span> 
     </span>
    </p>
   </div>
   <div class='ocr_carea' id='block_1_14' title="bbox 1971 2548 3465 3022">
    <p class='ocr_par' dir='ltr' id='par_1_14' title="bbox 1971 2548 3465 2907">
     <span class='ocr_line' id='line_1_52' title="bbox 1971 2548 3465 2630; baseline 0 -20"><span class='ocrx_word' id='word_1_289' title='bbox 1971 2548 2329 2630; x_wconf 86' lang='lat' dir='ltr'><strong>justificare</strong></span> <span class='ocrx_word' id='word_1_290' title='bbox 2359 2567 2464 2610; x_wconf 91' lang='lat' dir='ltr'><strong>me</strong></span> <span class='ocrx_word' id='word_1_291' title='bbox 2503 2549 2784 2626; x_wconf 85' lang='lat' dir='ltr'><strong>voluero,</strong></span> <span class='ocrx_word' id='word_1_292' title='bbox 2820 2567 2890 2612; x_wconf 92' lang='lat' dir='ltr'><strong>os</strong></span> <span class='ocrx_word' id='word_1_293' title='bbox 2921 2568 3134 2611; x_wconf 92' lang='lat' dir='ltr'><strong>meum</strong></span> <span class='ocrx_word' id='word_1_294' title='bbox 3165 2549 3465 2611; x_wconf 90' lang='lat' dir='ltr'><strong>condem-</strong></span> 
     </span>
     <span class='ocr_line' id='line_1_53' title="bbox 1974 2646 3464 2729; baseline -0.001 -21"><span class='ocrx_word' id='word_1_295' title='bbox 1974 2646 2154 2709; x_wconf 86' lang='lat' dir='ltr'><strong>nabit</strong></span> <span class='ocrx_word' id='word_1_296' title='bbox 2191 2666 2334 2722; x_wconf 86' lang='lat' dir='ltr'><strong>me3</strong></span> <span class='ocrx_word' id='word_1_297' title='bbox 2377 2646 2627 2710; x_wconf 90' lang='lat' dir='ltr'><strong>etiamsi</strong></span> <span class='ocrx_word' id='word_1_298' title='bbox 2659 2647 2929 2729; x_wconf 86' lang='lat' dir='ltr'><strong>simplex</strong></span> <span class='ocrx_word' id='word_1_299' title='bbox 2960 2646 3164 2725; x_wconf 89' lang='lat' dir='ltr'><strong>fuero,</strong></span> <span class='ocrx_word' id='word_1_300' title='bbox 3201 2647 3320 2710; x_wconf 92' lang='lat' dir='ltr'><strong>hoc</strong></span> <span class='ocrx_word' id='word_1_301' title='bbox 3367 2646 3464 2728; x_wconf 93' lang='lat' dir='ltr'><strong>ip-</strong></span> 
     </span>
     <span class='ocr_line' id='line_1_54' title="bbox 1974 2745 3461 2828; baseline -0.001 -21"><span class='ocrx_word' id='word_1_302' title='bbox 1974 2766 2113 2808; x_wconf 92' lang='lat' dir='ltr'><strong>sum</strong></span> <span class='ocrx_word' id='word_1_303' title='bbox 2147 2745 2468 2825; x_wconf 83' lang='lat' dir='ltr'><strong>ignorabit</strong></span> <span class='ocrx_word' id='word_1_304' title='bbox 2495 2746 2707 2808; x_wconf 92' lang='lat' dir='ltr'><strong>anima</strong></span> <span class='ocrx_word' id='word_1_305' title='bbox 2738 2765 2880 2809; x_wconf 92' lang='lat' dir='ltr'><strong>mea</strong></span> <span class='ocrx_word' id='word_1_306' title='bbox 2914 2764 2928 2807; x_wconf 78' lang='lat' dir='ltr'><strong><em>z</em></strong></span> <span class='ocrx_word' id='word_1_307' title='bbox 2963 2754 3138 2828; x_wconf 90' lang='lat' dir='ltr'><strong>patet</strong></span> <span class='ocrx_word' id='word_1_308' title='bbox 3167 2764 3243 2808; x_wconf 84' lang='lat' dir='ltr'><strong>ex</strong></span> <span class='ocrx_word' id='word_1_309' title='bbox 3272 2745 3461 2809; x_wconf 89' lang='lat' dir='ltr'><strong>dictis</strong></span> 
     </span>
     <span class='ocr_line' id='line_1_55' title="bbox 1975 2843 2236 2907; baseline 0.008 -3"><span class='ocrx_word' id='word_1_310' title='bbox 1975 2843 2236 2907; x_wconf 89' lang='lat' dir='ltr'><strong>ibidem.</strong></span> 
     </span>
    </p>

    <p class='ocr_par' dir='ltr' id='par_1_15' title="bbox 2052 2945 3465 3022">
     <span class='ocr_line' id='line_1_56' title="bbox 2052 2945 3465 3022; baseline -0.001 -17"><span class='ocrx_word' id='word_1_311' title='bbox 2052 2945 2132 3005; x_wconf 77' lang='lat' dir='ltr'><strong>Si</strong></span> <span class='ocrx_word' id='word_1_312' title='bbox 2159 2947 2249 3003; x_wconf 86' lang='lat' dir='ltr'><strong>ad</strong></span> <span class='ocrx_word' id='word_1_313' title='bbox 2275 2945 2586 3004; x_wconf 76' lang='lat' dir='ltr'><strong>orientem</strong></span> <span class='ocrx_word' id='word_1_314' title='bbox 2615 2945 2772 3015; x_wconf 80' lang='lat' dir='ltr'><strong>iere,</strong></span> <span class='ocrx_word' id='word_1_315' title='bbox 2805 2964 2936 3004; x_wconf 87' lang='lat' dir='ltr'><strong>non</strong></span> <span class='ocrx_word' id='word_1_316' title='bbox 2971 2952 3240 3022; x_wconf 77' lang='lat' dir='ltr'><strong>apparet</strong></span> <span class='ocrx_word' id='word_1_317' title='bbox 3260 2966 3286 3015; x_wconf 89' lang='lat'><strong>,·</strong></span> <span class='ocrx_word' id='word_1_318' title='bbox 3319 2953 3378 3004; x_wconf 89' lang='lat' dir='ltr'><strong>et</strong></span> <span class='ocrx_word' id='word_1_319' title='bbox 3405 2945 3465 3005; x_wconf 84' lang='lat' dir='ltr'><strong>si</strong></span> 
     </span>
    </p>
   </div>
   <div class='ocr_carea' id='block_1_15' title="bbox 451 3041 3464 3119">
    <p class='ocr_par' dir='ltr' id='par_1_16' title="bbox 451 3041 3464 3119">
     <span class='ocr_line' id='line_1_57' title="bbox 451 3041 3464 3119; baseline 0.001 -18"><span class='ocrx_word' id='word_1_320' title='bbox 451 3042 621 3101; x_wconf 87' lang='lat' dir='ltr'><strong>Nolo</strong></span> <span class='ocrx_word' id='word_1_321' title='bbox 670 3044 879 3101; x_wconf 82' lang='lat' dir='ltr'><strong>multa</strong></span> <span class='ocrx_word' id='word_1_322' title='bbox 920 3041 1313 3117; x_wconf 79' lang='lat' dir='ltr'><strong>fortitudine</strong></span> <span class='ocrx_word' id='word_1_323' title='bbox 1353 3043 1695 3101; x_wconf 84' lang='lat' dir='ltr'><strong>contendat</strong></span> <span class='ocrx_word' id='word_1_324' title='bbox 1742 3061 1867 3101; x_wconf 85' lang='lat' dir='ltr'><strong>me-</strong></span> <span class='ocrx_word' id='word_1_325' title='bbox 1898 3042 1943 3107; x_wconf 88' lang='lat' dir='ltr'>C</span> <span class='ocrx_word' id='word_1_326' title='bbox 1972 3044 2059 3101; x_wconf 82' lang='lat' dir='ltr'><strong>ad</strong></span> <span class='ocrx_word' id='word_1_327' title='bbox 2105 3044 2517 3111; x_wconf 81' lang='lat' dir='ltr'><strong>occidentem,</strong></span> <span class='ocrx_word' id='word_1_328' title='bbox 2563 3062 2693 3102; x_wconf 80' lang='lat' dir='ltr'><strong>non</strong></span> <span class='ocrx_word' id='word_1_329' title='bbox 2747 3043 3114 3119; x_wconf 75' lang='lat' dir='ltr'><strong>intelliyam</strong></span> <span class='ocrx_word' id='word_1_330' title='bbox 3157 3062 3305 3103; x_wconf 79' lang='lat' dir='ltr'><strong>eum</strong></span> <span class='ocrx_word' id='word_1_331' title='bbox 3335 3063 3358 3101; x_wconf 93' lang='lat'><strong>.·</strong></span> <span class='ocrx_word' id='word_1_332' title='bbox 3399 3041 3464 3104; x_wconf 89' lang='lat' dir='ltr'><strong>id</strong></span> 
     </span>
    </p>
   </div>
   <div class='ocr_carea' id='block_1_16' title="bbox 363 3136 1865 4205">
    <p class='ocr_par' dir='ltr' id='par_1_17' title="bbox 363 3136 1865 4205">
     <span class='ocr_line' id='line_1_58' title="bbox 366 3136 1865 3218; baseline 0.001 -20"><span class='ocrx_word' id='word_1_333' title='bbox 366 3158 547 3207; x_wconf 82' lang='lat' dir='ltr'><strong>cum,</strong></span> <span class='ocrx_word' id='word_1_334' title='bbox 577 3137 641 3199; x_wconf 90' lang='lat' dir='ltr'><strong>id</strong></span> <span class='ocrx_word' id='word_1_335' title='bbox 673 3145 791 3215; x_wconf 85' lang='lat' dir='ltr'><strong>est,</strong></span> <span class='ocrx_word' id='word_1_336' title='bbox 828 3156 955 3199; x_wconf 89' lang='lat' dir='ltr'><strong>non</strong></span> <span class='ocrx_word' id='word_1_337' title='bbox 988 3136 1080 3198; x_wconf 92' lang='lat' dir='ltr'><strong>sic</strong></span> <span class='ocrx_word' id='word_1_338' title='bbox 1112 3146 1259 3218; x_wconf 90' lang='lat' dir='ltr'><strong>peto</strong></span> <span class='ocrx_word' id='word_1_339' title='bbox 1288 3136 1603 3218; x_wconf 83' lang='lat' dir='ltr'><strong>judicium</strong></span> <span class='ocrx_word' id='word_1_340' title='bbox 1635 3138 1768 3216; x_wconf 87' lang='lat' dir='ltr'><strong>Dei,</strong></span> <span class='ocrx_word' id='word_1_341' title='bbox 1795 3146 1865 3200; x_wconf 92' lang='lat' dir='ltr'><strong>ut</strong></span> 
     </span>
     <span class='ocr_line' id='line_1_59' title="bbox 368 3236 1857 3318; baseline 0.001 -21"><span class='ocrx_word' id='word_1_342' title='bbox 368 3236 567 3299; x_wconf 88' lang='lat' dir='ltr'><strong>velim</strong></span> <span class='ocrx_word' id='word_1_343' title='bbox 616 3255 763 3299; x_wconf 90' lang='lat' dir='ltr'><strong>eum</strong></span> <span class='ocrx_word' id='word_1_344' title='bbox 813 3237 1158 3318; x_wconf 87' lang='lat' dir='ltr'><strong>procedere</strong></span> <span class='ocrx_word' id='word_1_345' title='bbox 1205 3254 1458 3299; x_wconf 90' lang='lat' dir='ltr'><strong>mecum</strong></span> <span class='ocrx_word' id='word_1_346' title='bbox 1508 3237 1857 3298; x_wconf 89' lang='lat' dir='ltr'><strong>secundum</strong></span> 
     </span>
     <span class='ocr_line' id='line_1_60' title="bbox 366 3333 1863 3416; baseline -0.001 -19"><span class='ocrx_word' id='word_1_347' title='bbox 366 3333 905 3416; x_wconf 86' lang='lat' dir='ltr'><strong>omnipotentiam</strong></span> <span class='ocrx_word' id='word_1_348' title='bbox 936 3354 1138 3411; x_wconf 90' lang='lat' dir='ltr'><strong>suam,</strong></span> <span class='ocrx_word' id='word_1_349' title='bbox 1162 3342 1273 3396; x_wconf 89' lang='lat' dir='ltr'><strong>aut</strong></span> <span class='ocrx_word' id='word_1_350' title='bbox 1301 3334 1651 3397; x_wconf 90' lang='lat' dir='ltr'><strong>secundum</strong></span> <span class='ocrx_word' id='word_1_351' title='bbox 1683 3334 1863 3416; x_wconf 88' lang='lat' dir='ltr'><strong>justi-</strong></span> 
     </span>
     <span class='ocr_line' id='line_1_61' title="bbox 370 3431 1862 3515; baseline 0.001 -20"><span class='ocrx_word' id='word_1_352' title='bbox 370 3434 527 3496; x_wconf 85' lang='lat' dir='ltr'><strong>tiam</strong></span> <span class='ocrx_word' id='word_1_353' title='bbox 579 3452 761 3496; x_wconf 89' lang='lat' dir='ltr'><strong>suam</strong></span> <span class='ocrx_word' id='word_1_354' title='bbox 821 3431 1260 3509; x_wconf 86' lang='lat' dir='ltr'><strong>fortissimam,</strong></span> <span class='ocrx_word' id='word_1_355' title='bbox 1316 3452 1443 3513; x_wconf 89' lang='lat' dir='ltr'><strong>qua</strong></span> <span class='ocrx_word' id='word_1_356' title='bbox 1489 3432 1555 3494; x_wconf 92' lang='lat' dir='ltr'><strong>in</strong></span> <span class='ocrx_word' id='word_1_357' title='bbox 1606 3452 1673 3495; x_wconf 90' lang='lat' dir='ltr'><strong>se</strong></span> <span class='ocrx_word' id='word_1_358' title='bbox 1722 3433 1862 3515; x_wconf 91' lang='lat' dir='ltr'><strong>ipso</strong></span> 
     </span>
     <span class='ocr_line' id='line_1_62' title="bbox 364 3528 1861 3612; baseline 0 -20"><span class='ocrx_word' id='word_1_359' title='bbox 364 3531 581 3612; x_wconf 87' lang='lat' dir='ltr'><strong>justus</strong></span> <span class='ocrx_word' id='word_1_360' title='bbox 629 3538 727 3593; x_wconf 90' lang='lat' dir='ltr'><strong>est</strong></span> <span class='ocrx_word' id='word_1_361' title='bbox 776 3528 1055 3607; x_wconf 88' lang='lat' dir='ltr'><strong>infinite,</strong></span> <span class='ocrx_word' id='word_1_362' title='bbox 1100 3538 1169 3591; x_wconf 92' lang='lat' dir='ltr'><strong>ut</strong></span> <span class='ocrx_word' id='word_1_363' title='bbox 1215 3528 1460 3593; x_wconf 89' lang='lat' dir='ltr'><strong>scilicet</strong></span> <span class='ocrx_word' id='word_1_364' title='bbox 1509 3531 1861 3592; x_wconf 90' lang='lat' dir='ltr'><strong>secundum</strong></span> 
     </span>
     <span class='ocr_line' id='line_1_63' title="bbox 363 3628 1864 3711; baseline -0.001 -20"><span class='ocrx_word' id='word_1_365' title='bbox 363 3629 634 3711; x_wconf 83' lang='lat' dir='ltr'><strong>justitiae</strong></span> <span class='ocrx_word' id='word_1_366' title='bbox 664 3648 796 3691; x_wconf 84' lang='lat' dir='ltr'><strong>suae</strong></span> <span class='ocrx_word' id='word_1_367' title='bbox 826 3628 1101 3709; x_wconf 87' lang='lat' dir='ltr'><strong>rigorem</strong></span> <span class='ocrx_word' id='word_1_368' title='bbox 1143 3648 1245 3691; x_wconf 89' lang='lat' dir='ltr'><strong>me</strong></span> <span class='ocrx_word' id='word_1_369' title='bbox 1278 3628 1544 3709; x_wconf 87' lang='lat' dir='ltr'><strong>judicet,</strong></span> <span class='ocrx_word' id='word_1_370' title='bbox 1576 3647 1706 3692; x_wconf 90' lang='lat' dir='ltr'><strong>non</strong></span> <span class='ocrx_word' id='word_1_371' title='bbox 1753 3630 1864 3690; x_wconf 89' lang='lat' dir='ltr'><strong>ha-</strong></span> 
     </span>
     <span class='ocr_line' id='line_1_64' title="bbox 364 3725 1865 3810; baseline -0.001 -21"><span class='ocrx_word' id='word_1_372' title='bbox 364 3728 579 3791; x_wconf 90' lang='lat' dir='ltr'><strong>bendo</strong></span> <span class='ocrx_word' id='word_1_373' title='bbox 623 3727 806 3810; x_wconf 87' lang='lat' dir='ltr'><strong>pium</strong></span> <span class='ocrx_word' id='word_1_374' title='bbox 844 3736 1202 3808; x_wconf 88' lang='lat' dir='ltr'><strong>respectum</strong></span> <span class='ocrx_word' id='word_1_375' title='bbox 1242 3728 1321 3789; x_wconf 91' lang='lat' dir='ltr'><strong>ad</strong></span> <span class='ocrx_word' id='word_1_376' title='bbox 1351 3728 1697 3789; x_wconf 89' lang='lat' dir='ltr'><strong>humanam</strong></span> <span class='ocrx_word' id='word_1_377' title='bbox 1738 3725 1865 3789; x_wconf 91' lang='lat' dir='ltr'><strong>fra-</strong></span> 
     </span>
     <span class='ocr_line' id='line_1_65' title="bbox 365 3825 1863 3907; baseline 0 -20"><span class='ocrx_word' id='word_1_378' title='bbox 365 3826 707 3907; x_wconf 81' lang='lat' dir='ltr'><strong>gilitatem.</strong></span> <span class='ocrx_word' id='word_1_379' title='bbox 735 3825 836 3888; x_wconf 92' lang='lat' dir='ltr'><strong>Sic</strong></span> <span class='ocrx_word' id='word_1_380' title='bbox 866 3825 1039 3888; x_wconf 91' lang='lat' dir='ltr'><strong>enim</strong></span> <span class='ocrx_word' id='word_1_381' title='bbox 1068 3825 1278 3888; x_wconf 90' lang='lat' dir='ltr'><strong>omnis</strong></span> <span class='ocrx_word' id='word_1_382' title='bbox 1308 3826 1587 3888; x_wconf 88' lang='lat' dir='ltr'><strong>humana</strong></span> <span class='ocrx_word' id='word_1_383' title='bbox 1615 3826 1863 3907; x_wconf 85' lang='lat' dir='ltr'><strong>justitia</strong></span> 
     </span>
     <span class='ocr_line' id='line_1_66' title="bbox 368 3923 1865 4007; baseline 0.003 -22"><span class='ocrx_word' id='word_1_384' title='bbox 368 3923 787 3988; x_wconf 79' lang='lat' dir='ltr'><strong>insufficiens</strong></span> <span class='ocrx_word' id='word_1_385' title='bbox 836 3933 953 4001; x_wconf 90' lang='lat' dir='ltr'><strong>est,</strong></span> <span class='ocrx_word' id='word_1_386' title='bbox 999 3933 1063 3987; x_wconf 88' lang='lat' dir='ltr'><strong>et</strong></span> <span class='ocrx_word' id='word_1_387' title='bbox 1110 3925 1583 4007; x_wconf 87' lang='lat' dir='ltr'><strong>comparatione</strong></span> <span class='ocrx_word' id='word_1_388' title='bbox 1630 3926 1865 3989; x_wconf 81' lang='lat' dir='ltr'><strong>divinae</strong></span> 
     </span>
     <span class='ocr_line' id='line_1_67' title="bbox 365 4022 1859 4105; baseline 0.001 -21"><span class='ocrx_word' id='word_1_389' title='bbox 365 4022 657 4104; x_wconf 81' lang='lat' dir='ltr'><strong>justitiae,</strong></span> <span class='ocrx_word' id='word_1_390' title='bbox 692 4023 1009 4105; x_wconf 84' lang='lat' dir='ltr'><strong>injustitia</strong></span> <span class='ocrx_word' id='word_1_391' title='bbox 1035 4023 1347 4104; x_wconf 83' lang='lat' dir='ltr'><strong>quaedam,</strong></span> <span class='ocrx_word' id='word_1_392' title='bbox 1380 4022 1541 4086; x_wconf 89' lang='lat' dir='ltr'><strong>Isaia</strong></span> <span class='ocrx_word' id='word_1_393' title='bbox 1568 4024 1859 4087; x_wconf 86' lang='lat' dir='ltr'><strong>dicente:</strong></span> 
     </span>
     <span class='ocr_line' id='line_1_68' title="bbox 366 4121 1863 4205; baseline 0 -20"><span class='ocrx_word' id='word_1_394' title='bbox 366 4121 561 4195; x_wconf 86' lang='lat' dir='ltr'><strong>Quasi</strong></span> <span class='ocrx_word' id='word_1_395' title='bbox 619 4142 873 4205; x_wconf 89' lang='lat' dir='ltr'><strong>pannus</strong></span> <span class='ocrx_word' id='word_1_396' title='bbox 933 4130 1341 4185; x_wconf 80' lang='lat' dir='ltr'><strong>menstruatae</strong></span> <span class='ocrx_word' id='word_1_397' title='bbox 1403 4122 1715 4186; x_wconf 85' lang='lat' dir='ltr'><strong>universae</strong></span> <span class='ocrx_word' id='word_1_398' title='bbox 1760 4124 1863 4205; x_wconf 84' lang='lat' dir='ltr'><strong>ju-</strong></span> 
     </span>
    </p>
   </div>
   <div class='ocr_carea' id='block_1_17' title="bbox 1968 3138 3467 4207">
    <p class='ocr_par' dir='ltr' id='par_1_18' title="bbox 1968 3138 3467 4207">
     <span class='ocr_line' id='line_1_69' title="bbox 1970 3138 3465 3221; baseline 0 -20"><span class='ocrx_word' id='word_1_399' title='bbox 1970 3145 2086 3215; x_wconf 89' lang='lat' dir='ltr'><strong>est,</strong></span> <span class='ocrx_word' id='word_1_400' title='bbox 2122 3139 2258 3202; x_wconf 88' lang='lat' dir='ltr'><strong>sive</strong></span> <span class='ocrx_word' id='word_1_401' title='bbox 2287 3138 2664 3201; x_wconf 86' lang='lat' dir='ltr'><strong>orientalem</strong></span> <span class='ocrx_word' id='word_1_402' title='bbox 2704 3138 2851 3202; x_wconf 87' lang='lat' dir='ltr'><strong>coeli</strong></span> <span class='ocrx_word' id='word_1_403' title='bbox 2891 3147 3158 3221; x_wconf 88' lang='lat' dir='ltr'><strong>partem,</strong></span> <span class='ocrx_word' id='word_1_404' title='bbox 3194 3139 3331 3205; x_wconf 85' lang='lat' dir='ltr'><strong>sive</strong></span> <span class='ocrx_word' id='word_1_405' title='bbox 3361 3158 3465 3202; x_wconf 94' lang='lat' dir='ltr'><strong>oc-</strong></span> 
     </span>
     <span class='ocr_line' id='line_1_70' title="bbox 1970 3236 3466 3315; baseline -0.001 -15"><span class='ocrx_word' id='word_1_406' title='bbox 1970 3236 2350 3300; x_wconf 89' lang='lat' dir='ltr'><strong>cidentalem</strong></span> <span class='ocrx_word' id='word_1_407' title='bbox 2409 3236 2807 3299; x_wconf 88' lang='lat' dir='ltr'><strong>considerem</strong></span> <span class='ocrx_word' id='word_1_408' title='bbox 2863 3256 2976 3299; x_wconf 90' lang='lat' dir='ltr'><strong>seu</strong></span> <span class='ocrx_word' id='word_1_409' title='bbox 3023 3238 3340 3315; x_wconf 87' lang='lat' dir='ltr'><strong>accedam,</strong></span> <span class='ocrx_word' id='word_1_410' title='bbox 3401 3246 3466 3301; x_wconf 92' lang='lat' dir='ltr'><strong>et</strong></span> 
     </span>
     <span class='ocr_line' id='line_1_71' title="bbox 1968 3335 3467 3418; baseline 0.001 -20"><span class='ocrx_word' id='word_1_411' title='bbox 1968 3335 2184 3398; x_wconf 91' lang='lat' dir='ltr'><strong>omnia</strong></span> <span class='ocrx_word' id='word_1_412' title='bbox 2212 3355 2357 3416; x_wconf 81' lang='lat' dir='ltr'><strong>quae</strong></span> <span class='ocrx_word' id='word_1_413' title='bbox 2386 3335 2624 3399; x_wconf 90' lang='lat' dir='ltr'><strong>ibidem</strong></span> <span class='ocrx_word' id='word_1_414' title='bbox 2653 3343 2970 3414; x_wconf 84' lang='lat' dir='ltr'><strong>geruntur</strong></span> <span class='ocrx_word' id='word_1_415' title='bbox 3001 3345 3065 3399; x_wconf 91' lang='lat' dir='ltr'><strong>et</strong></span> <span class='ocrx_word' id='word_1_416' title='bbox 3107 3346 3276 3415; x_wconf 88' lang='lat' dir='ltr'><strong>sunt,</strong></span> <span class='ocrx_word' id='word_1_417' title='bbox 3317 3356 3467 3418; x_wconf 86' lang='lat' dir='ltr'><strong>pen-</strong></span> 
     </span>
     <span class='ocr_line' id='line_1_72' title="bbox 1970 3434 3467 3512; baseline 0.001 -17"><span class='ocrx_word' id='word_1_418' title='bbox 1970 3452 2125 3512; x_wconf 91' lang='lat' dir='ltr'><strong>sem,</strong></span> <span class='ocrx_word' id='word_1_419' title='bbox 2162 3435 2358 3497; x_wconf 91' lang='lat' dir='ltr'><strong>Deum</strong></span> <span class='ocrx_word' id='word_1_420' title='bbox 2403 3442 2609 3496; x_wconf 85' lang='lat' dir='ltr'><strong>tamen</strong></span> <span class='ocrx_word' id='word_1_421' title='bbox 2649 3434 2934 3496; x_wconf 89' lang='lat' dir='ltr'><strong>omnium</strong></span> <span class='ocrx_word' id='word_1_422' title='bbox 2976 3434 3206 3497; x_wconf 90' lang='lat' dir='ltr'><strong>horum</strong></span> <span class='ocrx_word' id='word_1_423' title='bbox 3251 3436 3467 3499; x_wconf 91' lang='lat' dir='ltr'><strong>condi—</strong></span> 
     </span>
     <span class='ocr_line' id='line_1_73' title="bbox 1969 3530 3464 3615; baseline 0.003 -21"><span class='ocrx_word' id='word_1_424' title='bbox 1969 3541 2172 3595; x_wconf 87' lang='lat' dir='ltr'><strong>torem</strong></span> <span class='ocrx_word' id='word_1_425' title='bbox 2222 3530 2524 3615; x_wconf 88' lang='lat' dir='ltr'><strong>perfecte,</strong></span> <span class='ocrx_word' id='word_1_426' title='bbox 2560 3532 2767 3614; x_wconf 91' lang='lat' dir='ltr'><strong>plene,</strong></span> <span class='ocrx_word' id='word_1_427' title='bbox 2801 3540 2863 3595; x_wconf 90' lang='lat' dir='ltr'><strong>et</strong></span> <span class='ocrx_word' id='word_1_428' title='bbox 2904 3532 3070 3595; x_wconf 87' lang='lat' dir='ltr'><strong>sicut</strong></span> <span class='ocrx_word' id='word_1_429' title='bbox 3106 3534 3174 3595; x_wconf 92' lang='lat' dir='ltr'><strong>in</strong></span> <span class='ocrx_word' id='word_1_430' title='bbox 3215 3552 3283 3597; x_wconf 89' lang='lat' dir='ltr'><strong>se</strong></span> <span class='ocrx_word' id='word_1_431' title='bbox 3324 3533 3464 3615; x_wconf 88' lang='lat' dir='ltr'><strong>ipso</strong></span> 
     </span>
     <span class='ocr_line' id='line_1_74' title="bbox 1970 3630 3465 3713; baseline 0 -19"><span class='ocrx_word' id='word_1_432' title='bbox 1970 3639 2087 3708; x_wconf 90' lang='lat' dir='ltr'><strong>est,</strong></span> <span class='ocrx_word' id='word_1_433' title='bbox 2122 3648 2503 3711; x_wconf 82' lang='lat' dir='ltr'><strong>cognoscere</strong></span> <span class='ocrx_word' id='word_1_434' title='bbox 2541 3650 2619 3693; x_wconf 85' lang='lat' dir='ltr'><strong>ex</strong></span> <span class='ocrx_word' id='word_1_435' title='bbox 2658 3630 2786 3692; x_wconf 90' lang='lat' dir='ltr'><strong>illis</strong></span> <span class='ocrx_word' id='word_1_436' title='bbox 2828 3648 2955 3695; x_wconf 90' lang='lat' dir='ltr'><strong>non</strong></span> <span class='ocrx_word' id='word_1_437' title='bbox 2993 3650 3181 3713; x_wconf 89' lang='lat' dir='ltr'><strong>queo.</strong></span> <span class='ocrx_word' id='word_1_438' title='bbox 3215 3633 3281 3694; x_wconf 90' lang='lat' dir='ltr'><strong>In</strong></span> <span class='ocrx_word' id='word_1_439' title='bbox 3333 3641 3465 3694; x_wconf 89' lang='lat' dir='ltr'><strong>tan-</strong></span> 
     </span>
     <span class='ocr_line' id='line_1_75' title="bbox 1971 3730 3463 3811; baseline 0.001 -19"><span class='ocrx_word' id='word_1_440' title='bbox 1971 3737 2105 3792; x_wconf 91' lang='lat' dir='ltr'><strong>tum</strong></span> <span class='ocrx_word' id='word_1_441' title='bbox 2136 3730 2436 3811; x_wconf 85' lang='lat' dir='ltr'><strong>equidem</strong></span> <span class='ocrx_word' id='word_1_442' title='bbox 2467 3730 2720 3792; x_wconf 88' lang='lat' dir='ltr'><strong>Creator</strong></span> <span class='ocrx_word' id='word_1_443' title='bbox 2757 3748 2832 3791; x_wconf 87' lang='lat' dir='ltr'><strong>ex</strong></span> <span class='ocrx_word' id='word_1_444' title='bbox 2877 3730 3183 3792; x_wconf 89' lang='lat' dir='ltr'><strong>creaturis</strong></span> <span class='ocrx_word' id='word_1_445' title='bbox 3233 3748 3463 3810; x_wconf 86' lang='lat' dir='ltr'><strong>cogno-</strong></span> 
     </span>
     <span class='ocr_line' id='line_1_76' title="bbox 1972 3827 3462 3909; baseline 0.001 -19"><span class='ocrx_word' id='word_1_446' title='bbox 1972 3828 2190 3905; x_wconf 91' lang='lat' dir='ltr'><strong>scitur,</strong></span> <span class='ocrx_word' id='word_1_447' title='bbox 2227 3828 2292 3889; x_wconf 90' lang='lat' dir='ltr'><strong>in</strong></span> <span class='ocrx_word' id='word_1_448' title='bbox 2333 3836 2643 3909; x_wconf 89' lang='lat' dir='ltr'><strong>quantum</strong></span> <span class='ocrx_word' id='word_1_449' title='bbox 2683 3827 2820 3908; x_wconf 81' lang='lat' dir='ltr'><strong>ejus</strong></span> <span class='ocrx_word' id='word_1_450' title='bbox 2866 3827 3175 3909; x_wconf 86' lang='lat' dir='ltr'><strong>perfectio</strong></span> <span class='ocrx_word' id='word_1_451' title='bbox 3219 3828 3284 3890; x_wconf 93' lang='lat' dir='ltr'><strong>in</strong></span> <span class='ocrx_word' id='word_1_452' title='bbox 3332 3829 3462 3891; x_wconf 89' lang='lat' dir='ltr'><strong>illis</strong></span> 
     </span>
     <span class='ocr_line' id='line_1_77' title="bbox 1972 3925 3464 3990; baseline 0 -1"><span class='ocrx_word' id='word_1_453' title='bbox 1972 3925 2550 3989; x_wconf 89' lang='lat' dir='ltr'><strong>relucet.Creatura</strong></span> <span class='ocrx_word' id='word_1_454' title='bbox 2578 3934 2790 3989; x_wconf 89' lang='lat' dir='ltr'><strong>autem</strong></span> <span class='ocrx_word' id='word_1_455' title='bbox 2821 3926 3030 3989; x_wconf 90' lang='lat' dir='ltr'><strong>omnis</strong></span> <span class='ocrx_word' id='word_1_456' title='bbox 3060 3926 3284 3989; x_wconf 87' lang='lat' dir='ltr'><strong>deficit</strong></span> <span class='ocrx_word' id='word_1_457' title='bbox 3315 3927 3464 3990; x_wconf 90' lang='lat' dir='ltr'><strong>infi-</strong></span> 
     </span>
     <span class='ocr_line' id='line_1_78' title="bbox 1973 4025 3459 4108; baseline 0.001 -21"><span class='ocrx_word' id='word_1_458' title='bbox 1973 4026 2105 4103; x_wconf 85' lang='lat' dir='ltr'><strong>nite</strong></span> <span class='ocrx_word' id='word_1_459' title='bbox 2143 4046 2181 4088; x_wconf 91' lang='lat' dir='ltr'><strong>a</strong></span> <span class='ocrx_word' id='word_1_460' title='bbox 2218 4026 2408 4108; x_wconf 86' lang='lat' dir='ltr'><strong>plena</strong></span> <span class='ocrx_word' id='word_1_461' title='bbox 2452 4026 3008 4107; x_wconf 84' lang='lat' dir='ltr'><strong>repraesentatione</strong></span> <span class='ocrx_word' id='word_1_462' title='bbox 3047 4025 3459 4108; x_wconf 90' lang='lat' dir='ltr'><strong>perfectionis</strong></span> 
     </span>
     <span class='ocr_line' id='line_1_79' title="bbox 1972 4124 3460 4207; baseline 0.001 -20"><span class='ocrx_word' id='word_1_463' title='bbox 1972 4124 2217 4207; x_wconf 79' lang='lat' dir='ltr'><strong>proprii</strong></span> <span class='ocrx_word' id='word_1_464' title='bbox 2265 4124 2600 4188; x_wconf 79' lang='lat' dir='ltr'><strong>CreatoriS.</strong></span> <span class='ocrx_word' id='word_1_465' title='bbox 2635 4127 2723 4186; x_wconf 89' lang='lat' dir='ltr'><strong>Et</strong></span> <span class='ocrx_word' id='word_1_466' title='bbox 2763 4126 2824 4185; x_wconf 83' lang='lat' dir='ltr'><strong>si</strong></span> <span class='ocrx_word' id='word_1_467' title='bbox 2865 4127 2952 4186; x_wconf 84' lang='lat' dir='ltr'><strong>ad</strong></span> <span class='ocrx_word' id='word_1_468' title='bbox 2995 4127 3361 4197; x_wconf 80' lang='lat' dir='ltr'><strong>sinistram,</strong></span> <span class='ocrx_word' id='word_1_469' title='bbox 3397 4126 3460 4188; x_wconf 90' lang='lat' dir='ltr'><strong>id</strong></span> 
     </span>
    </p>
   </div>
   <div class='ocr_carea' id='block_1_18' title="bbox 366 4221 3460 4305">
    <p class='ocr_par' dir='ltr' id='par_1_19' title="bbox 366 4221 3460 4305">
     <span class='ocr_line' id='line_1_80' title="bbox 366 4221 3460 4305; baseline 0 -18"><span class='ocrx_word' id='word_1_470' title='bbox 366 4222 561 4287; x_wconf 84' lang='lat' dir='ltr'><strong>stitiae</strong></span> <span class='ocrx_word' id='word_1_471' title='bbox 610 4230 864 4286; x_wconf 80' lang='lat' dir='ltr'><strong>nostrae.</strong></span> <span class='ocrx_word' id='word_1_472' title='bbox 914 4222 1176 4302; x_wconf 89' lang='lat' dir='ltr'><strong>Propter</strong></span> <span class='ocrx_word' id='word_1_473' title='bbox 1223 4222 1395 4302; x_wconf 87' lang='lat' dir='ltr'><strong>quod</strong></span> <span class='ocrx_word' id='word_1_474' title='bbox 1444 4221 1533 4283; x_wconf 89' lang='lat' dir='ltr'><strong>ait</strong></span> <span class='ocrx_word' id='word_1_475' title='bbox 1580 4221 1678 4284; x_wconf 88' lang='lat' dir='ltr'><strong>vir</strong></span> <span class='ocrx_word' id='word_1_476' title='bbox 1726 4242 1863 4285; x_wconf 87' lang='lat' dir='ltr'><strong>san·</strong></span> <span class='ocrx_word' id='word_1_477' title='bbox 1889 4228 1940 4290; x_wconf 92' lang='lat' dir='ltr'>D</span> <span class='ocrx_word' id='word_1_478' title='bbox 1972 4232 2066 4287; x_wconf 90' lang='lat' dir='ltr'><strong>est</strong></span> <span class='ocrx_word' id='word_1_479' title='bbox 2106 4223 2494 4305; x_wconf 91' lang='lat' dir='ltr'><strong>aquilonem,</strong></span> <span class='ocrx_word' id='word_1_480' title='bbox 2531 4222 2864 4299; x_wconf 87' lang='lat' dir='ltr'><strong>transiero,</strong></span> <span class='ocrx_word' id='word_1_481' title='bbox 2897 4226 3060 4303; x_wconf 78' lang='lat' dir='ltr'><strong>qaid</strong></span> <span class='ocrx_word' id='word_1_482' title='bbox 3097 4244 3288 4301; x_wconf 69' lang='lat' dir='ltr'><strong>aqam</strong></span> <span class='ocrx_word' id='word_1_483' title='bbox 3311 4226 3342 4285; x_wconf 69' lang='grc' dir='ltr'><em>ἓ</em></span> <span class='ocrx_word' id='word_1_484' title='bbox 3368 4225 3460 4287; x_wconf 88' lang='lat' dir='ltr'><strong>Ad</strong></span> 
     </span>
    </p>
   </div>
   <div class='ocr_carea' id='block_1_19' title="bbox 360 4320 1863 4995">
    <p class='ocr_par' dir='ltr' id='par_1_20' title="bbox 360 4320 1863 4995">
     <span class='ocr_line' id='line_1_81' title="bbox 366 4320 1861 4402; baseline -0.001 -16"><span class='ocrx_word' id='word_1_485' title='bbox 366 4331 510 4386; x_wconf 87' lang='lat' dir='ltr'><strong>ctus</strong></span> <span class='ocrx_word' id='word_1_486' title='bbox 548 4340 563 4383; x_wconf 91' lang='lat'>:</span> <span class='ocrx_word' id='word_1_487' title='bbox 595 4322 731 4384; x_wconf 90' lang='lat' dir='ltr'><strong>Non</strong></span> <span class='ocrx_word' id='word_1_488' title='bbox 776 4320 975 4383; x_wconf 89' lang='lat' dir='ltr'><strong>intres</strong></span> <span class='ocrx_word' id='word_1_489' title='bbox 1023 4320 1087 4381; x_wconf 89' lang='lat' dir='ltr'><strong>in</strong></span> <span class='ocrx_word' id='word_1_490' title='bbox 1128 4320 1445 4402; x_wconf 90' lang='lat' dir='ltr'><strong>judicium</strong></span> <span class='ocrx_word' id='word_1_491' title='bbox 1490 4339 1633 4383; x_wconf 94' lang='lat' dir='ltr'><strong>cum</strong></span> <span class='ocrx_word' id='word_1_492' title='bbox 1678 4340 1861 4385; x_wconf 89' lang='lat' dir='ltr'><strong>servo</strong></span> 
     </span>
     <span class='ocr_line' id='line_1_82' title="bbox 366 4418 1863 4501; baseline -0.001 -18"><span class='ocrx_word' id='word_1_493' title='bbox 366 4430 501 4497; x_wconf 88' lang='lat' dir='ltr'><strong>tuo,</strong></span> <span class='ocrx_word' id='word_1_494' title='bbox 523 4419 811 4484; x_wconf 79' lang='lat' dir='ltr'><strong>Domine.</strong></span> <span class='ocrx_word' id='word_1_495' title='bbox 836 4420 913 4480; x_wconf 92' lang='lat' dir='ltr'><strong>Et</strong></span> <span class='ocrx_word' id='word_1_496' title='bbox 942 4437 1133 4501; x_wconf 90' lang='lat' dir='ltr'><strong>supra</strong></span> <span class='ocrx_word' id='word_1_497' title='bbox 1154 4418 1396 4482; x_wconf 89' lang='lat' dir='ltr'><strong>dictum</strong></span> <span class='ocrx_word' id='word_1_498' title='bbox 1430 4427 1526 4481; x_wconf 88' lang='lat' dir='ltr'><strong>est</strong></span> <span class='ocrx_word' id='word_1_499' title='bbox 1561 4436 1574 4480; x_wconf 75' lang='grc' dir='ltr'>ε</span> <span class='ocrx_word' id='word_1_500' title='bbox 1603 4419 1737 4482; x_wconf 92' lang='lat' dir='ltr'><strong>Non</strong></span> <span class='ocrx_word' id='word_1_501' title='bbox 1766 4420 1863 4501; x_wconf 83' lang='lat' dir='ltr'><strong>ju-</strong></span> 
     </span>
     <span class='ocr_line' id='line_1_83' title="bbox 364 4515 1859 4599; baseline -0.001 -17"><span class='ocrx_word' id='word_1_502' title='bbox 364 4518 759 4582; x_wconf 87' lang='lat' dir='ltr'><strong>stificabitur</strong></span> <span class='ocrx_word' id='word_1_503' title='bbox 802 4518 993 4581; x_wconf 90' lang='lat' dir='ltr'><strong>homo</strong></span> <span class='ocrx_word' id='word_1_504' title='bbox 1020 4515 1412 4599; x_wconf 89' lang='lat' dir='ltr'><strong>compositus</strong></span> <span class='ocrx_word' id='word_1_505' title='bbox 1449 4518 1612 4596; x_wconf 88' lang='lat' dir='ltr'><strong>Deo;</strong></span> <span class='ocrx_word' id='word_1_506' title='bbox 1651 4527 1713 4580; x_wconf 91' lang='lat' dir='ltr'><strong>et</strong></span> <span class='ocrx_word' id='word_1_507' title='bbox 1746 4536 1760 4580; x_wconf 92' lang='lat'><strong>:</strong></span> <span class='ocrx_word' id='word_1_508' title='bbox 1796 4518 1859 4582; x_wconf 93' lang='lat' dir='ltr'><strong>Si</strong></span> 
     </span>
     <span class='ocr_line' id='line_1_84' title="bbox 362 4616 1862 4697; baseline -0.003 -16"><span class='ocrx_word' id='word_1_509' title='bbox 362 4616 643 4681; x_wconf 82' lang='lat' dir='ltr'><strong>voluerit</strong></span> <span class='ocrx_word' id='word_1_510' title='bbox 691 4616 1077 4679; x_wconf 88' lang='lat' dir='ltr'><strong>contendere</strong></span> <span class='ocrx_word' id='word_1_511' title='bbox 1126 4634 1271 4677; x_wconf 92' lang='lat' dir='ltr'><strong>cum</strong></span> <span class='ocrx_word' id='word_1_512' title='bbox 1321 4632 1419 4691; x_wconf 89' lang='lat' dir='ltr'><strong>co,</strong></span> <span class='ocrx_word' id='word_1_513' title='bbox 1454 4634 1581 4677; x_wconf 90' lang='lat' dir='ltr'><strong>non</strong></span> <span class='ocrx_word' id='word_1_514' title='bbox 1624 4616 1862 4697; x_wconf 90' lang='lat' dir='ltr'><strong>poterit</strong></span> 
     </span>
     <span class='ocr_line' id='line_1_85' title="bbox 364 4712 1861 4798; baseline -0.003 -19"><span class='ocrx_word' id='word_1_515' title='bbox 364 4716 755 4798; x_wconf 89' lang='lat' dir='ltr'><strong>respondere</strong></span> <span class='ocrx_word' id='word_1_516' title='bbox 806 4733 1006 4777; x_wconf 89' lang='lat' dir='ltr'><strong>unum</strong></span> <span class='ocrx_word' id='word_1_517' title='bbox 1051 4732 1167 4795; x_wconf 88' lang='lat' dir='ltr'><strong>pro</strong></span> <span class='ocrx_word' id='word_1_518' title='bbox 1208 4712 1409 4777; x_wconf 84' lang='lat' dir='ltr'><strong>mille.</strong></span> <span class='ocrx_word' id='word_1_519' title='bbox 1444 4716 1577 4777; x_wconf 84' lang='lat' dir='ltr'><strong>Nec</strong></span> <span class='ocrx_word' id='word_1_520' title='bbox 1606 4718 1861 4792; x_wconf 72' lang='lat' dir='ltr'><strong>maqni-</strong></span> 
     </span>
     <span class='ocr_line' id='line_1_86' title="bbox 365 4811 1855 4895; baseline 0 -19"><span class='ocrx_word' id='word_1_521' title='bbox 365 4817 625 4876; x_wconf 77' lang='lat' dir='ltr'><strong>tudinis</strong></span> <span class='ocrx_word' id='word_1_522' title='bbox 674 4835 807 4877; x_wconf 78' lang='lat' dir='ltr'><strong>sace</strong></span> <span class='ocrx_word' id='word_1_523' title='bbox 854 4817 1019 4874; x_wconf 81' lang='lat' dir='ltr'><strong>mole</strong></span> <span class='ocrx_word' id='word_1_524' title='bbox 1069 4811 1233 4895; x_wconf 85' lang='lat' dir='ltr'><strong>[me]</strong></span> <span class='ocrx_word' id='word_1_525' title='bbox 1273 4824 1553 4889; x_wconf 81' lang='lat' dir='ltr'><strong>premat,</strong></span> <span class='ocrx_word' id='word_1_526' title='bbox 1607 4813 1671 4875; x_wconf 87' lang='lat' dir='ltr'><strong>id</strong></span> <span class='ocrx_word' id='word_1_527' title='bbox 1728 4823 1855 4892; x_wconf 88' lang='lat' dir='ltr'><strong>est,</strong></span> 
     </span>
     <span class='ocr_line' id='line_1_87' title="bbox 360 4911 1859 4995; baseline -0.001 -20"><span class='ocrx_word' id='word_1_528' title='bbox 360 4912 719 4995; x_wconf 70' lang='lat' dir='ltr'><strong>maJestatis</strong></span> <span class='ocrx_word' id='word_1_529' title='bbox 751 4932 879 4975; x_wconf 86' lang='lat' dir='ltr'><strong>suae</strong></span> <span class='ocrx_word' id='word_1_530' title='bbox 910 4912 1357 4989; x_wconf 89' lang='lat' dir='ltr'><strong>immensitate,</strong></span> <span class='ocrx_word' id='word_1_531' title='bbox 1377 4920 1567 4992; x_wconf 90' lang='lat' dir='ltr'><strong>atque</strong></span> <span class='ocrx_word' id='word_1_532' title='bbox 1594 4911 1859 4991; x_wconf 71' lang='lat' dir='ltr'><strong>justitiae</strong></span> 
     </span>
    </p>
   </div>
   <div class='ocr_carea' id='block_1_20' title="bbox 1964 4322 3458 4997">
    <p class='ocr_par' dir='ltr' id='par_1_21' title="bbox 1964 4322 3458 4997">
     <span class='ocr_line' id='line_1_88' title="bbox 1969 4322 3456 4405; baseline 0.001 -21"><span class='ocrx_word' id='word_1_533' title='bbox 1969 4322 2142 4405; x_wconf 89' lang='lat' dir='ltr'><strong>quod</strong></span> <span class='ocrx_word' id='word_1_534' title='bbox 2191 4322 2533 4403; x_wconf 84' lang='lat' dir='ltr'><strong>respondet</strong></span> <span class='ocrx_word' id='word_1_535' title='bbox 2565 4338 2578 4383; x_wconf 74' lang='grc' dir='ltr'>ε</span> <span class='ocrx_word' id='word_1_536' title='bbox 2617 4324 2763 4384; x_wconf 87' lang='lat' dir='ltr'><strong>Non</strong></span> <span class='ocrx_word' id='word_1_537' title='bbox 2801 4325 3284 4401; x_wconf 78' lang='lat' dir='ltr'><strong>apprehendam</strong></span> <span class='ocrx_word' id='word_1_538' title='bbox 3308 4344 3456 4386; x_wconf 85' lang='lat' dir='ltr'><strong>eum</strong></span> 
     </span>
     <span class='ocr_line' id='line_1_89' title="bbox 1968 4420 3458 4505; baseline 0 -22"><span class='ocrx_word' id='word_1_539' title='bbox 1968 4420 2332 4502; x_wconf 82' lang='lat' dir='ltr'><strong>cognitione</strong></span> <span class='ocrx_word' id='word_1_540' title='bbox 2379 4420 2702 4503; x_wconf 81' lang='lat' dir='ltr'><strong>praedicta.</strong></span> <span class='ocrx_word' id='word_1_541' title='bbox 2755 4423 2835 4481; x_wconf 81' lang='lat' dir='ltr'><strong>Si</strong></span> <span class='ocrx_word' id='word_1_542' title='bbox 2883 4442 2981 4483; x_wconf 84' lang='lat' dir='ltr'><strong>me</strong></span> <span class='ocrx_word' id='word_1_543' title='bbox 3026 4432 3298 4493; x_wconf 82' lang='lat' dir='ltr'><strong>vertam,</strong></span> <span class='ocrx_word' id='word_1_544' title='bbox 3345 4442 3458 4505; x_wconf 88' lang='lat' dir='ltr'><strong>per</strong></span> 
     </span>
     <span class='ocr_line' id='line_1_90' title="bbox 1968 4518 3456 4603; baseline 0.001 -20"><span class='ocrx_word' id='word_1_545' title='bbox 1968 4518 2542 4583; x_wconf 88' lang='lat' dir='ltr'><strong>considerationem</strong></span> <span class='ocrx_word' id='word_1_546' title='bbox 2601 4518 2938 4597; x_wconf 88' lang='lat' dir='ltr'><strong>internam,</strong></span> <span class='ocrx_word' id='word_1_547' title='bbox 3003 4539 3113 4582; x_wconf 91' lang='lat' dir='ltr'><strong>seu</strong></span> <span class='ocrx_word' id='word_1_548' title='bbox 3171 4521 3456 4603; x_wconf 90' lang='lat' dir='ltr'><strong>corporis</strong></span> 
     </span>
     <span class='ocr_line' id='line_1_91' title="bbox 1965 4616 3456 4699; baseline 0.001 -20"><span class='ocrx_word' id='word_1_549' title='bbox 1965 4636 2275 4699; x_wconf 83' lang='lat' dir='ltr'><strong>gressum,</strong></span> <span class='ocrx_word' id='word_1_550' title='bbox 2310 4625 2420 4679; x_wconf 89' lang='lat' dir='ltr'><strong>aut</strong></span> <span class='ocrx_word' id='word_1_551' title='bbox 2461 4616 2676 4682; x_wconf 87' lang='lat' dir='ltr'><strong>vultus</strong></span> <span class='ocrx_word' id='word_1_552' title='bbox 2715 4617 3155 4696; x_wconf 88' lang='lat' dir='ltr'><strong>directionem,</strong></span> <span class='ocrx_word' id='word_1_553' title='bbox 3188 4622 3276 4680; x_wconf 83' lang='lat' dir='ltr'><strong>ad</strong></span> <span class='ocrx_word' id='word_1_554' title='bbox 3301 4623 3456 4681; x_wconf 65' lang='lat' dir='ltr'><strong>dea·-</strong></span> 
     </span>
     <span class='ocr_line' id='line_1_92' title="bbox 1969 4716 3455 4799; baseline 0.001 -21"><span class='ocrx_word' id='word_1_555' title='bbox 1969 4727 2195 4790; x_wconf 82' lang='lat' dir='ltr'><strong>teram,</strong></span> <span class='ocrx_word' id='word_1_556' title='bbox 2227 4716 2292 4779; x_wconf 89' lang='lat' dir='ltr'><strong>id</strong></span> <span class='ocrx_word' id='word_1_557' title='bbox 2321 4724 2418 4779; x_wconf 87' lang='lat' dir='ltr'><strong>est</strong></span> <span class='ocrx_word' id='word_1_558' title='bbox 2447 4716 2699 4799; x_wconf 83' lang='lat' dir='ltr'><strong>plagam</strong></span> <span class='ocrx_word' id='word_1_559' title='bbox 2730 4716 3172 4795; x_wconf 87' lang='lat' dir='ltr'><strong>meridianam,</strong></span> <span class='ocrx_word' id='word_1_560' title='bbox 3197 4739 3326 4779; x_wconf 83' lang='lat' dir='ltr'><strong>non</strong></span> <span class='ocrx_word' id='word_1_561' title='bbox 3358 4722 3455 4779; x_wconf 85' lang='lat' dir='ltr'><strong>vi-</strong></span> 
     </span>
     <span class='ocr_line' id='line_1_93' title="bbox 1964 4816 3455 4899; baseline 0.003 -22"><span class='ocrx_word' id='word_1_562' title='bbox 1964 4818 2115 4877; x_wconf 84' lang='lat' dir='ltr'><strong>debo</strong></span> <span class='ocrx_word' id='word_1_563' title='bbox 2163 4818 2381 4889; x_wconf 80' lang='lat' dir='ltr'><strong>illum,</strong></span> <span class='ocrx_word' id='word_1_564' title='bbox 2424 4835 2540 4898; x_wconf 89' lang='lat' dir='ltr'><strong>per</strong></span> <span class='ocrx_word' id='word_1_565' title='bbox 2584 4816 2860 4898; x_wconf 90' lang='lat' dir='ltr'><strong>speciem</strong></span> <span class='ocrx_word' id='word_1_566' title='bbox 2910 4836 2986 4879; x_wconf 83' lang='lat' dir='ltr'><strong>ex</strong></span> <span class='ocrx_word' id='word_1_567' title='bbox 3034 4817 3263 4880; x_wconf 89' lang='lat' dir='ltr'><strong>creatis</strong></span> <span class='ocrx_word' id='word_1_568' title='bbox 3310 4837 3455 4899; x_wconf 80' lang='lat' dir='ltr'><strong>quae</strong></span> 
     </span>
     <span class='ocr_line' id='line_1_94' title="bbox 1966 4914 3454 4997; baseline 0.003 -23"><span class='ocrx_word' id='word_1_569' title='bbox 1966 4914 2059 4977; x_wconf 90' lang='lat' dir='ltr'><strong>ibi</strong></span> <span class='ocrx_word' id='word_1_570' title='bbox 2090 4920 2260 4975; x_wconf 90' lang='lat' dir='ltr'><strong>sunt.</strong></span> <span class='ocrx_word' id='word_1_571' title='bbox 2289 4914 2375 4976; x_wconf 93' lang='lat' dir='ltr'><strong>De</strong></span> <span class='ocrx_word' id='word_1_572' title='bbox 2405 4933 2530 4995; x_wconf 88' lang='lat' dir='ltr'><strong>qua</strong></span> <span class='ocrx_word' id='word_1_573' title='bbox 2559 4914 2806 4978; x_wconf 84' lang='lat' dir='ltr'><strong>visione</strong></span> <span class='ocrx_word' id='word_1_574' title='bbox 2835 4914 3140 4978; x_wconf 91' lang='lat' dir='ltr'><strong>Dominus</strong></span> <span class='ocrx_word' id='word_1_575' title='bbox 3171 4916 3454 4997; x_wconf 88' lang='lat' dir='ltr'><strong>loquitur</strong></span> 
     </span>
    </p>
   </div>
   <div class='ocr_carea' id='block_1_21' title="bbox 1966 5008 3752 5301">
    <p class='ocr_par' dir='ltr' id='par_1_22' title="bbox 1966 5008 3752 5301">
     <span class='ocr_line' id='line_1_95' title="bbox 1966 5008 3686 5095; baseline 0.003 -21"><span class='ocrx_word' id='word_1_576' title='bbox 1966 5012 2159 5095; x_wconf 84' lang='lat' dir='ltr'><strong>Moysi</strong></span> <span class='ocrx_word' id='word_1_577' title='bbox 2195 5008 2385 5075; x_wconf 85' lang='lat' dir='ltr'><strong>:&#39;Non</strong></span> <span class='ocrx_word' id='word_1_578' title='bbox 2436 5012 2679 5076; x_wconf 84' lang='lat' dir='ltr'><strong>videbit</strong></span> <span class='ocrx_word' id='word_1_579' title='bbox 2729 5033 2829 5075; x_wconf 92' lang='lat' dir='ltr'><strong>me</strong></span> <span class='ocrx_word' id='word_1_580' title='bbox 2877 5013 3092 5091; x_wconf 90' lang='lat' dir='ltr'><strong>homo,</strong></span> <span class='ocrx_word' id='word_1_581' title='bbox 3140 5022 3204 5077; x_wconf 92' lang='lat' dir='ltr'><strong>et</strong></span> <span class='ocrx_word' id='word_1_582' title='bbox 3253 5014 3448 5079; x_wconf 84' lang='lat' dir='ltr'><strong>vivet.</strong></span> <span class='ocrx_word' id='word_1_583' title='bbox 3535 5048 3686 5093; x_wconf 65' lang='lat' dir='ltr'><strong>Exod.</strong></span> 
     </span>
     <span class='ocr_line' id='line_1_96' title="bbox 1966 5110 3712 5177; baseline 0.005 -5"><span class='ocrx_word' id='word_1_584' title='bbox 1966 5110 2143 5174; x_wconf 91' lang='lat' dir='ltr'><strong>Unde</strong></span> <span class='ocrx_word' id='word_1_585' title='bbox 2174 5119 2236 5174; x_wconf 88' lang='lat' dir='ltr'><strong>et</strong></span> <span class='ocrx_word' id='word_1_586' title='bbox 2274 5111 2341 5173; x_wconf 91' lang='lat' dir='ltr'><strong>in</strong></span> <span class='ocrx_word' id='word_1_587' title='bbox 2380 5111 2619 5174; x_wconf 78' lang='lat' dir='ltr'><strong>Ioanne</strong></span> <span class='ocrx_word' id='word_1_588' title='bbox 2663 5110 2932 5173; x_wconf 90' lang='lat' dir='ltr'><strong>habetur</strong></span> <span class='ocrx_word' id='word_1_589' title='bbox 2966 5129 2980 5173; x_wconf 90' lang='lat'>:</span> <span class='ocrx_word' id='word_1_590' title='bbox 3013 5111 3210 5175; x_wconf 89' lang='lat' dir='ltr'><strong>Deum</strong></span> <span class='ocrx_word' id='word_1_591' title='bbox 3261 5131 3448 5177; x_wconf 90' lang='lat' dir='ltr'><strong>nemo</strong></span> <span class='ocrx_word' id='word_1_592' title='bbox 3483 5114 3712 5161; x_wconf 76' lang='lat'><strong>¹⁸¹¹¹¹·²⁰·</strong></span> 
     </span>
     <span class='ocr_line' id='line_1_97' title="bbox 1968 5174 3752 5301; baseline 0.006 -30"><span class='ocrx_word' id='word_1_593' title='bbox 1968 5209 2128 5272; x_wconf 83' lang='lat' dir='ltr'><strong>vidit</strong></span> <span class='ocrx_word' id='word_1_594' title='bbox 2159 5208 2547 5290; x_wconf 89' lang='lat' dir='ltr'><strong>unquam.1n</strong></span> <span class='ocrx_word' id='word_1_595' title='bbox 2577 5208 2934 5271; x_wconf 89' lang='lat' dir='ltr'><strong>Proverbiis</strong></span> <span class='ocrx_word' id='word_1_596' title='bbox 2965 5228 3220 5290; x_wconf 90' lang='lat' dir='ltr'><strong>quoque</strong></span> <span class='ocrx_word' id='word_1_597' title='bbox 3241 5228 3254 5271; x_wconf 75' lang='grc' dir='ltr'>ε</span> <span class='ocrx_word' id='word_1_598' title='bbox 3279 5210 3454 5285; x_wconf 90' lang='lat' dir='ltr'><strong>Quod</strong></span> <span class='ocrx_word' id='word_1_599' title='bbox 3480 5174 3752 5301; x_wconf 48' lang='lat'><strong>&#39;22:⁸22</strong></span> 
     </span>
    </p>
   </div>
   <div class='ocr_carea' id='block_1_22' title="bbox 1966 5306 3526 5390">
    <p class='ocr_par' dir='ltr' id='par_1_23' title="bbox 1966 5306 3526 5390">
     <span class='ocr_line' id='line_1_98' title="bbox 1966 5306 3526 5390; baseline 0 -17"><span class='ocrx_word' id='word_1_600' title='bbox 1966 5326 2199 5373; x_wconf 89' lang='lat' dir='ltr'><strong>nomen</strong></span> <span class='ocrx_word' id='word_1_601' title='bbox 2218 5310 2459 5389; x_wconf 77' lang='lat' dir='ltr'><strong>ejuS,et</strong></span> <span class='ocrx_word' id='word_1_602' title='bbox 2477 5308 2649 5390; x_wconf 92' lang='lat' dir='ltr'><strong>quod</strong></span> <span class='ocrx_word' id='word_1_603' title='bbox 2679 5326 2912 5372; x_wconf 87' lang='lat' dir='ltr'><strong>nomen</strong></span> <span class='ocrx_word' id='word_1_604' title='bbox 2946 5306 3070 5369; x_wconf 90' lang='lat' dir='ltr'><strong>filii</strong></span> <span class='ocrx_word' id='word_1_605' title='bbox 3090 5310 3322 5390; x_wconf 85' lang='lat' dir='ltr'><strong>ejus,si</strong></span> <span class='ocrx_word' id='word_1_606' title='bbox 3345 5330 3452 5375; x_wconf 87' lang='lat' dir='ltr'><strong>no-</strong></span> <span class='ocrx_word' id='word_1_607' title='bbox 3483 5311 3526 5352; x_wconf 81' lang='lat'><strong>⁴·</strong></span> 
     </span>
    </p>
   </div>
   <div class='ocr_carea' id='block_1_23' title="bbox 360 5009 1859 5389">
    <p class='ocr_par' dir='ltr' id='par_1_24' title="bbox 360 5009 1859 5289">
     <span class='ocr_line' id='line_1_99' title="bbox 362 5009 1859 5091; baseline 0.001 -18"><span class='ocrx_word' id='word_1_608' title='bbox 362 5032 495 5075; x_wconf 82' lang='lat' dir='ltr'><strong>suae</strong></span> <span class='ocrx_word' id='word_1_609' title='bbox 533 5010 915 5075; x_wconf 85' lang='lat' dir='ltr'><strong>excellentia</strong></span> <span class='ocrx_word' id='word_1_610' title='bbox 951 5028 1079 5073; x_wconf 89' lang='lat' dir='ltr'><strong>non</strong></span> <span class='ocrx_word' id='word_1_611' title='bbox 1118 5010 1278 5072; x_wconf 91' lang='lat' dir='ltr'><strong>mihi</strong></span> <span class='ocrx_word' id='word_1_612' title='bbox 1310 5009 1671 5091; x_wconf 72' lang='lat' dir='ltr'><strong>praevaleat,</strong></span> <span class='ocrx_word' id='word_1_613' title='bbox 1703 5030 1859 5091; x_wconf 89' lang='lat' dir='ltr'><strong>quo-</strong></span> 
     </span>
     <span class='ocr_line' id='line_1_100' title="bbox 361 5106 1859 5192; baseline -0.001 -19"><span class='ocrx_word' id='word_1_614' title='bbox 361 5111 539 5174; x_wconf 91' lang='lat' dir='ltr'><strong>niam</strong></span> <span class='ocrx_word' id='word_1_615' title='bbox 568 5109 1045 5192; x_wconf 88' lang='lat' dir='ltr'><strong>comparatione</strong></span> <span class='ocrx_word' id='word_1_616' title='bbox 1075 5109 1277 5191; x_wconf 90' lang='lat' dir='ltr'><strong>ipsius</strong></span> <span class='ocrx_word' id='word_1_617' title='bbox 1310 5108 1441 5171; x_wconf 92' lang='lat' dir='ltr'><strong>scio</strong></span> <span class='ocrx_word' id='word_1_618' title='bbox 1468 5127 1569 5170; x_wconf 91' lang='lat' dir='ltr'><strong>me</strong></span> <span class='ocrx_word' id='word_1_619' title='bbox 1601 5106 1859 5171; x_wconf 86' lang='lat' dir='ltr'><strong>infinite</strong></span> 
     </span>
     <span class='ocr_line' id='line_1_101' title="bbox 360 5207 1851 5289; baseline -0.001 -17"><span class='ocrx_word' id='word_1_620' title='bbox 360 5209 668 5285; x_wconf 86' lang='lat' dir='ltr'><strong>deficere,</strong></span> <span class='ocrx_word' id='word_1_621' title='bbox 704 5228 821 5272; x_wconf 90' lang='lat' dir='ltr'><strong>nec</strong></span> <span class='ocrx_word' id='word_1_622' title='bbox 864 5208 1108 5289; x_wconf 87' lang='lat' dir='ltr'><strong>aliquid</strong></span> <span class='ocrx_word' id='word_1_623' title='bbox 1157 5208 1393 5271; x_wconf 87' lang='lat' dir='ltr'><strong>habere</strong></span> <span class='ocrx_word' id='word_1_624' title='bbox 1441 5207 1851 5288; x_wconf 88' lang='lat' dir='ltr'><strong>condignum.</strong></span> 
     </span>
    </p>

    <p class='ocr_par' dir='ltr' id='par_1_25' title="bbox 442 5306 1853 5389">
     <span class='ocr_line' id='line_1_102' title="bbox 442 5306 1853 5389; baseline -0.001 -17"><span class='ocrx_word' id='word_1_625' title='bbox 442 5312 779 5387; x_wconf 80' lang='lat' dir='ltr'><strong>Proponat</strong></span> <span class='ocrx_word' id='word_1_626' title='bbox 822 5311 1193 5389; x_wconf 65' lang='lat' dir='ltr'><strong>(equitatem</strong></span> <span class='ocrx_word' id='word_1_627' title='bbox 1238 5318 1463 5369; x_wconf 86' lang='lat' dir='ltr'><strong>eontra</strong></span> <span class='ocrx_word' id='word_1_628' title='bbox 1494 5328 1613 5379; x_wconf 85' lang='lat' dir='ltr'><strong>me,</strong></span> <span class='ocrx_word' id='word_1_629' title='bbox 1648 5306 1711 5369; x_wconf 90' lang='lat' dir='ltr'><strong>id</strong></span> <span class='ocrx_word' id='word_1_630' title='bbox 1758 5318 1853 5371; x_wconf 90' lang='lat' dir='ltr'><strong>est</strong></span> 
     </span>
    </p>
   </div>
  </div>
 </body>
</html>
