4309 6259
613 3847 668 3892 IV
681 3850 787 3903 Rea.
800 3862 856 3899 vi,

595 3912 664 3955 8⁰.

889 490 967 555 36

1493 504 1842 551 RNARRATlo
1883 506 1946 550 IN
1988 505 2125 551 CAP.
2173 505 2256 550 vu
2301 506 2457 552 LIBRI
2492 507 2716 562 Quam'l
2758 508 2982 555 REGUM.
3028 528 3108 537 —
3148 507 3291 553 ΛΒΤ.
3336 506 3379 553 X

887 678 998 760 qui
1031 679 1138 740 dat
1167 676 1565 759 praedicatori
1596 675 2051 739 abundantiam
2086 674 2266 737 verbi
2298 676 2376 738 ad
2408 676 2457 737 A
2488 695 2589 739 me
2620 684 2932 739 conantur
2964 677 3137 759 ipsos
3180 675 3292 758 qui
3323 681 3603 758 praesunt
3630 693 3703 737 ac
3745 673 3967 756 praedi-

884 776 1350 859 praedicandum
1381 778 1459 841 de
1489 775 1748 839 infinita
1779 773 2219 837 misericordia
2238 774 2379 837 Cre-

886 874 1101 951 atoriS,
1125 875 1204 937 de
1233 875 1628 957 poenitentiae
1649 874 1883 949 fructu,
1909 874 1988 935 dc
2007 872 2256 951 gaudiis
2277 873 2380 934 Be-

886 982 1156 1049 atorum‚
1186 974 1264 1036 de
1297 972 1606 1053 exemplis
1644 991 1864 1035 eorum
1903 972 2015 1055 qui
2053 982 2197 1055 post
2235 992 2381 1055 pec-

887 1080 1026 1136 cata
1047 1070 1424 1153 gravissima
1444 1069 1801 1133 efficaciter
1823 1070 2207 1152 poenitendo,
2230 1069 2379 1133 facti

887 1176 1037 1230 sunt
1064 1168 1279 1248 magni
1311 1167 1522 1231 Sancti
1557 1186 1571 1229 :
1607 1168 1826 1251 sicque
1860 1166 2098 1231 ferrum
2139 1168 2220 1229 ad
2249 1187 2381 1229 ma-

887 1265 1190 1328 nubrium
1235 1264 1420 1329 redit.
1457 1265 1740 1346 Insuper,
1775 1284 1891 1347 per
1935 1282 2143 1345 regem
2186 1264 2380 1347 Syriae

886 1372 950 1426 et
997 1364 1136 1445 ejus
1177 1362 1464 1439 insidiaS‚
1517 1362 1932 1443 designantur
1980 1362 2274 1425 diabolus
2318 1370 2382 1426 et

887 1463 1027 1544 ejus
1066 1462 1367 1539 ministri,
1401 1460 1514 1543 qui
1559 1461 1992 1524 callidissimis
2034 1460 2239 1524 modis
2278 1480 2382 1524 co-

888 1569 1122 1624 nantur
1152 1579 1337 1624 veros
1356 1559 1670 1623 israelitas
1701 1561 2090 1624 subvertere.
2117 1560 2237 1623 Sed
2256 1560 2380 1621 Eli·

888 1678 1046 1733 seuS,
1063 1659 1125 1721 id
1146 1668 1240 1722 est
1262 1659 1572 1741 sapientes
1593 1658 1836 1741 praelati
1858 1666 1920 1721 et
1940 1658 2377 1741 praedicatores

889 1757 1124 1835 idonei,
1173 1757 1437 1821 astutias
1487 1758 1848 1820 daemonum
1898 1776 2023 1820 non
2076 1757 2377 1838 ignoran-

2487 783 2653 851 cant,
2680 775 2953 837 vinculis
2984 774 3418 856 constringere
3444 773 3767 850 vitiorum,
3800 792 3873 836 ac
3904 772 3965 834 in

2488 892 2664 935 suam
2698 873 2984 954 redigere
3016 873 3489 955 captivitatem3
3526 872 3633 935 sed
3667 890 3971 934 excaecan-

2488 980 2590 1033 tur
2620 991 2658 1033 a
2696 972 2983 1049 Domino,
3034 973 3184 1034 dum
3224 990 3351 1034 non
3391 971 3847 1053 permittuntur
3885 989 3974 1031 se-

2489 1068 2760 1132 cretiora
2789 1088 3060 1152 quaeque
3090 1088 3283 1152 opera
3312 1070 3478 1133 bona
3498 1068 3845 1131 electorum
3874 1086 3975 1131 co-

2486 1186 2814 1247 gnoscere.
2840 1168 3291 1231 Verumtamen
3342 1168 3661 1230 interdum
3691 1174 3819 1228 tam
3865 1166 3975 1228 diu

2488 1285 2561 1329 ac
2592 1265 2799 1329 valide
2821 1266 3116 1329 obsident
3134 1275 3199 1329 et
3219 1266 3596 1349 impugnant
3616 1264 3977 1341 Ecclesiam,

2487 1366 2659 1446 quod
2710 1365 2986 1428 maxima
3034 1364 3462 1447 spiritualium
3513 1365 3825 1427 bonorum
3868 1383 3979 1446 pe-

2489 1463 2695 1539 nuria,
2759 1462 3047 1526 defectus
3106 1462 3653 1545 praedicationum,
3715 1462 3975 1525 ariditas

2486 1562 2695 1624 cordis
2727 1560 2794 1623 in
2823 1580 2899 1623 ea
2926 1570 3041 1623 est.
3069 1562 3244 1624 Tunc
3275 1580 3425 1643 ergo
3449 1561 3692 1644 praelati
3720 1569 3783 1625 et
3802 1561 3975 1642 prin-

2485 1659 2660 1741 cipes
2690 1659 2927 1722 debent
2955 1660 3179 1723 intime
3208 1660 3567 1737 condolere,
3602 1668 3666 1722 et
3694 1679 3810 1722 sua
3838 1678 3975 1723 cor-

2486 1776 2643 1840 pora
2697 1758 3046 1838 castigare3
3090 1778 3127 1821 a
3184 1759 3419 1821 sanctis
3466 1777 3723 1840 quoquc
3771 1758 3973 1821 homi-

889 1866 1004 1933 teS‚
1057 1875 1184 1920 non
1241 1865 1492 1919 cessant
1539 1856 1649 1919 Dei
1699 1856 2008 1937 populum
2057 1855 2305 1918 avisare
2359 1859 2455 1920 :B
2489 1856 2677 1918 nibus
2725 1855 3070 1938 implorare
3120 1856 3499 1933 subsidium,
3533 1856 3885 1939 praesertim
3936 1876 3973 1919 a

887 1964 1145 2037 propter
1171 1956 1343 2037 quod
1374 1954 1637 2037 spiritus
1667 1954 1762 2016 illi
1796 1954 2177 2037 nequissimi
2209 1974 2378 2017 sum-

2486 1954 2778 2019 Domino.

2032 2384 2681 2472 ARTICULUS
2763 2387 2837 2469 X

1136 2659 1448 2707 Exposl'rlo
1491 2661 1763 2707 carl'mu
1809 2661 2046 2707 SEP‘russ
2088 2661 2102 2705 :
2150 2660 2316 2706 DleT
2358 2660 2560 2705 AUTEu
2604 2660 2845 2705 amsans
2888 2658 2902 2704 :
2947 2659 3171 2705 AlJmTE
3211 2659 3451 2705 VERBUM
3492 2659 3724 2705 nomm.

890 2937 1198 3138 QUAM
1221 2938 1498 3020 gratiose
1525 2946 1588 3001 et
1615 2938 2010 3017 miraculose,
2029 2937 2372 3019 insperate,

2483 2957 2753 2998 manum
2784 2960 2902 2999 rex
2931 2940 3359 3008 incumbebat,
3378 2940 3631 3001 homini
3659 2940 3804 3010 Dei,
3824 2942 3921 3002 ait
3942 2960 3965 3003 .·

1048 3036 1638 3118 incredibiliterque
1680 3037 1972 3101 celeriter
2019 3038 2183 3099 Deus
2228 3035 2377 3098 sub-
2403 3043 2447 3106 C
2483 3037 2564 3096 Si
2610 3037 2929 3097 Dominus
2973 3037 3197 3114 fecerit
3244 3037 3443 3097 etiam
3482 3046 3860 3110 cataractas,
3902 3038 3966 3101 id

882 3138 1061 3203 venit
1090 3136 1328 3221 populo
1369 3135 1560 3199 Israel
1602 3136 1667 3198 in
1698 3135 2106 3199 tribulatione
2150 3134 2375 3218 praefa-

882 3245 968 3314 ta,
993 3237 1098 3301 hic
1128 3236 1430 3299 recitatur
1466 3252 1480 3297 ε
1515 3243 1579 3298 et
1609 3235 1730 3297 hoc
1763 3234 2092 3316 potissime
2123 3254 2200 3297 ex
2230 3252 2376 3317 pro-

885 3336 1024 3418 pria
1066 3336 1320 3418 pietate,
1369 3333 1670 3416 precibus
1716 3352 1968 3415 quoque
2008 3353 2082 3396 ac
2125 3332 2372 3396 meritis

885 3434 1100 3511 Elisei,
1153 3432 1741 3515 discipulorumque
1800 3431 1940 3513 ejus
1989 3440 2053 3496 et
2099 3432 2371 3495 aliorum

884 3533 1197 3597 bonorum
1230 3532 1296 3593 in
1336 3530 1546 3607 lsrael,
1582 3530 1692 3611 qui
1726 3549 1840 3593 nec
1873 3530 2016 3593 Baal
2061 3549 2178 3593 nec
2212 3530 2375 3594 vitu-

886 3630 982 3694 los
1011 3630 1466 3701 adoraverunt3
1491 3634 1554 3689 et
1581 3627 1774 3689 etiam
1797 3633 2055 3709 propter
2083 3628 2373 3707 quaedam

887 3725 1353 3811 poenitentialia
1371 3744 1564 3806 opera
1585 3723 1886 3805 regiS‚qui
1901 3726 2000 3801 (ut
2020 3726 2375 3806 praeceden·

885 3828 935 3890 ti
981 3826 1246 3889 habetur
1287 3822 1597 3905 capitulo)
1640 3821 1916 3904 portavit
1956 3822 2264 3902 cilicium,
2312 3833 2373 3888 et

887 3926 1156 3991 forsitan
1200 3924 1326 3986 alia
1369 3921 1522 3985 fecit
1567 3921 1824 3998 similia,
1866 3940 2008 4003 quae
2053 3941 2182 3985 non
2225 3934 2373 3987 sunt

886 4026 1123 4107 scripta
1149 4041 1161 4084 :
1193 4041 1334 4104 quae
1363 4020 1658 4103 quamvis
1693 4038 1820 4083 non
1853 4018 2092 4082 fuerint
2121 4022 2373 4087 merito-

883 4124 978 4187 ria
1016 4122 1235 4205 gratiae
1275 4121 1340 4182 in
1381 4118 1700 4201 praesenti,
1738 4126 1800 4181 et
1841 4118 2058 4198 gloriae
2097 4118 2163 4180 in
2202 4119 2373 4183 futu-

2482 3140 2579 3196 est
2618 3132 2931 3196 fenestras
2974 3153 3087 3197 seu
3123 3142 3367 3197 meatus
3406 3153 3519 3217 per
3556 3154 3714 3217 quos
3760 3136 3968 3201 imber

2481 3231 2831 3309 descendit,
2868 3235 2937 3293 in
2970 3236 3119 3293 eoelo
3153 3250 3336 3297 aereo
3367 3232 3433 3295 in
3470 3252 3597 3314 quo
3630 3234 3833 3298 nubes
3865 3255 3968 3301 vo-

2484 3330 2687 3407 litant,
2723 3331 2978 3413 aperiri‚
3004 3331 3125 3395 hoc
3154 3338 3272 3408 est,
3306 3330 3359 3393 si
3380 3331 3542 3396 Deus
3573 3332 3797 3396 fecerit
3824 3354 3972 3399 mox

2481 3429 2991 3511 copiosissimam
3021 3430 3305 3512 pluviam
3349 3430 3753 3511 descendere,
3782 3454 3972 3496 num-

2482 3530 2645 3609 quid
2663 3531 2903 3606 poterit
2932 3550 3059 3589 esse
3088 3532 3259 3608 quod
3289 3532 3565 3610 loqueris
3588 3534 3617 3591 ἒ
3654 3533 3839 3613 quasi
3881 3534 3970 3596 di-

2481 3634 2603 3703 cat,
2646 3626 3015 3689 Nullatenus
3048 3626 3194 3689 sieri
3224 3627 3478 3709 poterit.
3514 3628 3636 3692 Sed
3677 3630 3831 3713 quia
3868 3650 3971 3695 ca-

2484 3724 2662 3788 ristia
2720 3724 2843 3788 ista
2889 3744 3015 3789 non
3066 3724 3190 3787 suit
3237 3725 3304 3787 in
3350 3726 3507 3789 urbe
3557 3727 3837 3792 Samaria
3890 3749 3967 3794 ex

2480 3822 2733 3887 defectu
2765 3823 3020 3905 pluvias,
3055 3824 3164 3886 sed
3198 3823 3552 3887 obsidionis
3594 3827 3969 3892 diuturnita-

2479 3930 2563 3998 te,
2599 3921 2857 4003 quidam
2891 3930 3219 4003 exponunt
3248 3922 3341 3985 sic
3374 3940 3387 3984 ε
3429 3922 3492 3986 Si
3532 3924 3694 3989 Deus
3732 3927 3967 4009 pluerit

2480 4018 2753 4082 farinam
2783 4028 2846 4082 et
2878 4020 3184 4083 hordeum
3209 4020 3410 4083 instar
3438 4025 3860 4104 aquae,adhuc
3885 4036 3967 4091 ta-

2478 4137 2624 4181 men
2658 4138 2784 4181 non
2816 4127 3031 4201 posset
3059 4118 3180 4182 hoc
3212 4118 3357 4181 sieri
3382 4136 3395 4181 :
3423 4122 3592 4201 quod
3632 4132 3843 4188 tamen
3874 4128 3967 4190 vi-

881 4242 974 4298 ro,
1007 4221 1161 4303 quia
1191 4218 1526 4283 idololatra
1547 4215 1690 4292 fuit,
1719 4224 1928 4279 tamen
1952 4219 2371 4299 temporalem
2400 4221 2449 4282 D
2478 4220 2663 4282 detur
2692 4217 3032 4281 manifeste
3063 4217 3295 4281 falsum
3330 4218 3527 4283 fuisse
3551 4245 3565 4297 3
3602 4224 3711 4285 sed
3742 4224 3868 4287 dux
3890 4246 3969 4290 ex

881 4320 1290 4383 merebantur
1325 4314 1926 4378 remunerationem.

959 4418 1149 4479 Dixit
1177 4425 1394 4477 autem
1425 4414 1681 4474 Eliseus
1725 4431 1800 4475 ex
1847 4411 2235 4477 revelatione
2279 4416 2374 4477 di-

879 4515 1030 4579 vina
1063 4532 1078 4577 ζ
1111 4514 1357 4575 Audite
1403 4514 1664 4571 verbum
1705 4512 1990 4572 Domini.
2028 4515 2182 4573 Haec
2210 4516 2372 4576 dicit

877 4614 1196 4674 Dominus
1227 4631 1249 4671 .·
1280 4613 1362 4671 In
1397 4619 1670 4687 tempore
1699 4611 1813 4668 hoc
1841 4628 2005 4681 cras,
2031 4608 2094 4671 id
2127 4619 2224 4673 est
2243 4630 2374 4673 cra-

879 4710 1046 4772 stina
1073 4710 1198 4785 die,
1224 4710 1264 4789 †
1292 4710 1451 4769 liora
1479 4727 1622 4786 quoe
1652 4726 1827 4766 nune
1857 4716 1968 4779 esc,
1997 4708 2241 4771 scilicet
2272 4728 2370 4775 ea-

875 4810 1022 4872 dem
1051 4807 1283 4889 specie,
1319 4807 1571 4865 modius
1597 4806 1857 4875 similae,
1894 4804 1958 4867 id
2007 4814 2104 4869 est
2143 4806 2368 4870 farinae

874 4906 1251 4990 purissimae,
1285 4924 1415 4965 uno
1443 4911 1673 4963 scatere
1698 4904 1845 4974 erit,
1867 4902 1928 4964 id
1961 4912 2078 4981 est,
2114 4923 2231 4986 pro
2254 4904 2364 4967 tali

873 5004 1123 5068 modica
1151 5009 1406 5065 moneta
1433 5019 1545 5063 seu
1569 5000 1850 5081 pondere
1875 5018 2070 5081 parvo
2090 5010 2359 5080 emetur,

871 5114 930 5165 et
953 5108 1083 5164 duo
1114 5102 1317 5162 modii
1347 5100 1570 5159 hordei
1613 5108 1844 5159 statere
1873 5119 2028 5169 ww,
2061 5102 2132 5160 in
2168 5111 2363 5177 porta

871 5202 1216 5265 Samarioe.
1241 5198 1645 5273 Respondeas
1676 5217 1846 5256 unus
1873 5200 1954 5257 de
1981 5200 2275 5273 ciuez‘buS,
2298 5199 2358 5261 id

2480 4337 2654 4380 mera
2676 4317 3121 4381 incredulitate
3143 4317 3519 4400 loquebatur
3537 4320 3627 4383 ita
3646 4340 3965 4404 perverse.
4002 4326 4005 4329 ’

2482 4418 2609 4485 Qut·
2637 4419 2734 4478 ait
2764 4438 2787 4476 :
2837 4418 3090 4476 Videbis
3121 4419 3321 4477 oculis
3355 4420 3485 4499 tuis
3504 4421 3964 4502 corporalibus»,

2476 4515 2648 4595 quod
2690 4513 2952 4597 praedixi
3001 4515 3079 4577 de
3126 4515 3450 4596 emptione
3491 4526 3555 4579 et
3603 4520 3968 4586 venditione

2478 4612 2698 4675 hordei
2732 4632 2805 4675 ac
2839 4610 3081 4689 farinae,
3110 4624 3169 4673 et
3200 4615 3355 4673 inde
3384 4635 3513 4676 non
3544 4622 3843 4681 comedes,

2558 4714 2848 4779 Quatuor
2876 4730 3021 4787 erqo
3050 4721 3237 4771 erant
3269 4714 3403 4771 viri
3433 4716 3667 4790 leprosi
3694 4736 3717 4775 .·
3747 4717 3966 4798 qui‚ut

2473 4807 2675 4889 aliqui
2706 4808 3072 4890 opinantur,
3099 4807 3361 4871 fuerunt
3387 4810 3556 4874 Giezi
3586 4821 3649 4876 et
3680 4822 3804 4877 tres
3836 4814 3960 4879 filii

2472 4908 2633 4987 ejuS,
2661 4907 2768 4988 qui
2802 4914 3262 4970 consenserunt
3284 4908 3343 4969 ei
3373 4908 3440 4970 in
3472 4910 3741 4975 crimine
3768 4936 3781 4989 3
3802 4916 3961 4993 juoe-

2475 5016 2537 5066 ta
2570 5008 2912 5067 introitum
2932 5016 3165 5083 portae,
3196 5005 3261 5067 id
3300 5016 3417 5084 est,
3453 5017 3627 5072 extra
3656 5018 3719 5073 et
3760 5030 3957 5095 prope

2472 5112 2719 5185 portam
2748 5112 3088 5182 morant-eS,
3122 5104 3277 5186 quia
3319 5105 3554 5187 leprosi
3602 5117 3777 5173 extra
3813 5130 3957 5193 por·
3982 5137 4225 5187 Laxatis.

2472 5210 2599 5264 tam
2629 5201 3021 5283 jubebantur
3050 5222 3307 5267 manere
3331 5228 3348 5278 ;
3379 5208 3496 5284 qui
3522 5209 3838 5271 dixerunt
3866 5215 3955 5272 ad

871 5310 968 5363 est
998 5294 1460 5383 principalibus
1489 5294 1690 5357 servis
1730 5295 1918 5375 regiS‚
1951 5318 2143 5374 super
2172 5300 2361 5375 eujus
2468 5304 2747 5363 invicem
2768 5324 2791 5363 .·
2815 5305 2986 5371 Quid
3016 5306 3122 5364 hie
3147 5325 3275 5364 esse
3296 5309 3591 5367 volumus
3610 5312 3811 5371 donec
3832 5332 3955 5373 mo-
