4309 6259
760 501 1111 548 manna-no
1153 503 1218 548 m
1259 503 1398 549 cn.
1442 502 1610 550 xxxv
1653 503 1812 550 umu
1855 502 2108 550 saeuum
2144 504 2679 551 PARALlPouENON.
2722 524 2804 533 —
2843 506 2985 551 aar.
3033 503 3202 551 xxxv
3401 485 3515 549 271

409 676 518 731 tra
551 688 766 751 regem
797 672 1225 753 Assyriorum,
1259 691 1450 753 quem
1499 672 1785 736 audierat
1815 673 1921 735 de·
1952 673 2002 735 Α
2031 682 2140 743 est,
2175 682 2233 731 et
2262 678 2546 751 sepultus
2585 677 2659 734 in
2691 679 3035 744 mausoleo,
3068 673 3131 736 id
3173 682 3285 737 est
3310 671 3522 755 sepul-

409 765 769 844 bilitatum,
816 788 890 833 eo
932 771 1105 851 quod
1145 770 1302 832 Medi
1351 790 1422 833 ac
1466 770 1795 853 Babylonii
1840 769 1919 832 ab
2032 790 2162 847 cro,
2192 781 2457 849 patrum
2490 793 2778 834 suorum.

411 864 598 928 illius
621 868 1002 930 recesserint
1022 868 1593 933 monarchiazideo
1618 889 1723 932 rex
1745 870 1921 950 AEgy-
2116 875 2196 932 Εἰ
2238 873 2579 933 universus
2618 875 2793 932 Juda
2838 881 2896 931 et
2934 875 3289 933 Jerusalem
3343 875 3521 931 luxe-

409 963 514 1045 pti
547 965 800 1046 putavit
843 986 912 1029 se
957 984 1225 1047 regnum
1258 966 1450 1049 Syriae
1492 986 1680 1049 posse
1707 968 1787 1030 de
1833 967 1922 1029 fa·
2033 978 2188 1029 runt
2230 990 2401 1040 eum,
2454 977 2630 1032 tanto
2680 970 2846 1051 pluS,
2889 977 3127 1051 quanto
3179 970 3407 1032 melior
3457 978 3520 1032 et

409 1063 529 1125 cili
561 1064 878 1128 obtinere.
917 1065 992 1127 Et
1023 1066 1230 1147 primo
1263 1066 1464 1130 voluit
1495 1066 1794 1146 congredi
1817 1067 1924 1129 ad·
2033 1085 2228 1147 regno
2280 1068 2499 1130 utilior
2539 1068 2682 1145 fuit,
2719 1078 2780 1131 et
2828 1068 2983 1150 quia
3029 1087 3145 1150 pro
3193 1068 3372 1149 regni
3418 1067 3518 1131 sui

413 1180 646 1225 versus
679 1180 892 1241 regem
923 1163 1414 1242 Adadremmon,
1451 1173 1820 1245 regnantem
1855 1165 1918 1226 in
2031 1168 2363 1228 commodo
2386 1176 2767 1249 opposuerat
2788 1186 2855 1229 se
2877 1167 3011 1249 regi
3032 1167 3304 1250 AEgypfi,
3331 1187 3368 1229 a
3390 1185 3519 1249 quo

410 1258 812 1337 CharcamiS,
846 1262 957 1343 qui
999 1262 1192 1324 simul
1223 1282 1370 1325 cum
1398 1262 1566 1325 sosia
1604 1263 1924 1345 disposuit
2032 1267 2247 1330 timuit
2279 1288 2472 1349 regno
2502 1288 2617 1332 suo
2661 1270 2893 1332 damna
2924 1267 3174 1332 inferri.
3207 1272 3520 1331 ,Ieremias

407 1357 590 1420 acies
630 1368 858 1421 contra
900 1379 1112 1441 regem
1142 1361 1415 1443 AEgypti.
1450 1365 1560 1422 Ad
1589 1384 1784 1442 quam
1827 1383 1924 1423 me
2030 1370 2338 1437 maxime,
2391 1366 2543 1447 quia
2592 1366 3037 1430 ardentissime
3084 1375 3371 1430 sanctum
3420 1366 3521 1429 Jo-

413 1459 594 1517 Deus
625 1461 932 1537 festinato
965 1461 1060 1519 ire
1084 1464 1414 1539 praecepit.
1437 1460 1552 1523 Per
1584 1461 1800 1537 Deum,
1829 1460 1920 1522 in-
2031 1464 2189 1525 siam
2224 1474 2482 1546 propter
2522 1484 2667 1527 suas
2698 1466 2964 1527 virtutes
3002 1464 3245 1542 dilexit,
3280 1473 3342 1527 et
3368 1465 3521 1547 quia

412 1555 654 1635 'telligit
684 1556 790 1619 vel
820 1558 1010 1619 deum
1043 1556 1276 1619 salsum
1322 1578 1512 1639 quem
1555 1559 1774 1634 coluit,
1809 1579 1921 1623 seu
2031 1581 2161 1643 prae
2190 1563 2417 1625 ceteris
2447 1565 2649 1645 magis
2697 1564 2866 1628 clare
2898 1565 3197 1645 cognovit
3228 1565 3295 1627 in
3338 1564 3521 1648 spiri-

411 1654 596 1731 deOS,
643 1673 760 1736 per
801 1654 1126 1735 singulare
1166 1656 1585 1737 intelligendo
1626 1657 1874 1740 plurale
1901 1683 1916 1733 3
2032 1668 2118 1737 tu,
2141 1680 2333 1743 quam
2366 1663 2593 1725 nociva
2622 1672 2788 1726 esset
2818 1682 2987 1725 mors
3008 1664 3193 1727 Josiae
3222 1663 3522 1745 reipubli-

411 1752 522 1815 vel
569 1771 798 1817 verum
849 1754 1069 1829 Deum,
1104 1754 1258 1836 quia
1304 1755 1492 1818 multi
1545 1755 1916 1833 idololatrae,
2032 1778 2141 1837 coe,
2178 1760 2509 1842 cultuique
2554 1761 2773 1824 divino
2821 1770 2883 1825 et
2924 1762 3116 1825 saluti
3146 1761 3516 1836 communi;

417 1859 656 1931 praeter
711 1852 865 1913 deos
925 1870 1098 1930 suo8,
1149 1871 1290 1915 esse
1338 1862 1654 1917 noverunt
1699 1863 1762 1917 et
1807 1873 1922 1918 suo
1959 1864 2006 1927 B
2033 1860 2221 1935 cujus
2250 1880 2463 1921 omues
2492 1871 2779 1922 cantores
2807 1871 2998 1941 atque
3024 1863 3431 1932 cantatriceS,
3455 1862 3519 1923 id

417 1950 626 2013 modo.
660 1950 1000 2013 coluerunt
1029 1970 1230 2013 unum
1271 1951 1652 2014 altissimum
1699 1954 1920 2029 Deum,
2033 1964 2130 2017 est
2158 1976 2444 2037 personae
2474 1957 2810 2040 utriusque
2851 1978 3059 2036 sexuS,
3094 1958 3205 2041 qui
3238 1958 3522 2023 carmina

67 2063 374 2118 wewam
415 2048 966 2129 quemadmodum
1013 2048 1412 2112 Samaritani.
1454 2051 1672 2133 ltaque
1716 2071 1754 2113 a
1797 2052 1924 2114 Deo
2032 2063 2094 2116 et
2137 2056 2621 2119 lamentationes
2671 2056 2871 2119 factas
2910 2076 2947 2119 a
2985 2056 3257 2120 Jeremia
3297 2058 3523 2121 decan-

69 2128 140 2175 ²⁹‘
163 2130 252 2169 ³²·
415 2147 586 2210 dixit
615 2167 686 2211 se
714 2168 856 2211 esse
885 2158 1132 2212 motum
1164 2158 1226 2212 et
1265 2150 1646 2232 inspiratum
1679 2152 1757 2213 ad
1801 2152 1923 2215 iter
2034 2161 2191 2230 tant,
2228 2174 2427 2235 usque
2464 2158 2537 2217 in
2576 2165 2953 2233 prees-entem
2994 2158 3169 2217 diem
3213 2160 3521 2218 lamenta·

413 2256 486 2309 et
513 2246 762 2309 bellum
805 2247 968 2310 illud
1005 2256 1247 2330 :atque
1279 2248 1378 2331 (ut
1407 2248 1598 2312 infra.
1621 2250 1920 2331 habetur)
2033 2253 2258 2322 tiones,
2289 2252 2354 2314 id
2386 2261 2482 2315 est
2514 2253 2769 2317 threnos
2800 2272 2913 2317 seu
2944 2253 3247 2333 lugubres
3269 2273 3512 2331 versuS,

418 2345 516 2408 sic
548 2354 705 2409 erat.
741 2346 898 2409 Nam
927 2347 1092 2410 Deus
1122 2366 1238 2429 per
1269 2367 1466 2411 unum
1498 2367 1712 2430 regem
1744 2357 1808 2411 et
1837 2368 1926 2411 re-
2029 2370 2222 2427 super
2244 2354 2490 2412 Josiam
2516 2354 2853 2430 replicant,
2888 2354 2955 2415 id
2991 2361 3110 2429 est,
3147 2351 3519 2435 frequenter

415 2462 644 2523 gnum,
683 2442 1055 2525 frequenter
1093 2444 1424 2508 ulciscitur
1458 2455 1718 2527 peccata
1758 2447 1922 2527 regis
2031 2447 2428 2529 ingeminant
2478 2469 2589 2512 seu
2642 2459 2973 2513 resumunt
3010 2468 3023 2512 :
3066 2460 3124 2512 ec
3172 2454 3362 2531 quasi
3412 2457 3517 2511 lem

417 2551 486 2603 et
527 2542 710 2622 regni
751 2542 1038 2605 alterius.
1075 2546 1308 2604 Desine
1337 2549 1680 2605 adversum
1712 2549 1922 2607 Deum
2030 2549 2313 2608 obtinuit
2358 2550 2428 2608 in
2460 2551 2689 2618 Israel,
2734 2548 2797 2610 id
2841 2556 2955 2625 est,
2991 2548 3329 2611 laudabilis
3372 2568 3521 2613 con-

417 2644 666 2721 sacere,
695 2644 816 2720 qui
844 2663 1092 2703 mecum
1122 2652 1238 2711 est,
1271 2641 1334 2703 id
1374 2651 1490 2719 est,
1529 2642 1686 2705 mihi
1724 2664 1760 2706 a
1796 2645 1922 2707 Deo
2031 2647 2302 2710 suetudo
2353 2646 2501 2712 inde
2547 2647 2781 2710 effecta
2830 2655 2945 2711 est.
2996 2651 3157 2709 Ecce
3202 2651 3518 2726 scriptum

417 2740 623 2801 misso
655 2758 730 2802 ac
761 2738 1072 2821 inspirato
1105 2739 1173 2802 in
1206 2759 1394 2803 eausa
1436 2740 1552 2803 hac
1594 2742 1726 2804 noli
1769 2742 1925 2805 resi·
2029 2747 2244 2821 fertur
2276 2750 2347 2806 iu
2378 2748 3001 2817 Lamentationibus‚
3032 2747 3096 2809 id
3118 2755 3213 2809 est
3243 2747 3308 2807 in
3332 2746 3520 2809 Thre-

418 2846 614 2913 stere,
658 2858 776 2901 nec
817 2839 1054 2901 divinae
1093 2840 1481 2903 ordinationi
1521 2841 1770 2904 obicem
1811 2861 1921 2923 po·
2031 2842 2132 2904 nis
2161 2842 2467 2920 lere-miae,
2492 2844 2605 2925 qui
2640 2843 2961 2921 inchoant,
2987 2844 3311 2918 Quomodo
3344 2846 3520 2907 sedet
3553 2865 3807 2916 rmum.

417 2956 578 3000 nere
608 2939 867 3014 audeaS‚
895 2960 975 2999 ne
1007 2940 1361 3017 interficiat
1393 2948 1467 3009 te,
1490 2940 1555 3001 id
1585 2949 1704 3017 est,
1732 2940 1922 3005 inter·
2030 2940 2165 3004 sola
2204 2942 2449 3004 civitas,
2486 2942 2655 3004 Istud
2694 2942 3069 3019 ostenditur,
3106 2943 3257 3026 quia
3285 2944 3363 3005 de
3400 2943 3519 3006 hac

417 3034 536 3099 fici
571 3034 767 3099 faciat
795 3044 905 3098 aut
933 3036 1260 3119 permittat
1291 3056 1404 3118 per
1434 3057 1558 3101 me.
1955 3041 1997 3103 C
2031 3058 2098 3102 re
2137 3039 2369 3121 partim
2408 3041 2754 3122 conscripti
2804 3050 2974 3103 sunt.
3010 3042 3315 3105 Praeterea
3354 3041 3519 3105 sicut

521 3138 762 3199 Nol-uit-
806 3138 1014 3197 Josias
1061 3138 1324 3205 reverti,
1370 3141 1480 3197 sed
1515 3144 1921 3216 prceparavit
2031 3138 2097 3199 in
2131 3138 2517 3201 Scholastica
2550 3139 2851 3203 recitatur
2890 3140 3177 3217 historia,
3212 3140 3515 3223 praefatus

413 3244 648 3296 contra
686 3255 836 3296 eum
879 3237 1142 3304 bellum,
1172 3255 1287 3296 nec
1328 3238 1651 3315 acquievit
1693 3258 1920 3298 sermo-
2029 3255 2137 3299 rex
2196 3238 2661 3301 Adadremmon
2718 3259 2862 3302 cum
2912 3259 3027 3302 suo
3074 3240 3355 3303 exercitu
3417 3239 3518 3301 in-

411 3335 614 3394 m‘bus
635 3335 916 3405 Nealcae,
941 3351 1104 3413 quos
1135 3332 1403 3413 protulit
1431 3354 1513 3393 εει)
1540 3354 1645 3393 ore
1674 3337 1821 3405 Dei,
1853 3335 1916 3397 id
2029 3336 2505 3399 consolabiliter
2525 3337 2851 3420 deplanxit
2868 3338 3102 3402 Josiam
3127 3337 3511 3420 piissimum.

413 3440 517 3495 est
567 3451 646 3495 ex
696 3430 1119 3512 inspiratione
1167 3431 1456 3509 angelica
1511 3451 1620 3494 seu
1671 3432 1912 3496 divina.
2027 3434 2204 3497 Unde
2253 3434 2318 3497 in
2368 3436 2665 3498 Zacharia
2714 3436 3018 3518 scriptum
3080 3446 3175 3501 est
3229 3454 3243 3498 ε
3296 3438 3362 3499 In
3412 3437 3517 3500 die
3570 3462 3804 3518 lacum,

409 3530 622 3591 sosias
655 3536 868 3591 tamen
892 3527 1165 3591 nescivit
1196 3528 1340 3590 hoc.
1383 3531 1612 3590 Verum
1629 3534 1918 3607 perrexit
2030 3532 2141 3594 illa
2193 3551 2461 3613 magnus
2508 3534 2631 3596 erit
2686 3534 2977 3616 planctus
3029 3535 3095 3597 in
3139 3536 3510 3612 Jerusalem,
3546 3529 3611 3570 ¹¹·

415 3637 492 3688 uc
542 3628 890 3687 dimicaret
936 3630 1010 3687 in
1056 3646 1279 3703 campo
1313 3630 1655 3703 Maqeddo,
1708 3627 1771 3690 id
1823 3638 1919 3691 est
2028 3631 2194 3694 sicut
2224 3631 2515 3713 planctus
2545 3632 3009 3696 Adadremmon
3039 3634 3107 3696 in
3140 3653 3365 3716 campo
3397 3634 3515 3698 Ma-

415 3725 545 3789 loci
595 3724 698 3788 vel
749 3724 973 3806 oppidi
1023 3743 1136 3787 seu
1187 3724 1488 3787 territorii
1539 3724 1630 3790 sic
1680 3727 1910 3789 vocati.
2024 3730 2253 3809 geddo.

413 3826 652 3901 Ibique
683 3828 1066 3883 vulneratus
1096 3825 1520 3900 asayitcariis
1551 3824 1716 3903 regis
1737 3826 1916 3906 AEgy-
2091 3829 2371 3907 Reliqua
2389 3836 2606 3888 aulem
2633 3848 3001 3888 sermonum
3025 3830 3217 3890 Josiae
3244 3838 3303 3888 et
3335 3831 3515 3889 mise-

415 3922 538 4003 pti,
591 3924 772 3981 dixit
813 3922 1064 3999 pueri8‚
1118 3920 1182 3982 id
1233 3929 1330 3983 est
1380 3921 1582 3983 servis
1628 3925 1804 3995 suis;
1853 3932 1916 3987 et
2025 3926 2467 3985 ricordiarum
2494 3926 2827 4005 ej‘u3,quoe
2859 3929 2987 4001 leye
3012 3936 3331 4003 praecepta
3358 3936 3510 3988 sunt

415 4020 590 4083 forte
617 4019 882 4101 quidam
915 4019 994 4081 de
1026 4017 1186 4080 filiis
1228 4019 1363 4081 suis
1393 4027 1573 4081 erant
1602 4039 1816 4083 secum
1849 4022 1911 4084 in
2027 4024 2318 4091 Domini,
2348 4044 2538 4101 opera
2570 4043 2817 4103 quoque
2855 4026 3041 4085 illius
3063 4027 3285 4101 prima
3314 4034 3372 4084 et
3400 4046 3513 4086 no-

411 4119 558 4182 acie
593 4136 610 4179 z
645 4120 923 4179 Educite
955 4139 1053 4179 me
1077 4122 1157 4177 de
1181 4120 1430 4194 praelio.
1467 4121 1627 4198 quia
1655 4122 1912 4197 oppido,
2026 4124 2313 4192 vissima,
2338 4124 2578 4199 scripta
2606 4125 2853 4183 suntin
2886 4124 3046 4182 libro
3066 4126 3315 4199 Requm
3332 4126 3510 4184 ‚Iuda

411 4218 482 4280 id
513 4226 615 4279 est
645 4216 854 4294 valde,
883 4220 1261 4279 vulneratus
1289 4238 1455 4278 sum.
1485 4220 1612 4286 Qui
1634 4228 1918 4281 transtu·
1945 4232 1994 4292 D
2023 4228 2082 4277 et
2111 4222 2339 4279 Israel.
2366 4218 2588 4281 Fertur
2618 4237 2876 4300 quoque
2904 4220 3077 4300 quod
3104 4219 3301 4283 sosias
3328 4220 3509 4301 juxta

411 4322 638 4377 lerunt
667 4336 818 4377 eum
843 4318 922 4375 de
949 4336 1176 4387 curru,
1209 4334 1287 4377 ex
1315 4334 1444 4396 quo
1480 4316 1910 4396 praeliabatur,
2029 4315 2271 4380 sontem
2305 4324 2367 4379 et
2406 4316 2694 4380 a‘rborem
2737 4317 2821 4378 sit
2858 4317 3129 4394 occisuS‚
3163 4318 3273 4400 qui
3317 4320 3515 4401 proti-

407 4425 478 4479 et
531 4415 600 4476 in
649 4432 781 4495 quo
832 4413 1040 4475 iuerat
1095 4414 1482 4489 vulneratus,
1519 4417 1591 4474 in
1633 4419 1910 4477 alterum
2027 4434 2146 4477 nus
2176 4424 2516 4477 aruerunt.-

409 4533 692 4575 currum
721 4514 842 4591 qui
870 4514 1250 4590 sequebatur
1285 4532 1434 4573 eum
1479 4533 1648 4572 more
1686 4517 1862 4591 reyio
1893 4536 1916 4574 .·
2105 4513 2425 4576 Postremo
2475 4533 2551 4576 ex
2601 4513 2721 4577 isto
2772 4514 3053 4596 capitulo
3105 4515 3513 4580 innotescunt

409 4613 574 4694 quia
607 4620 760 4673 tunc
785 4609 912 4671 fuit
943 4627 1163 4689 regum
1193 4611 1608 4687 consuetudo,
1628 4620 1700 4673 ut
1731 4612 1822 4674 eis
1845 4612 1910 4675 in
2027 4612 2211 4675 nobis
2259 4612 2533 4690 devoti0,
2568 4611 2938 4691 liberalitaS,
2985 4622 3049 4677 et
3092 4614 3514 4696 infatigabilis

411 4728 552 4773 uno
585 4729 779 4773 curru
809 4707 1202 4783 sedentibuS,
1236 4717 1298 4771 et
1326 4727 1402 4771 ex
1435 4708 1547 4771 illo
1576 4711 1914 4791 pugnanti-
2027 4712 2241 4775 fervor
2258 4710 2441 4773 Josiae
2471 4710 2640 4773 circa
2672 4711 2869 4775 Deum
2900 4720 2963 4774 et
2992 4713 3133 4793 ejus
3157 4713 3509 4779 ministros,

417 4810 568 4885 buS,
598 4808 712 4871 alii
753 4826 976 4870 currus
1009 4805 1193 4870 vacui
1235 4816 1654 4888 sequerentur
1697 4828 1828 4887 θος,
1863 4810 1915 4871 si
2026 4810 2295 4872 Tantum
2355 4809 2554 4891 igitur
2599 4828 2809 4889 regem
2863 4810 2929 4872 in
2978 4811 3117 4873 istis
3169 4812 3511 4877 virtutibus

414 4908 693 4971 forsitan
729 4906 1106 4985 indigerent,
1142 4905 1305 4967 sicut
1336 4924 1506 4968 nunc
1550 4906 1701 4987 equi
1731 4908 1915 4971 vacui
2029 4908 2272 4990 praelati
2300 4928 2373 4971 ac
2404 4908 2727 4991 principes
2748 4909 3079 4972 christiani
3102 4930 3229 4973 non
3260 4921 3511 4977 cessent

411 5008 640 5089 plures
682 5012 954 5069 currunt
983 5012 1124 5086 post
1170 5022 1302 5066 θος.
1334 5003 1566 5077 Quarto
1610 5004 1773 5068 libro
1806 5005 1917 5068 Re—
2025 5006 2272 5069 sectari.
2306 5007 2479 5069 Patet
2511 5006 2661 5068 item
2692 5026 2767 5069 ex
2805 5007 3014 5084 dietis,
3046 5028 3237 5091 quam
3270 5010 3512 5073 ineom-
3540 5040 3799 5093 amma,

113 5118 376 5168 namu,
409 5123 570 5185 gum
603 5104 862 5183 legitur,
888 5103 1057 5184 quod
1089 5102 1337 5185 occisus
1369 5111 1464 5164 est
1496 5102 1562 5164 in
1591 5103 1910 5183 Mageddo,
2025 5104 2487 5187 prehensibilia
2545 5104 2674 5166 sint
2731 5105 3186 5187 omnipotentis
3236 5127 3308 5171 ac
3350 5109 3509 5190 justi

409 5204 572 5287 quia
601 5201 847 5265 ibidem
892 5200 1166 5263 letaliter
1209 5200 1396 5263 laesus
1440 5209 1555 5263 est.
1589 5205 1675 5262 Ec
1706 5223 1917 5280 aspor-
2025 5202 2134 5265 Dei
2176 5202 2440 5283 judicia,
2475 5202 2586 5283 qui
2632 5220 2841 5281 regem
2889 5211 3015 5264 tam
3048 5203 3226 5285 pium
3266 5213 3330 5267 et
3371 5226 3512 5269 san-

411 5310 726 5365 taverunt
767 5321 918 5361 eum
962 5301 1036 5361 in
1063 5302 1418 5361 Jerusalem
1431 5324 1460 5371 ,·
1503 5308 1917 5381 mortuusque
2025 5309 2221 5377 ctum,
2246 5299 2328 5362 ab
2356 5299 2607 5363 infideli
2640 5318 2785 5381 rege
2815 5301 3105 5383 permisit
3123 5303 3350 5367 occidi.
3372 5306 3510 5380 Quo
