4309 6259
106 3673 179 3718 Jer.
198 3688 267 3720 m.

838 529 1189 576 mutumne
1231 530 1294 575 IN
1336 529 1473 576 (231³.
1520 529 1645 575 XXV
1684 529 1843 574 unm
1884 529 2106 584 QuanTl
2146 531 2374 578 REGUM.
2421 552 2496 562 -
2539 534 2683 580 ART.
2729 533 2900 581 xxvn

3331 515 3410 580 99

328 697 449 760 fuit
476 697 841 776 commissa,
863 707 935 761 ut
964 699 1084 762 sub
1115 717 1190 762 eo
1220 707 1435 763 essent
1456 699 1683 776 securi,
1708 698 1809 762 vel
1841 696 1893 759 A
1921 715 2182 781 quoque
2210 702 2564 783 promeruit
2593 704 3098 786 prosperitatem.
3133 709 3409 766 Factum

327 798 401 858 ad
434 796 889 878 inquirendum
928 805 993 860 et
1032 797 1567 861 considerandum
1608 795 1815 879 quali-

328 903 417 957 ter
447 896 704 976 negotia
745 915 813 958 se
854 895 1199 971 haberent3
1236 899 1666 957 veneruntad
1699 900 1813 956 Go-

322 996 563 1054 doliam
610 997 683 1054 in
731 997 1029 1071 Maspha,
1064 998 1300 1056 Ismael
1340 997 1525 1072 filla-s
1570 997 1814 1057 Natha-

324 1093 475 1162 nioe,
511 1101 573 1152 ει
618 1095 923 1154 Iohancm
968 1095 1153 1170 filius
1205 1095 1418 1164 Garee,
1464 1103 1524 1154 ει
1572 1094 1813 1154 Βαναία

322 1192 501 1267 filius
529 1193 1030 1262 Tkanelzumeck,
1046 1193 1410 1270 Necophatk
1419 1193 1444 1250 i
1448 1201 1550 1260 tes,
1564 1201 1624 1251 et
1640 1195 1813 1251 Jezo-

324 1291 467 1349 nias
504 1291 691 1368 filius
730 1291 1087 1362 Maackaci,
1122 1292 1253 1368 ipsi
1289 1301 1350 1350 ει
1376 1292 1537 1350 socii
1564 1310 1806 1352 eorum.

320 1390 709 1468 Iuravitque
742 1391 1044 1450 Godolias
1071 1390 1234 1468 ipsis
1261 1399 1321 1448 ει
1348 1391 1539 1450 sociis
1566 1409 1807 1460 eorum,

322 1487 533 1546 (licens
572 1507 597 1546 .·
642 1488 859 1548 Nolite
908 1489 1131 1548 timere
1176 1490 1419 1547 servire
1470 1488 1807 1549 Chaldaeis·

326 1585 579 1644 Manece
608 1584 681 1644 in
713 1593 909 1656 terra,
925 1592 987 1644 ει
1014 1587 1247 1645 servite
1272 1585 1411 1660 γεμί
1429 1587 1809 1662 Βαόμῖοηίε,

322 1690 381 1740 ει
406 1683 559 1742 bene
586 1683 713 1742 erit
744 1683 918 1742 vobis
936 1703 961 1742 .·
982 1682 1102 1745 hoc
1132 1690 1251 1759 est,
1275 1702 1421 1745 cum
1452 1682 1812 1762 juramento

325 1779 620 1860 promisit
664 1781 757 1843 eis
807 1781 1235 1858 securitatem,
1278 1781 1622 1845 dummodo
1664 1783 1815 1844 sub-

322 1895 457 1942 esse
498 1878 745 1941 vellent
782 1878 1115 1943 Chaldaeis.

398 1979 677 2038 Factum
706 1988 797 2039 esc
826 1988 1045 2040 autem
1072 1980 1147 2038 in
1178 1999 1389 2039 mense
1414 1980 1704 2056 septime,
1723 2001 1815 2040 ve-

318 2077 421 2136 nit
458 2081 705 2138 Ismael
740 2079 926 2155 filius
968 2079 1321 2141 Nachanioe
1356 2079 1491 2154 ficii
1522 2080 1815 2140 Elisama

318 2178 395 2234 de
420 2177 671 2236 semine
707 2178 909 2254 reqio,
940 2176 1061 2240 hoc
1104 2184 1203 2239 est
1246 2177 1325 2240 de
1368 2177 1673 2258 progenie
1721 2197 1816 2240 re-

318 2288 467 2351 gum
505 2273 689 2350 Iuda,
722 2285 783 2335 ει
820 2278 1035 2336 decem
1072 2275 1209 2335 viri
1244 2295 1393 2336 cum
1428 2296 1497 2335 eo
1529 2297 1552 2335 .·
1584 2275 1725 2338 imo'
1750 2285 1815 2338 et

321 2371 558 2452 plureS,
579 2381 653 2435 ut
670 2374 973 2450 ereditur,
994 2375 1105 2436 sed
1129 2373 1346 2436 decem
1370 2371 1630 2436 fuerunt
1650 2375 1816 2456 prin-

318 2469 583 2552 cipaleS.
620 2475 1231 2552 percusseruntque,
1274 2472 1397 2535 hoc
1436 2480 1531 2535 est
1571 2473 1817 2536 oecide-

318 2577 487 2645 runt,
512 2572 883 2640 Godoliam,
903 2572 1022 2651 qui
1050 2581 1109 2632 ει
1140 2581 1434 2632 mortuus
1462 2581 1553 2632 esc
1573 2588 1596 2631 .·
1618 2575 1729 2632 sed
1757 2582 1817 2632 ει

312 2669 572 2730 Judoeos
610 2677 672 2728 ει
716 2670 1042 2730 Chaldaeos
1066 2669 1203 2750 'qui
1242 2679 1431 2730 εναηι
1467 2691 1616 2730 cum
1644 2690 1713 2730 eo
1744 2672 1817 2730 in

318 2768 597 2843 Maspha
629 2787 653 2829 .·
684 2766 786 2829 vel
820 2767 973 2848 quia
998 2767 1279 2831 Godoliae
1308 2767 1695 2850 principatui
1727 2767 1819 2830 in·

314 2863 649 2941 videbant,
673 2884 875 2947 quum
907 2865 1045 2947 ipse
1074 2866 1295 2928 lsmael
1327 2874 1494 2929 esset
1524 2867 1603 2928 de
1632 2867 1819 2929 semi-

318 2980 395 3024 ne
426 2979 680 3042 regum,
702 2981 832 3026 non
860 2962 1193 3040 Godolias3
1228 2963 1329 3027 vel
1362 2984 1440 3028 ex
1470 2965 1618 3027 odio
1652 2964 1815 3044 regis

1920 806 2009 857 est
2028 817 2175 858 vero
2199 801 2272 860 in
2292 822 2464 862 anno
2488 805 2804 864 tricesimo
2823 806 3089 881 septimo
3113 805 3410 864 transmi-

1914 901 2240 973 ,qratz'onis
2271 901 2544 960 Joaclzin
2575 904 2742 978 reqis
2778 905 2976 972 heda,
3004 922 3214 962 mense
3252 905 3408 962 duo-

1922 997 2189 1068 decimo,
2233 999 2538 1058 vicesima
2581 1009 2640 1059 ει
2681 1001 2954 1078 septima
2999 1002 3106 1060 die
3149 1002 3406 1069 mensiS,

1918 1095 2278 1154 sublevavit
2327 1097 2822 1158 Evilmerodach,
2881 1117 2998 1156 rex
3057 1099 3407 1174 Babylonis

1920 1212 2092 1252 armo
2131 1213 2256 1272 quo
2289 1213 2558 1270 reynare
2587 1205 2880 1272 coeperat,
2913 1206 3106 1272 caput
3133 1199 3408 1257 Joaclzin

1919 1291 2089 1366 reqis
2116 1293 2292 1352 luda
2323 1295 2402 1352 de
2429 1313 2703 1364 carcere,
2735 1303 2794 1354 ει
2828 1298 3075 1354 locutus
3101 1303 3190 1354 est
3219 1295 3282 1353 ei
3312 1297 3408 1354 be-

1920 1391 2139 1466 m'yne.
2172 1392 2258 1452 Ec
2282 1393 2498 1468 posuit
2530 1394 2832 1453 thronum
2859 1394 2998 1470 ejus
3022 1413 3214 1470 super
3247 1397 3408 1455 thro-

1922 1508 2083 1551 num
2112 1509 2364 1566 reyum,
2398 1491 2514 1569 qui
2541 1499 2730 1550 erant
2757 1510 2906 1550 cum
2942 1511 3011 1550 eo
3039 1492 3109 1550 in
3145 1493 3410 1568 Babylo-

1922 1607 2037 1658 ne‚·
2064 1597 2125 1648 ει
2159 1589 2436 1648 mutavit
2473 1597 2664 1648 vestes
2701 1589 2866 1664 eiua,
2897 1609 3058 1668 quas
3098 1591 3408 1650 habuerat

1923 1688 1995 1746 in
2025 1707 2302 1756 carcere,
2331 1696 2390 1746 ει
2419 1688 2774 1746 comedebat
2796 1706 3036 1764 panem
3063 1707 3309 1764 semper
3337 1690 3410 1748 in

1921 1794 2256 1861 conspectu
2274 1786 2414 1862 ejus
2433 1787 2679 1844 cunctis
2705 1786 2928 1846 diebus
2948 1787 3096 1846 vicoe
3114 1805 3265 1847 auce.
3281 1789 3413 1847 An-

1849 1884 1896 1946 B
1924 1903 2166 1943 nonam
2193 1903 2439 1963 quoque
2475 1884 2808 1944 constituit
2837 1885 2899 1942 ei
2923 1885 3063 1943 sine
3092 1885 3412 1944 intermis-

1920 1983 2118 2048 sione.
2137 2002 2280 2060 quae
2298 1991 2358 2041 ει
2376 1983 2658 2041 dabatur
2675 1983 2738 2040 ei
2757 2002 2798 2042 a
2819 2001 2963 2058 reqe
2985 2002 3104 2060 per
3121 1984 3412 2060 sinqulos

1921 2081 2081 2149 dies,
2101 2081 2396 2139 omnibus
2423 2079 2646 2138 diebus
2677 2081 2825 2139 vitoe
2851 2099 3004 2140 suce.
3025 2079 3168 2142 Haee
3201 2080 3411 2143 littera

1923 2177 2075 2240 satis
2102 2177 2291 2259 plana
2320 2184 2436 2239 est.
2462 2176 2692 2238 Dicunt
2719 2195 2974 2259 quoque
3004 2177 3222 2258 aliqui,
3238 2178 3410 2259 quod

1922 2275 2500 2338 Nabuchodonosor
2531 2293 2677 2356 rege
2717 2276 2784 2337 in
2823 2276 3166 2338 amentiam
3202 2296 3404 2354 verse,

1924 2373 2404 2438 Evilmerodach
2450 2371 2629 2436 filius
2673 2374 2813 2455 ejus
2865 2393 3128 2455 regnum
3170 2395 3413 2437 assum-

1928 2472 2072 2554 psit,
2108 2481 2172 2535 et
2210 2472 2412 2534 multa
2448 2472 2769 2535 commisit
2809 2470 3056 2553 flagitia
3092 2491 3105 2535 :
3154 2481 3412 2555 propter

1924 2573 2095 2654 quod
2127 2581 2306 2654 pater
2335 2573 2476 2653 ejus
2508 2579 2787 2646 curatuS,
2821 2578 2884 2632 et
2915 2571 2980 2633 in
3013 2589 3275 2650 regnum
3317 2591 3414 2634 re·

1925 2671 2174 2746 ductuS‚
2209 2669 2545 2752 praefatum
2588 2688 2773 2731 suum
2815 2667 3030 2731 filium
3070 2670 3415 2732 incarcera-

1926 2770 2051 2843 vit:
2086 2771 2308 2852 sicque
2338 2789 2483 2832 cum
2514 2768 2776 2831 Joaehin
2811 2768 2876 2829 in
2908 2787 3160 2832 carcere
3199 2768 3415 2832 amici—

1928 2869 2079 2932 tiam
2120 2869 2462 2951 quamdam
2506 2867 2820 2930 contraxit
2855 2883 2869 2927 t
2913 2885 2988 2930 ex
3028 2887 3154 2948 qua
3197 2875 3417 2949 postea

1926 2967 2306 3030 sublimatus
2337 2967 2404 3028 in
2437 2971 2724 3047 regnum,
2748 2973 2924 3047 patre
2948 2984 3065 3028 suo
3085 2965 3411 3042 defuncte,

315 3060 683 3144 Babylonis.
703 3061 857 3123 Nam
882 3061 1290 3127 etChaldaeos
1321 3063 1432 3144 qui
1464 3071 1645 3126 erant
1671 3083 1817 3125 eum
1852 3066 1896 3129 C
1929 3065 2137 3147 ipsum
2162 3064 2423 3128 Joacbin
2455 3063 2774 3139 exaltavit,
2809 3072 2880 3125 ut
2911 3064 3146 3126 dietum
3181 3073 3299 3126 est.
3322 3065 3418 3128 Jo-

313 3158 605 3236 Godolia,
626 3159 883 3222 oceidit.
908 3158 1124 3224 Refert
1149 3161 1483 3243 IosephuS,
1505 3162 1677 3242 quod
1708 3161 1821 3224 Go-

315 3257 519 3320 dolias
572 3257 903 3320 ismaelem
950 3268 1015 3321 et
1063 3278 1213 3322 suos
1266 3258 1601 3341 splendide
1653 3258 1820 3323 rese-

317 3355 425 3432 cit‚
458 3363 525 3420 et
566 3374 741 3437 saepe
773 3355 856 3418 ab
898 3356 1161 3420 Ismaele
1200 3357 1531 3435 invitatuS,
1566 3358 1721 3421 vino
1752 3377 1821 3422 se

319 3453 709 3528 inebriavit3
743 3453 928 3536 isque
959 3473 1037 3517 ex
1074 3456 1381 3520 ebrietate
1415 3457 1484 3518 in
1524 3475 1818 3539 soporem

318 3553 678 3616 resolutum
709 3552 966 3616 occidit.
1003 3553 1125 3616 lsta
1156 3554 1445 3632 historia,
1480 3556 1590 3619 sed
1626 3564 1689 3618 et
1726 3575 1823 3620 se-

318 3671 549 3733 quens,
585 3651 655 3713 in
699 3651 972 3714 Ieremia
1010 3650 1253 3716 diffuse
1289 3652 1579 3732 habetur,
1614 3663 1678 3718 et
1716 3654 1821 3718 hie

320 3769 443 3812 non
478 3750 611 3812 nisi
647 3749 1027 3813 brevissime
1060 3751 1359 3830 tangitur.
1398 3755 1823 3830 Cbnsurqens-

316 3869 437 3926 que
454 3850 679 3910 omnis
692 3852 977 3928 populus
993 3850 1351 3913 Judaeorum
1387 3850 1475 3914 ihi
1509 3850 1815 3926 residuuS,

1927 3163 2164 3245 sephus
2205 3180 2358 3225 vero
2399 3159 2623 3242 tangit,
2657 3161 2828 3242 quod
2875 3160 3018 3224 ideo
3069 3159 3220 3225 feeit
3268 3161 3411 3240 hoe,

1926 3261 2232 3342 quoniam
2271 3268 2450 3342 pater
2490 3279 2640 3321 suus
2671 3258 3252 3323 Nabuchodonosor
3286 3279 3414 3324 non

1929 3359 2208 3422 servavit
2237 3357 2429 3421 fidem
2457 3365 2518 3420 et
2545 3365 2802 3439 pactum
2833 3357 2982 3420 huic
3000 3357 3414 3440 Joachin,qui

1929 3457 2006 3520 ad
2038 3475 2185 3518 eum
2215 3475 2288 3518 ea
2318 3454 2683 3518 conditione
2713 3455 2930 3531 exivit,
2949 3456 3120 3536 quod
3142 3476 3260 3520 nec
3291 3456 3416 3519 sibi

1931 3575 2047 3618 nec
2092 3555 2226 3617 suis
2268 3561 2526 3617 noceret
2569 3571 2584 3615 :
2627 3555 2796 3635 quod
2840 3553 3418 3619 Nabuchodonosor

1931 3671 2059 3716 non
2092 3650 2406 3733 implevit.

2006 3751 2333 3824 Praeterea,
2369 3757 2440 3811 ut
2474 3749 2780 3830 Josephus
2825 3748 3068 3827 scribit,
3105 3750 3416 3832 templum

1929 3869 1967 3912 a
2004 3848 2313 3912 Chaldaeis
2351 3855 2822 3910 concrematum
2868 3857 2964 3910 est
3004 3855 3148 3928 post
3180 3857 3417 3911 trecen·

318 3968 357 4006 a
392 3967 613 4024 parvo
652 3967 854 4027 usque
894 3950 982 4008 ad
1021 3966 1359 4025 ona-quum,
1398 3957 1458 4008 ec
1489 3951 1821 4026 principes
1934 3958 2029 4011 tos
2062 3951 2085 3973 *
2134 3946 2536 4029 septuaginta
2587 3963 2808 4021 ann03,
2864 3953 2927 4008 et
2979 3965 3230 4008 menses
3279 3965 3411 4022 sex,
3471 3969 3715 4026 Quadrin-

318 4049 645 4116 militum,
675 4045 924 4109 scilicet
950 4046 1145 4110 duces
1174 4048 1823 4128 praetacti‚venerunt
1930 4047 2197 4129 diesque
2254 4045 2472 4108 decem
2515 4062 2599 4106 ex
2646 4061 2773 4124 quo
2820 4062 2858 4105 a
2906 4043 3242 4107 Salomone
3291 4042 3416 4106 fuit
3443 4037 3598 4089 ⁸⁰⁸²oe

318 4145 389 4204 in
428 4147 835 4222 AE'yyptum,
883 4145 1175 4206 timentes
1221 4147 1567 4207 Chaldaeos.
1616 4145 1823 4209 Time·
1929 4152 2387 4209 constructum.
2441 4141 2534 4202 Ab
2581 4140 2871 4222 ingressu
2931 4149 3141 4205 autem
3192 4141 3414 4224 populi

320 4241 472 4304 bant
502 4241 687 4305 enim
729 4261 768 4303 a
802 4240 1119 4306 Chaldaeis
1158 4243 1325 4305 male
1364 4243 1643 4322 tractari,
1679 4262 1823 4327 pro-
1853 4245 1999 4314 Diu
2047 4250 2279 4306 terram
2328 4239 2794 4323 promissioniS,
2845 4248 2996 4303 tunc
3041 4248 3222 4302 erant
3263 4239 3418 4302 anni

320 4347 459 4422 pter
498 4339 794 4404 Godoliae
842 4348 907 4402 et
953 4340 1391 4405 Chaldaeorum
1442 4342 1555 4424 qui
1604 4362 1822 4406 seeum
1932 4340 2109 4404 mille
2148 4339 2471 4419 sexaginta
2511 4338 2661 4414 du0,
2707 4355 2958 4401 menses
2999 4357 3128 4415 sex,
3171 4339 3423 4402 decem·

104 4443 197 4492 1⁶12.
208 4463 293 4502 ιω,
318 4448 523 4518 erant,
550 4437 1094 4503 interfectionem.
1115 4439 1417 4502 Jeremias
1446 4449 1657 4504 tamen
1680 4461 1826 4505 eon-

322 4538 522 4601 suluit
552 4537 651 4601 eis
682 4537 1075 4620 oppositum,
1110 4546 1173 4600 et
1202 4557 1403 4619 quum
1434 4539 1678 4602 nollent
1709 4559 1825 4603 suo

320 4637 595 4700 consilio
628 4625 1094 4718 obtemperare,
1131 4637 1408 4719 perrexit
1436 4656 1583 4700 cum
1622 4636 1716 4700 eis
1756 4638 1821 4700 in

320 4735 688 4818 AEgyptum.
872 4723 877 4729 ’

394 4833 885 4915 Consequenter
913 4830 1237 4908 recitatur,
1256 4830 1532 4913 qualiter
1550 4832 1827 4898 Evilme-

320 4930 557 4994 rodach
588 4949 700 4993 rex
730 4927 1097 5011 BabyloniS,
1132 4928 1245 5010 qui
1279 4929 1444 5011 patri
1476 4948 1592 4992 suo
1622 4930 1828 4994 Nabu-

320 5027 728 5092 chodonosor
778 5027 1090 5090 suecessit
1138 5026 1203 5088 in
1255 5045 1472 5108 regno,
1522 5027 1822 5106 elevavit,

323 5127 651 5204 exaltavit,
687 5135 755 5190 et
794 5126 1076 5207 gloriose
1114 5126 1411 5190 tractavit
1452 5125 1663 5207 ipsum
1693 5127 1830 5190 Joa-
1940 5137 2152 5200 tamen
2182 5124 2572 5209 computatio
2597 5125 2716 5188 ista
2735 5124 2815 5188 ab
2837 5125 3104 5188 aliorum
3135 5143 3432 5207 quorum-

320 5225 497 5304 chin,
531 5228 651 5310 qui
702 5247 781 5290 ex
829 5225 1104 5291 consilio
1140 5225 1429 5290 Ieremias
1470 5246 1538 5289 se
1569 5226 1830 5289 tradidit
1940 5228 2087 5290 dam
2116 5225 2596 5289 enumeratione
2626 5223 2692 5286 in
2723 5223 3046 5304 aliquibus
3072 5223 3431 5308 discrepare

322 5323 915 5392 Nabuchodonosor
936 5326 1069 5407 regi
1088 5327 1289 5409 :quod
1314 5325 1625 5404 faciendo,
1644 5326 1833 5390 istam
1942 5333 2260 5390 censetur.

1932 4459 2057 4521 que
2097 4439 2254 4502 dieS.
2300 4439 2350 4499 A
2389 4436 2633 4500 diluvio
2671 4455 2825 4500 vero
2865 4456 3067 4518 usque
3103 4439 3182 4500 ad
3223 4446 3424 4502 vasta—

1932 4539 2174 4601 tionem
2203 4536 2446 4619 templi,
2467 4553 2654 4599 omne
2672 4544 2925 4617 tempus
2958 4534 3081 4598 fuit
3110 4555 3422 4600 annorum

1934 4636 2111 4700 mille
2155 4642 2622 4716 nongentorum
2659 4633 3125 4716 quinquaginta
3155 4643 3421 4717 septem,

1933 4755 2044 4798 sex
2088 4733 2431 4811 mensium,
2462 4732 2680 4795 decem
2726 4731 2995 4794 dierum.
3039 4732 3128 4794 Ex
3171 4751 3300 4813 quo
3339 4732 3429 4794 l'a·

1931 4841 2077 4896 ctus
2104 4841 2203 4895 est
2232 4832 2453 4908 Adam,
2491 4850 2695 4913 usque
2734 4830 2813 4892 ad
2852 4848 2926 4893 ea
2963 4849 3106 4912 quae
3142 4829 3426 4910 contige-

1935 4938 2085 4993 runt
2106 4929 2364 5012 templo,
2380 4928 2534 4992 anni
2555 4936 2704 4991 sunt
2726 4928 2845 4991 tria
2865 4927 3068 4990 millia
3088 4927 3425 5010 quingenti

1937 5029 2263 5105 tredecim,
2299 5046 2548 5090 menses
2581 5046 2709 5104 sex,
2744 5026 2880 5090 dies
2912 5025 3433 5089 decem.Verum-
