4309 6259
875 483 958 551 60

1425 496 1771 545 ssNARRAno
1813 500 1876 545 m
1917 499 2053 547 cu.
2100 499 2205 546 xlv
2248 498 2405 544 unm
2448 500 2671 554 Quum
2714 500 2940 547 Rssouu.
2984 518 3065 529 —
3104 499 3248 545 Am.
3293 499 3420 545 xvu

881 677 1079 737 vitate
1106 676 1344 737 David.
1388 677 1566 738 Tulit
1612 684 1826 736 autem
1869 676 2216 733 universus
2251 692 2369 750 po·
2400 671 2453 734 Α
2483 671 2597 734 ibi.
2646 672 3097 736 Verumtamen
3147 692 3274 737 non
3325 682 3605 757 apparet,
3652 673 3823 755 quod
3872 691 3971 735 ra-

868 779 1070 852 pulus
1105 778 1293 836 Judae
1323 776 1666 846 Azariam,
1700 794 1902 834 annos
1935 782 2163 833 natum
2201 775 2373 831 sede-

836 888 840 895 ·
876 876 1029 943 cim,
1050 883 1108 933 et
1139 875 1615 934 constituerunt
1639 894 1784 933 eum
1818 892 2024 949 reqem
2049 892 2170 950 pro
2184 880 2373 949 patre

623 2667 842 2720 Ionam.

642 2855 695 2899 lll
725 2857 836 2911 Περ.

599 2931 698 2969 xvn,
715 2920 782 2961 22.

647 3062 762 3106 laid.
781 3066 845 3105 24.

657 3362 676 3381 ⁶
695 3359 844 3417 Opiter

607 4638 750 4684 meh.
765 4653 818 4690 w,
830 4644 870 4685 8.

875 974 1015 1051 ejus
1046 976 1336 1033 Ama-sia.
1369 976 1507 1051 Ipse
1535 974 1887 1049 (edificavit
1916 975 2173 1041 sEtatlt,
2193 981 2252 1031 et
2283 991 2374 1030 re-

877 1072 1093 1132 stituit
1121 1093 1264 1132 eam
1293 1075 1504 1142 Iudae,
1530 1081 1873 1151 postquam
1905 1072 2217 1130 dormivit
2259 1090 2374 1130 rex

878 1192 1026 1233 cum
1050 1172 1348 1248 patribus
1377 1171 1535 1231 suis.

975 1272 1166 1330 Anno
1211 1270 1683 1349 quintodecimo
1727 1269 2011 1329 Amasiae
2051 1269 2186 1343 filii
2225 1270 2374 1327 Joas

883 1370 1052 1444 reyis
1070 1370 1246 1430 ,luda
1275 1370 1596 1444 reynavit,
1622 1366 1684 1428 id
1717 1374 1833 1442 est,
1860 1365 2054 1447 coepit
2084 1384 2371 1445 regnare,

881 1468 1211 1528 Jeroboam
1253 1467 1436 1542 filius
1473 1470 1623 1527 Joas
1664 1468 1832 1542 reyis
1878 1468 2084 1525 Israel
2131 1466 2205 1524 in
2248 1467 2373 1525 Sa-

886 1567 1127 1633 maria,
1157 1565 1600 1643 quadrayinta
1637 1574 1696 1623 et
1733 1583 1862 1623 uno
1901 1583 2096 1633 αηηο,
2129 1572 2191 1623 et
2221 1564 2375 1642 fecit

885 1666 1058 1743 quod
1104 1667 1350 1723 malum
1393 1672 1483 1722 est
1521 1682 1736 1723 coram
1765 1663 2062 1723 Domino,
2099 1665 2245 1724 Non
2279 1682 2376 1721 re-

2483 770 2659 833 tione
2690 771 3035 853 sepulturae
3064 772 3379 834 diceretur
3408 772 3487 834 de
3514 772 3691 833 Geth.

2562 870 2741 933 Circa
2769 871 2901 933 haec
2921 871 3229 952 Josephus
3262 870 3482 934 scribit
3508 870 3699 932 :Huic
3717 869 3970 932 Jerobo-

2483 988 2585 1030 am
2618 969 3025 1050 prophetavit
3052 971 3262 1046 JonaS,
3286 970 3455 1051 quod
3486 976 3797 1051 oporteret
3818 987 3967 1031 eum

2482 1068 2743 1132 vincere
2788 1067 2997 1151 Syros,
3032 1077 3095 1132 et
3142 1088 3405 1149 regnum
3450 1067 3771 1151 proprium
3812 1068 3971 1129 dila·

2484 1175 2638 1243 tare,
2675 1168 2741 1228 in
2785 1167 3073 1249 partibus
3110 1168 3369 1249 quidem
3412 1166 3729 1250 aquilonis
3762 1185 3968 1249 usque

2483 1266 2560 1328 ad
2583 1266 2809 1329 Emath
2844 1266 3198 1341 civitatem3
3228 1286 3265 1329 a
3294 1266 3557 1329 meridie
3587 1284 3735 1329 vero
3764 1283 3969 1347 usque

2482 1365 2562 1427 ad
2592 1365 3013 1447 Asphaltiten,
3050 1365 3113 1427 id
3144 1373 3242 1427 est
3275 1365 3584 1429 Mortuum
3618 1382 3811 1427 mare.
3843 1364 3969 1425 An-

2485 1463 2752 1544 tiquitus
2790 1463 2965 1526 enim
3007 1464 3073 1526 hi
3114 1472 3294 1527 erant
3334 1463 3586 1527 termini
3629 1462 3969 1525 Chananae-

2482 1581 2690 1626 orum.
2727 1563 3179 1625 Verumtamen
3219 1562 3357 1626 istae
3404 1560 3750 1646 prophetias
3794 1561 3969 1624 Jonae

2485 1679 2611 1724 non
2647 1661 2962 1724 habentur
2995 1661 3059 1723 in
3093 1661 3259 1725 libro
3290 1660 3514 1743 ipsiuS,
3534 1661 3647 1743 qui
3676 1670 3773 1724 est
3802 1661 3969 1723 inter

885 1763 1067 1821 cessit
1105 1763 1184 1822 ab
1229 1762 1524 1821 omnibus
1559 1763 1836 1837 peccatis
1874 1762 2207 1821 Jeroboam
2240 1762 2375 1837 filii
2486 1760 2683 1823 libros
2731 1760 3069 1823 duodecim
3118 1760 3594 1842 Prophetarum,
3639 1759 3791 1841 quia
3836 1777 3969 1821 non

887 1862 1123 1930 Nubat,
1155 1862 1272 1939 qui
1291 1879 1553 1936 pecca-re
1579 1860 1734 1936 feeit
1764 1862 1988 1919 Israel.
2023 1862 2169 1937 Ipse
2198 1860 2374 1919 resti·
2410 1859 2457 1922 B
2485 1859 2698 1923 omnia
2728 1859 2867 1941 ejus
2900 1860 3093 1922 verba
3122 1868 3185 1922 et
3211 1866 3387 1938 gesta
3416 1858 3775 1941 conscripta
3792 1867 3964 1920 sunt.

889 1960 1015 2019 tuit
1039 1961 1340 2019 terminos
1364 1960 1589 2030 Israel,
1609 1957 1727 2021 hoc
1749 1965 1865 2034 est,
1884 1957 2022 2020 loca
2042 1976 2115 2020 ac
2136 1957 2374 2040 oppida
2482 1958 2657 2021 Patet
2689 1976 2947 2040 quoque
2977 1976 3054 2021 ex
3084 1957 3207 2035 his,
3243 1958 3414 2040 quod
3443 1958 3631 2020 Jonas
3663 1957 3971 2038 propheta

889 2054 1188 2119 Israelitis
1210 2054 1420 2120 ablata
1440 2075 1552 2138 per
1575 2056 1761 2138 Syros
1793 2064 1901 2118 aut
1930 2056 2102 2125 alios,
2119 2074 2375 2137 recupe-

889 2154 1052 2218 ravit
1073 2155 1165 2217 eis
1189 2173 1300 2235 per
1323 2154 1511 2232 bella,
1532 2158 1610 2215 ab
1633 2158 1907 2215 introitu
1933 2157 2170 2216 Emath
2189 2175 2211 2213 .·
2232 2172 2375 2235 quae

886 2253 1234 2315 secundum
1280 2251 1606 2316 Rabanum
1649 2252 2008 2335 Epiphania
2051 2270 2376 2333 nuncupa-

889 2360 1012 2429 tur,
1038 2358 1100 2414 et
1130 2352 1321 2415 etiam
1349 2351 1716 2427 Antiochia3
1743 2373 1941 2432 usque
1960 2355 2048 2411 ad
2067 2372 2246 2411 mare
2266 2355 2376 2412 So-

890 2452 1302 2521 litudinis,id
1334 2461 1428 2515 est
1459 2470 1633 2514 mare
1663 2451 1972 2514 Mortuum
1991 2476 2006 2525 3
2027 2453 2235 2529 juxta
2254 2472 2378 2512 ser-

893 2570 1140 2611 monem
1170 2552 1441 2611 Domini
1479 2553 1601 2611 Dei
1643 2554 1869 2624 Israel,
1903 2572 2086 2631 quem
2130 2555 2377 2612 locutus

890 2658 978 2708 est
1003 2668 1121 2725 per
1149 2669 1403 2709 servum
1433 2668 1622 2709 suum
1659 2653 1894 2711 ,Ionam
1930 2651 2150 2727 fitium
2180 2652 2379 2710 Ama-

897 2748 1016 2817 mi,
1049 2746 1168 2808 hoc
1199 2753 1294 2809 est
1324 2746 1631 2823 veritatis,
1657 2748 2061 2825 prophetam.
2096 2746 2213 2821 Qui
2255 2745 2380 2809 fuit

897 2863 1054 2926 puer
1095 2863 1285 2926 quem
1331 2845 1660 2909 suscitavit
1696 2846 1886 2923 Elias,
1918 2846 2098 2927 juxta
2139 2846 2381 2927 praeha-

896 2942 1030 3005 bita
1065 2960 1079 3004 :
1115 2950 1176 3006 et
1204 2944 1409 3006 dictus
1441 2952 1538 3007 cst
1569 2943 1747 3006 silius
1777 2944 2050 3019 Amathi,
2075 2944 2377 3025 quoniam

2485 2055 2843 2120 diutissime
2873 2056 3052 2133 vixit,
3088 2065 3158 2119 ut
3188 2056 3333 2119 elici
3366 2063 3574 2137 potest
3600 2074 3677 2119 ex
3706 2074 3971 2118 numero

2485 2174 2797 2219 annorum
2859 2173 3078 2235 regum
3138 2155 3349 2233 lsrael,
3402 2154 3553 2237 quia
3600 2175 3638 2217 a
3684 2163 3971 2235 tempore

2486 2254 2641 2317 Eliae
2672 2263 2733 2317 et
2764 2254 2980 2316 Achab
3009 2272 3213 2335 usque
3238 2253 3570 2316 Jeroboam
3612 2252 3799 2315 istum
3833 2251 3971 2315 fue-

2490 2361 2640 2415 runt
2669 2352 2933 2434 plurimi
2966 2370 3167 2433 rech.

2568 2450 2853 2533 Denique
2897 2459 3137 2513 tantam
3179 2450 3661 2533 prosperitatem
3700 2449 3971 2514 contulit

2487 2550 2650 2612 Deus
2682 2550 2814 2631 regi
2839 2549 3196 2625 Jeroboam,
3232 2548 3499 2630 ejusque
3538 2548 3793 2631 populo,
3838 2567 3967 2611 non

2490 2656 2749 2730 propter
2778 2668 2997 2712 eorum
3031 2648 3280 2725 merita,
3300 2648 3410 2712 sed
3442 2668 3516 2711 ex
3548 2667 3662 2710 sua
3690 2647 3971 2726 benigni-

2489 2755 2616 2810 tate
2656 2747 2985 2823 immensa,
3032 2766 3159 2828 qua
3197 2746 3643 2810 afflictissimae
3680 2746 3973 2809 Israeliti-

2490 2864 2579 2907 cae
2601 2844 2774 2927 plebi
2804 2844 3162 2919 condoluit3
3186 2853 3251 2907 et
3281 2853 3538 2928 propter
3568 2844 3972 2908 crudelitates

2493 2944 2791 3026 Syrorum
2840 2944 2904 3005 in
2950 2962 3114 3020 cam,
3156 2942 3309 3007 fecit
3352 2942 3524 3026 ipsos
3567 2964 3605 3006 a
3641 2944 3969 3007 Jeroboam

897 3060 972 3106 eo
1011 3043 1334 3121 suscitato,
1371 3052 1571 3107 mater
1613 3064 1726 3107 sua
1769 3044 1929 3107 dixit
1968 3044 2122 3107 Eliae
2158 3062 2171 3107 :
2206 3045 2381 3109 Nunc
2416 3041 2459 3105 C
2490 3041 2827 3106 devastari.
2862 3043 3020 3105 Hinc
3052 3041 3346 3105 subditur
3382 3060 3395 3104 :
3438 3044 3614 3103 Vidit
3640 3043 3809 3104 enim
3842 3046 3969 3104 Do·-

900 3141 966 3203 in
999 3141 1120 3205 isto
1151 3142 1442 3222 cognovi,
1476 3142 1780 3225 quoniam
1811 3143 1908 3205 vir
1940 3143 2049 3205 Dei
2085 3162 2152 3206 es
2195 3153 2285 3221 tu,
2320 3152 2383 3208 et

899 3242 1449 3315 verbumDomini
1484 3242 1550 3304 in
1582 3260 1690 3305 ore
1721 3251 1830 3305 tuo
1862 3262 2082 3305 verum
2113 3251 2221 3306 est.
2256 3246 2383 3314 Qui

897 3351 1036 3401 erat
1085 3343 1162 3400 de
1213 3344 1392 3413 Geth,
1445 3364 1587 3421 quoe
1634 3352 1724 3403 est
1773 3343 1844 3402 in
1893 3345 2151 3420 Hepher
2184 3345 2231 3415 *,
2278 3343 2378 3406 vel

897 3437 1112 3520 Ophir.
1152 3440 1302 3516 Hoc,
1337 3448 1406 3501 ut
1449 3440 1514 3501 in
1557 3440 1942 3503 Scholastica
1981 3440 2249 3503 habetur
2286 3442 2383 3503 hi-

899 3537 1105 3611 storia,
1123 3537 1356 3601 dicitur
1375 3538 1452 3600 ad
1474 3536 1910 3602 differentiam
1941 3539 2203 3602 alterius
2222 3540 2381 3602 Geth

898 3655 1039 3717 quae
1077 3644 1172 3699 est
1213 3636 1278 3698 in
1317 3636 1672 3714 Palaestina,
1705 3646 1768 3700 ct
1799 3647 1894 3700 est
1926 3638 2078 3699 urbs
2107 3638 2385 3701 Philisti-

897 3754 1144 3799 norum.
1181 3735 1290 3799 Hic
1322 3745 1532 3799 autem
1568 3756 1798 3799 nomen
1831 3746 1925 3800 est
1956 3737 2255 3816 regioniS,
2280 3738 2381 3800 vel

896 3836 992 3912 (ut
1040 3834 1240 3916 aliqui
1289 3836 1609 3916 asserunt)
1657 3834 1876 3917 oppidi
1920 3835 1983 3897 in
2029 3844 2198 3898 terra
2245 3855 2384 3917 pro·

897 3932 1242 3996 missionis.
1276 3933 1473 4016 Ophel
1508 3953 1656 3997 vero
1688 3954 1800 3997 seu
1831 3933 2028 4016 Ophir
2058 3935 2178 3997 hoc
2217 3935 2377 4011 locO,

899 4050 1131 4096 nomen
1163 4042 1261 4095 est
1292 4032 1483 4096 turris
1523 4034 1868 4111 nebulosas,
1902 4053 2044 4116 quae
2083 4042 2217 4096 erat
2255 4052 2381 4096 non

903 4130 1090 4210 longe
1120 4150 1157 4192 a
1185 4132 1424 4213 templo
1450 4132 1800 4196 Jerusalem
1836 4150 1848 4194 :
1884 4151 2028 4214 quae
2059 4132 2254 4194 turris
2294 4151 2385 4194 se-

2492 3144 2712 3203 minus
2740 3143 3153 3219 afflictionem
3182 3146 3389 3203 Israel
3419 3163 3713 3203 amaram
3746 3145 3969 3213 nimis,

2489 3251 2548 3302 et
2590 3244 2761 3321 quod
2798 3243 3162 3319 consumpti
3202 3251 3427 3311 essent,
3458 3262 3655 3320 usque
3690 3245 3777 3302 ad
3804 3245 3973 3303 clau-

2488 3360 2585 3399 sos
2627 3341 2901 3399 carceris
2936 3351 2997 3402 et
3038 3350 3371 3411 extre-mos,
3402 3350 3461 3401 et
3505 3360 3627 3400 non
3666 3349 3815 3400 esset
3856 3343 3974 3420 qui

2490 3440 2937 3499 auoeiliaretur
2985 3441 3209 3498 Israel.
3256 3440 3390 3501 Nec
3440 3441 3683 3499 locutus
3727 3448 3815 3498 est
3854 3442 3973 3501 Do-

2494 3540 2732 3610 minus,
2758 3547 2830 3597 ut
2860 3540 3093 3597 deteret
3123 3558 3353 3597 nomen
3382 3540 3587 3597 Israel
3614 3540 3695 3597 de
3719 3539 3833 3597 sub
3862 3557 3973 3599 coe-

2494 3641 2575 3707 to,
2598 3640 2707 3696 sed
2735 3638 3019 3698 salvavit
3038 3656 3137 3696 eos
3166 3638 3240 3697 in
3274 3656 3475 3697 manu
3490 3638 3819 3697 Jeroboam
3839 3638 3975 3713 filii

2488 3737 2658 3795 Joas.
2678 3737 2955 3814 Reliqua
2988 3745 3205 3795 autem
3234 3754 3601 3795 sermonum
3617 3737 3971 3807 Jeroboam,

2490 3843 2549 3893 et
2599 3834 2903 3894 universa
2951 3854 3093 3914 quoe
3129 3835 3311 3910 fecit,
3345 3844 3403 3893 et
3448 3833 3768 3910 fortitudo
3806 3834 3974 3911 ejus,

2492 3951 2623 4011 qua
2662 3932 3005 4007 praetiatus
3043 3941 3154 3992 est.
3203 3932 3344 3993 Haec
3392 3930 3585 4013 plana
3630 3937 3798 4006 sunt,
3848 3930 3973 3991 nisi

2492 4032 2665 4112 quod
2711 4029 3022 4112 sequitur,
3054 4040 3113 4090 et
3151 4033 3462 4109 quomodo
3500 4028 3827 4093 Jeroboam
3868 4046 3976 4091 rex

2493 4131 2779 4191 restituit
2810 4132 3203 4190 Damascum
3230 4138 3291 4188 et
3320 4131 3557 4191 Ematlz
3584 4131 3772 4189 Judoe
3800 4128 3871 4187 in
3892 4130 3979 4189 Is-

899 4229 1176 4293 eundum
1210 4228 1493 4292 Glossam
1525 4240 1659 4293 erat
1687 4230 1966 4293 enormis
2005 4230 2385 4311 magnitudi-
2415 4231 2464 4292 D
2494 4233 2657 4299 raet,
2697 4229 2761 4291 id
2804 4236 2920 4305 est,
2967 4228 3157 4290 urbes
3202 4227 3345 4289 illas
3388 4226 3739 4308 praecipuas
3784 4224 3976 4306 Syriae

903 4327 1004 4390 nis
1048 4348 1122 4392 ac
1165 4328 1544 4406 altitudinis,
1579 4329 1750 4393 unde
1778 4337 2000 4393 vocata
2037 4337 2133 4391 est
2160 4327 2381 4410 Ophel,

899 4428 1020 4489 hoc
1062 4435 1158 4489 est
1197 4426 1425 4502 nubea,
1478 4428 1631 4508 quia
1679 4429 1758 4491 ad
1807 4427 2010 4491 nubes
2053 4426 2387 4491 videbatur

902 4526 1261 4606 pertingere
1281 4526 1391 4587 :de
1412 4543 1539 4606 qua
1560 4525 1829 4588 habetur
1851 4528 2017 4608 apud
2040 4526 2384 4604 Michaeam,

903 4622 978 4685 Et
1011 4631 1101 4699 tu,
1120 4624 1313 4685 turris
1343 4623 1563 4705 Gregis
1596 4624 1898 4689 nebulosa
1930 4624 2084 4689 filiae
2116 4625 2289 4703 Sion,
2310 4626 2388 4688 ad

904 4730 968 4785 te
999 4722 1212 4785 veniet
1244 4729 1519 4803 potestas
1551 4723 1779 4805 prima,
1817 4742 2076 4804 regnum
2113 4724 2271 4788 filiae
2296 4725 2390 4788 Je-

905 4820 1203 4883 rusalem.
1227 4820 1532 4883 Praeterea
1561 4821 1884 4902 quaeritur,
1912 4822 2186 4903 qualiter
2203 4824 2390 4887 Jonas

909 4919 1028 4983 istc
1072 4919 1321 4983 dicatur
1367 4919 1447 4981 de
1487 4917 1668 4997 Geth,
1705 4920 1759 4982 si
1807 4919 1982 4983 filius
2020 4921 2146 4985 fuit
2182 4922 2391 4987 viduae

909 5018 974 5080 in
1009 5018 1270 5100 Sarepta
1300 5017 1458 5081 urbe
1488 5016 1914 5082 Sidoniorum.
1949 5020 2044 5082 Ad
2081 5022 2252 5102 quod
2284 5040 2393 5103 po-

907 5116 1056 5178 terit
1087 5117 1482 5198 responderi,
1518 5118 1692 5199 quod
1725 5116 1940 5181 forsan
1973 5138 2048 5181 ex
2077 5128 2256 5201 parte
2285 5139 2395 5202 pa-

909 5213 1023 5276 tris
1055 5212 1180 5276 fuit
1211 5215 1290 5277 de
1316 5213 1498 5293 Geth,
1535 5216 1637 5280 vel
1673 5214 1919 5279 ratione
1955 5216 2389 5297 habitationiS,

911 5313 1011 5377 vel
1061 5314 1161 5393 (ut
1211 5312 1408 5396 aliqui
1458 5314 1710 5396 dicunt)
1750 5315 1905 5398 quia
1955 5316 2244 5401 sepultus
2298 5325 2395 5382 est

2496 4345 2690 4407 regno
2719 4327 2908 4390 Israel
2942 4326 3245 4403 subdidit,
3270 4324 3562 4407 quamvis
3588 4343 3715 4389 non
3748 4324 3856 4387 diu
3887 4343 3978 4386 re-

2496 4447 2693 4510 gnum
2724 4428 2884 4490 illud
2918 4426 3195 4490 tenuerit
3232 4445 3358 4489 eas,
3395 4428 3623 4487 Nonne
3660 4428 3792 4487 lzoec
3827 4426 3980 4483 scri-

2488 4537 2607 4605 pta
2626 4536 2775 4587 sunt
2796 4529 2867 4587 in
2892 4528 3053 4586 libro
3073 4528 3459 4587 Sermonum
3479 4526 3735 4583 dierum
3754 4542 3979 4599 reyum

2496 4628 2749 4687 Israel?
2778 4626 3230 4705 Dormivitque
3246 4625 3577 4685 Jeroboam
3605 4643 3752 4682 cum
3772 4622 3980 4698 patri—

2497 4726 2610 4785 bus
2638 4726 2777 4785 suis
2806 4725 3059 4801 reyibus
3079 4726 3312 4792 Israel,
3336 4732 3395 4783 et
3425 4722 3721 4798 reynavit
3740 4722 3980 4780 Zacha—

2494 4824 2634 4884 rias
2659 4824 2843 4901 filius
2870 4824 3011 4900 ejus
3030 4842 3154 4899 pro
3182 4841 3271 4882 eo,

2579 4920 2894 4985 Moraliter
2938 4940 3015 4983 ex
3060 4919 3182 4982 isto
3223 4920 3526 4982 docemur
3566 4916 3866 4999 capitulo,
3900 4917 3977 4979 ad
4062 4945 4231 4989 Sem,

2500 5029 2739 5103 quanta
2782 5020 2941 5083 vitia
2982 5028 3046 5083 et
3086 5019 3353 5083 adversa
3392 5016 3747 5099 praecipitet
3788 5015 3983 5079 homi·
4008 5010 4207 5052 ¹¹¹⁰ffl³⁵=

2501 5139 2647 5183 nem
2679 5118 3050 5182 dominandi
3084 5115 3304 5193 libido,
3340 5124 3403 5179 et
3432 5116 3638 5179 cordis
3668 5113 3878 5191 elatio,
3913 5123 3981 5176 ut

2504 5227 2677 5303 patet
2710 5219 2775 5281 in
2807 5217 3061 5281 Amasia
3092 5214 3355 5299 praefato
3400 5233 3414 5277 :
3458 5233 3645 5296 quem
3685 5213 3867 5276 multi
3898 5232 3985 5275 se-

2504 5325 2810 5399 quuntur,
2844 5315 2957 5399 qui
2998 5316 3067 5378 in
3100 5314 3424 5398 principio
3461 5313 3559 5375 sui
3594 5312 3985 5396 principatus
