4309 6259
596 1945 666 1984 xv,
684 1933 751 1974 27.

594 2217 661 2260 33.

894 482 1010 546 130

1366 501 1714 547 ENARRATIO
1758 501 1819 546 IN
1861 501 1997 546 cat».
2045 502 2105 546 vl
2148 499 2306 544 LIBRI
2346 499 2516 544 Pium
2557 500 3088 548 PARALIPORENON.
3133 521 3214 531 —
3253 503 3395 548 ΛΒΤ.
3441 502 3502 548 vl

886 690 976 747 sa,
1012 689 1127 735 nec
1156 670 1472 749 RabanuS‚
1500 690 1615 735 nec
1646 671 1882 753 aliquis
1913 671 2237 753 expositor
2265 690 2371 734 au·
2403 668 2454 729 A
2561 677 2992 755 Reliquerunt
3019 686 3236 737 autem
3265 675 3604 739 Dominum
3629 679 3836 736 Deum
3856 692 3975 750 pa-

884 768 1200 832 thenticus
1244 789 1437 851 quem
1469 769 1623 846 vidi,
1656 769 1812 832 dicit
1852 769 2007 832 istos
2049 770 2250 834 fuisse
2294 774 2372 834 de

884 865 1043 928 filiis
1075 867 1286 944 Israel,
1311 869 1423 930 sed
1451 868 1529 930 de
1557 868 1889 930 ismaelitis
1927 886 1941 931 :
1978 868 2121 932 ideo
2154 870 2221 930 in
2253 870 2374 934 hoc

884 982 1013 1026 non
1060 975 1242 1028 erant
1280 965 1521 1029 Hebraei
1571 965 1912 1030 Catholicis
1964 967 2368 1049 praeferendi,

882 1083 1081 1145 quum
1113 1074 1176 1127 et
1203 1064 1511 1128 Catholici
1544 1065 1677 1127 haec
1707 1065 1850 1145 jure
1878 1075 2218 1148 exponant.

972 1165 1351 1244 Traditique
1377 1174 1529 1224 sunt
1562 1166 1635 1223 in
1678 1185 1913 1224 manus
1949 1185 2172 1226 eorum
2201 1169 2376 1244 Αθα-

880 1264 1041 1329 reni.
1066 1271 1125 1322 et
1154 1264 1449 1322 universi
1466 1265 1583 1343 qui
1601 1265 1871 1339 fuerant
1898 1283 2047 1325 eum
2075 1266 2374 1345 eis‚·quia

881 1362 1091 1420 Deum
1138 1362 1603 1421 invocaverunt
1664 1359 1789 1421 filii
1848 1360 2071 1423 Ruben
2100 1366 2187 1424 ‘et
2241 1362 2370 1425 Gad

882 1479 1085 1537 quum
1128 1461 1619 1537 proeliarentur.
1670 1458 1897 1540 Sicque
1946 1459 2013 1521 in
2065 1469 2210 1523 actu
2258 1481 2372 1544 pu-

884 1555 1121 1636 gnandi
1182 1564 1363 1618 erant
1412 1557 1540 1619 Deo
1588 1555 1841 1634 intenti,
1896 1557 2137 1621 similes
2194 1559 2372 1622 Judae

883 1653 1237 1718 Machabaeo
1284 1663 1349 1717 et
1394 1654 1815 1735 adjutoribuS,
1866 1656 1947 1718 de
1992 1657 2228 1739 quibus
2278 1677 2374 1722 se-

886 1754 1099 1815 cundo
1142 1753 1637 1816 Machabaeorum
1687 1753 1939 1833 legitur,
1994 1757 2166 1836 quod
2224 1776 2376 1820 con-

888 1949 1185 2012 cordibus
1235 1957 1446 2013 autem
1501 1950 1837 2013 Dominum
1888 1962 2241 2016 exorantes.
2291 1960 2373 2019 Ec

884 2050 1201 2110 eoeaudivi
1206 2060 1228 2111 t
1245 2069 1365 2118 eos,
1388 2069 1457 2109 eo
1476 2053 1648 2129 quod
1674 2051 2093 2112 credidissent
2114 2054 2186 2113 in
2205 2075 2368 2118 eum.

634 2151 858 2204 Febr-1¹.
887 2146 1041 2208 Nam
1072 2146 1282 2210 Sancti
1314 2165 1427 2228 per
1466 2146 1661 2210 fidem
1696 2148 1987 2212 vicerunt
2018 2169 2234 2230 regna.
2269 2155 2375 2214 Ce-

876 2256 1243 2326 peruntque
1271 2248 1492 2306 omnia
1533 2267 1675 2326 quce
1712 2251 2151 2325 possederant,
2180 2271 2376 2311 came·

884 2350 1096 2406 lorum
1126 2347 1609 2424 quinquaqinta
1638 2347 1878 2416 millia,
1910 2357 1970 2406 et
2006 2351 2230 2410 ovium
2259 2354 2377 2410 du-

880 2453 1065 2505 centa
1122 2444 1605 2523 quinquaqinta
1666 2445 1911 2514 millia,
1967 2448 2184 2508 asinos
2244 2453 2374 2512 duo

882 2543 976 2602 mi
982 2543 1117 2612 ilia,
1132 2551 1191 2602 et
1212 2542 1470 2602 animas
1487 2543 1827 2604 hominum
1847 2553 2105 2606 centum
2139 2549 2369 2613 millia.

898 2641 1239 2700 Vulnerati
1277 2648 1492 2700 autem
1540 2641 1737 2700 multi
1774 2653 2180 2705 corruerunt.
2216 2649 2375 2709 Fuit

878 2757 953 2797 en
962 2739 1055 2798 im
1074 2739 1310 2798 bellum
1332 2738 1614 2798 Domini.
1636 2739 2238 2820 Habitaveruntque
2252 2764 2372 2821 pro

877 2837 991 2907 eis,
1026 2835 1091 2897 id
1124 2842 1220 2898 est
1253 2835 1321 2896 in
1361 2844 1527 2897 terra
1564 2837 2021 2914 Agarenorum‚
2056 2860 2258 2921 usque
2286 2847 2373 2903 ad

879 2935 1539 3011 transmiyrationem‚
1592 2933 1658 2994 id
1708 2941 1824 3011 est,
1860 2954 2198 3018 quousque
2254 2958 2371 3022 pro

880 3030 1013 3092 suis
1038 3030 1401 3094 excessibus
1428 3031 1645 3094 traditi
1676 3040 1828 3094 sunt
1854 3032 2158 3116 Assyriis,

962 3131 1128 3191 Filii
1168 3150 1414 3210 quoque
1460 3131 1759 3192 dimidiae
1812 3134 2019 3192 tribus
2067 3137 2372 3198 Manasse

868 3231 1287 3306 possederunt
1320 3239 1557 3292 terram
1586 3250 1628 3290 a
1654 3232 1898 3306 finibus
1919 3234 2141 3293 Basan
2163 3255 2371 3314 usque

876 3329 965 3386 ad
1007 3330 1203 3398 Baal,
1248 3331 1559 3398 Hermon,
1600 3338 1660 3389 et
1706 3330 1936 3401 Sanir,
1982 3341 2041 3391 et
2090 3343 2368 3396 montem

880 3427 1165 3487 Hermon
1185 3446 1209 3487 .·
1229 3429 1455 3503 ingens
1483 3427 1719 3506 quippe
1746 3447 2060 3489 numerus
2097 3442 2258 3493 erat.
2281 3435 2368 3494 Et

877 3523 952 3581 hi
993 3524 1271 3600 fuerunt
1310 3526 1643 3602 principes
1689 3527 1919 3586 domus
1966 3531 2368 3605 coynationis

874 3646 1097 3688 eorum
1126 3647 1149 3686 .·
1186 3629 1423 3705 Eplter,
1469 3629 1622 3699 lesi,
1668 3637 1727 3687 et
1766 3630 1964 3701 Etiel,
2009 3631 2259 3705 Ezriel,
2306 3644 2366 3695 et

870 3725 1180 3794 Ieremia,
1209 3735 1269 3786 et
1302 3725 1531 3794 odoia,
1565 3734 1624 3785 et
1664 3728 1893 3799 lediel,
1926 3729 2061 3787 viri
2088 3729 2366 3806 fortissi-

872 3825 970 3882 mi
996 3833 1057 3883 et
1077 3833 1389 3901 potentes,
1408 3833 1467 3884 et
1495 3825 1821 3884 nominati
1849 3828 2039 3886 duces
2068 3828 2142 3886 in
2173 3829 2366 3903 fami-

872 3921 983 3980 liis
1010 3922 1167 3982 suis.
1192 3922 1423 3984 Textus
1452 3919 1912 3986 difficultatem
1944 3941 2071 3986 non
2106 3924 2318 3988 habet.

2485 781 2657 834 trum
2685 795 2974 844 suorum,
3023 793 3135 855 per
3177 773 3410 837 mentis
3451 773 3847 837 aversionem
3889 770 3974 833 ab

2484 868 2645 951 ipso,
2681 879 2744 934 et
2774 890 2886 953 per
2916 872 3152 935 divinae
3180 872 3338 952 legis
3372 870 3968 952 transgressionem.

2489 971 2570 1030 Et
2596 971 2914 1047 fornicati
2940 981 3093 1032 sunt
3107 982 3249 1048 post
3269 975 3414 1032 deos
3435 974 3832 1050 populorum
3855 978 3976 1035 ter-

2482 1087 2597 1137 rae,
2628 1088 2783 1146 quos
2825 1070 3091 1129 abstulit
3123 1070 3438 1130 Dominus
3477 1088 3692 1128 coram
3719 1069 3811 1126 eis
3845 1087 3869 1126 .·
3905 1064 3974 1126 id

2483 1173 2599 1242 est,
2659 1165 2783 1227 diis
2840 1166 3126 1246 gentium
3184 1166 3382 1248 impie
3439 1166 3842 1229 adhaeserunt
3896 1183 3974 1226 ac

2484 1265 2858 1342 servierunt,
2893 1265 3064 1347 quod
3109 1275 3205 1328 est
3236 1265 3575 1329 fornicatio
3617 1263 3974 1346 spiritualis

2482 1372 2546 1425 et
2575 1363 2958 1426 adulterium
3003 1364 3254 1440 animae,
3287 1383 3592 1447 sponsum
3627 1363 3823 1426 Deum
3866 1363 3974 1424 de-

2482 1462 2772 1539 serentiS,
2805 1470 2996 1544 atque
3040 1462 3438 1534 daemonibus
3481 1460 3967 1532 consentientiS,

2482 1558 2716 1640 quibus
2746 1580 2814 1624 se
2843 1563 3376 1644 constuprandam
3407 1560 3688 1643 exponit.
3717 1563 3806 1622 Et
3833 1581 3975 1621 sus-

2481 1660 2708 1720 citavit
2751 1663 2923 1721 Deus
2963 1664 3171 1722 Israel
3213 1661 3526 1740 spiritum
3571 1663 3752 1723 Plzul
3801 1661 3974 1736 reyis

2482 1759 2920 1833 Assyriorum,
2936 1769 2996 1819 et
3013 1761 3322 1836 spiritum
3351 1760 3970 1836 Theyzamphazasar
4029 1841 4032 1845 ¹

644 1868 681 1910 11
704 1865 858 1910 uach.
886 1851 1087 1930 gressi
1137 1860 1288 1914 sunt
1337 1851 1631 1914 manibus
1680 1852 1939 1933 quidem
1987 1864 2368 1936 pugnanteS‚
2409 1853 2454 1914 B
2484 1858 2651 1932 reglis
2679 1860 2907 1929 Assur,
2944 1857 3007 1919 id
3037 1865 3152 1934 est,
3189 1857 3544 1920 voluntates
3575 1876 3686 1919 seu
3717 1856 3969 1919 animas

2485 1971 2700 2034 regum
2747 1953 3014 2018 istorum
3075 1956 3402 2036 instigavit
3457 1957 3536 2020 ad
3585 1955 3970 2038 impugnan-

2484 2053 2635 2114 dum
2682 2053 2912 2135 impios
2957 2054 3103 2116 illos
3148 2053 3321 2116 filios
3350 2053 3538 2118 Israel
3572 2054 3966 2118 idololatras.

2483 2153 2568 2212 Et
2597 2153 2904 2212 abstulit*
2945 2155 3173 2215 Ruben
3218 2163 3278 2214 et
3325 2156 3468 2214 Gad
3509 2164 3569 2214 et
3615 2155 3972 2214 dimidiam

2425 2292 2436 2298 .
2487 2251 2725 2310 tribum
2766 2253 3083 2312 Manasse.
3131 2251 3200 2313 In
3249 2260 3559 2332 quantum
3609 2251 3780 2314 enim
3843 2249 3972 2313 filii

2484 2347 2672 2410 Israel
2720 2357 3089 2410 meruerunt
3136 2348 3228 2412 sic
3275 2348 3660 2431 impugnari,
3704 2349 3964 2422 vastari,

2487 2445 2842 2523 transferri,
2876 2456 2938 2510 et
2978 2448 3042 2509 in
3081 2456 3394 2529 quantum
3422 2448 3590 2529 juste
3622 2447 3790 2511 facta
3821 2455 3976 2512 sunt

2487 2543 2618 2622 illa,
2649 2546 2814 2608 Deus
2845 2565 2957 2628 per
2989 2565 3056 2609 se
3085 2556 3148 2609 et
3179 2546 3437 2626 angelos
3485 2554 3736 2610 sanctos
3766 2547 3974 2609 movit

2483 2644 2793 2726 AssyrioS,
2829 2652 3133 2726 tanquam
3175 2645 3617 2723 instrumenta,
3653 2664 3870 2710 servos
3909 2655 3976 2710 et

2483 2752 2882 2807 exsecutores
2911 2743 3145 2807 divinae
3173 2744 3437 2825 justitiae
3479 2753 3701 2808 contra
3729 2743 3976 2808 Israeli-

2482 2850 2608 2917 tas3
2642 2841 2710 2903 in
2739 2850 3052 2924 quantum
3081 2860 3233 2906 vero
3264 2841 3503 2925 Assyrii
3541 2861 3844 2925 perversa
3875 2843 3976 2905 in—

2481 2940 2764 3003 tentione
2804 2949 2868 3003 et
2909 2942 3099 3004 corde
3147 2941 3391 3004 crudeli
3422 2941 3771 3023 punierunt
3819 2941 3966 3006 illos

2407 3037 2450 3100 C
2478 3038 2746 3116 Judaeos,
2799 3038 3268 3120 instigabantur
3325 3040 3404 3102 ab
3451 3039 3696 3122 augelis
3749 3040 3962 3118 maliS,

2479 3136 2650 3219 quod
2678 3146 2742 3200 et
2770 3137 3074 3201 Dominus
3116 3137 3492 3221 permissive
3523 3137 3753 3202 fecisse
3795 3159 3966 3202 asse-

2480 3235 2660 3297 ritur.
2684 3238 2772 3298 Et
2799 3238 3083 3298 adduoeit
3111 3257 3211 3297 eos
3242 3239 3315 3300 in
3349 3240 3525 3299 Hala
3553 3247 3613 3298 et
3643 3240 3718 3298 in
3742 3240 3965 3300 Habor-

2475 3345 2535 3395 et
2563 3339 2730 3406 Ara,
2760 3334 2827 3397 id
2865 3344 2982 3413 est,
3016 3335 3084 3397 in
3116 3336 3255 3399 loca
3297 3355 3408 3400 seu
3439 3336 3673 3418 oppida
3715 3336 3808 3400 sic
3853 3356 3962 3401 vo-

2475 3442 2635 3511 cata,
2667 3444 2727 3495 et
2767 3427 3055 3511 fluvium
3097 3437 3344 3506 Gozan,
3374 3435 3438 3497 id
3477 3443 3572 3499 est
3607 3435 3787 3516 juxta
3833 3436 3957 3499 ssu-

2475 3551 2620 3594 men
2651 3532 2743 3596 sic
2770 3541 3230 3614 nuncupatum,
3259 3555 3454 3615 usque
3481 3536 3555 3595 in
3573 3536 3743 3596 diem
3761 3537 3954 3598 hanc.

2474 3631 2945 3708 Verumtamen,
2965 3640 3035 3693 ut
3054 3651 3130 3695 ex
3160 3641 3388 3713 quarto
3405 3633 3642 3712 Regum
3663 3632 3952 3712 habetur,

2471 3729 2626 3790 Phul
2649 3736 2712 3792 et
2724 3729 3329 3812 Theglathphalasar
3349 3750 3529 3812 reges
3548 3731 3954 3814 Assyriorum

2472 3836 2804 3910 coeperunt
2833 3829 2968 3892 haec
3009 3828 3238 3906 facere,
3274 3830 3386 3892 sed
3416 3829 3817 3893 Salmanasar
3847 3852 3960 3896 rex

2470 3928 2667 3989 Assur
2697 3927 2896 4007 magis
2925 3928 3292 4010 complevit.

1998 4355 2650 4441 ARTICULUS
2726 4358 2842 4442 VI

1238 4624 1621 4671 EXPLANATIO
1663 4627 1937 4672 currum
1981 4629 2157 4674 sEx'rl
2201 4629 2214 4673 :
2263 4629 2402 4674 FILII
2447 4631 2579 4674 mvl
2624 4630 2638 4674 :
2684 4631 2940 4690 GERSON,
2987 4631 3190 4678 GAATH
3233 4633 3307 4676 ET
3349 4631 3602 4678 uanam.

987 4904 1165 4964 ILII
1199 4904 1359 4963 Levi
1388 4923 1411 4962 .·
1446 4905 1708 4974 Gerson,
1743 4906 1942 4966 Caatk
1979 4915 2038 4966 et
2078 4907 2350 4967 Merari.
2384 4904 2433 4966 D
2462 4915 2522 4966 et
2551 4907 2824 4967 Phinees
2848 4909 3079 4984 qenuit
3109 4909 3370 4979 Abisue,
3405 4911 3645 4970 Abisue
3683 4931 3828 4972 vero
3851 4933 3960 4990 ye-

1006 5002 1175 5061 Filii
1220 5001 1417 5061 Caath
1452 5023 1473 5061 .·
1506 5005 1808 5073 Amram,
1842 5006 2055 5075 Isaar,
2097 5006 2356 5064 Hebron
2464 5005 2614 5064 nuit
2636 5007 2845 5077 Bocei,
2870 5016 2929 5066 et
2950 5009 3142 5068 Boc-ei
3163 5009 3394 5083 qenuit
3417 5009 3556 5080 Ozi,
3587 5011 3704 5070 Ozi
3723 5015 3961 5086 ,qenuit

864 5110 923 5161 et
958 5101 1156 5160 Oziel.
1190 5100 1359 5158 Filii
1388 5102 1661 5160 Amram
1694 5122 1715 5160 .·
1747 5105 1992 5170 Aaron,
2022 5104 2270 5179 Anoyses
2297 5111 2357 5161 et
2465 5104 2794 5171 Zaraiam,
2813 5114 2872 5164 et
2895 5105 3170 5164 Zaraias
3190 5107 3423 5181 qenuit
3444 5108 3780 5170 Mei-aioth.
3796 5111 3960 5170 Por-

864 5200 1109 5260 Μανία.
1136 5198 1303 5257 Filii
1334 5201 1555 5258 Aaron
1590 5217 1612 5258 .·
1648 5201 1877 5261 Nadab
1904 5209 1963 5260 et
1994 5201 2194 5270 Abiu,
2219 5203 2358 5262 Ece-

860 5317 1026 5356 azar
1052 5305 1111 5356 et
1140 5298 1462 5356 [thamar.
1492 5299 1772 5356 Eleazar
1792 5298 2022 5372 qen-uit
2053 5299 2354 5368 Phinees,

2462 5220 2535 5260 ro
2568 5203 2887 5262 Ilieraioth
2910 5203 3142 5278 ⁸qenuit
3173 5206 3543 5276 Amariam,
3567 5215 3628 5264 et
3647 5207 3957 5268 Amarias

2458 5301 2687 5375 qenuit
2721 5301 3015 5370 Aelaeitob,
3051 5302 3319 5360 Achitob
3349 5305 3580 5378 ¹qenuit
3620 5306 3854 5376 Sadoc,
3896 5317 3958 5368 et

4003 2169 4022 2190 ⁶
4033 2173 4232 2214 transt-151

4013 3646 4070 3690 w
4081 3649 4248 3703 noym,
4278 3619 4279 3622 ’

3993 3715 4014 3754 1
4023 3713 4066 3762 9,
4085 3715 4150 3762 Ξ9;
4165 3726 4250 3759 xm.

3991 3778 4018 3817 3
4039 3783 4085 3819 et
4101 3789 4190 3831 seq.
