<?xml version="1.0" encoding="UTF-8"?>
<!DOCTYPE html PUBLIC "-//W3C//DTD XHTML 1.0 Transitional//EN"
    "http://www.w3.org/TR/xhtml1/DTD/xhtml1-transitional.dtd">
<html xmlns="http://www.w3.org/1999/xhtml" xml:lang="en" lang="en">
 <head>
  <title>
</title>
<meta http-equiv="Content-Type" content="text/html;charset=utf-8" />
  <meta name='ocr-system' content='tesseract 3.04.00' />
  <meta name='ocr-capabilities' content='ocr_page ocr_carea ocr_par ocr_line ocrx_word'/>
</head>
<body>
  <div class='ocr_page' id='page_1' title='image "./doctorisecstati06unkngoog_0632.png"; bbox 0 0 4309 6259; ppageno 0'>
   <div class='ocr_carea' id='block_1_1' title="bbox 634 698 837 749">
    <p class='ocr_par' dir='ltr' id='par_1_1' title="bbox 634 698 837 749">
     <span class='ocr_line' id='line_1_1' title="bbox 634 698 837 749; baseline 0.01 -8"><span class='ocrx_word' id='word_1_1' title='bbox 634 698 696 741; x_wconf 79' lang='lat' dir='ltr'><strong>Ie.</strong></span> <span class='ocrx_word' id='word_1_2' title='bbox 710 711 754 749; x_wconf 77' lang='lat' dir='ltr'><strong>v,</strong></span> <span class='ocrx_word' id='word_1_3' title='bbox 772 700 837 743; x_wconf 83' lang='grc'><strong>18.</strong></span> 
     </span>
    </p>
   </div>
   <div class='ocr_carea' id='block_1_2' title="bbox 596 2871 865 2921">
    <p class='ocr_par' dir='ltr' id='par_1_2' title="bbox 596 2871 865 2921">
     <span class='ocr_line' id='line_1_2' title="bbox 596 2871 865 2921; baseline -0.004 -3"><span class='ocrx_word' id='word_1_4' title='bbox 596 2871 865 2921; x_wconf 63' lang='lat' dir='ltr'><strong>ducebam&amp;</strong></span> 
     </span>
    </p>
   </div>
   <div class='ocr_carea' id='block_1_3' title="bbox 606 3862 871 3915">
    <p class='ocr_par' dir='ltr' id='par_1_3' title="bbox 606 3862 871 3915">
     <span class='ocr_line' id='line_1_3' title="bbox 606 3862 871 3915; baseline 0 -10"><span class='ocrx_word' id='word_1_5' title='bbox 606 3862 671 3907; x_wconf 78' lang='lat' dir='ltr'><strong>le.</strong></span> <span class='ocrx_word' id='word_1_6' title='bbox 684 3874 789 3915; x_wconf 71' lang='lat' dir='ltr'><strong>uvi,</strong></span> <span class='ocrx_word' id='word_1_7' title='bbox 803 3863 871 3905; x_wconf 70' lang='lat'><strong>2⁴.</strong></span> 
     </span>
    </p>
   </div>
   <div class='ocr_carea' id='block_1_4' title="bbox 616 4539 870 4689">
    <p class='ocr_par' dir='ltr' id='par_1_4' title="bbox 616 4539 870 4689">
     <span class='ocr_line' id='line_1_4' title="bbox 638 4539 870 4590; baseline 0.009 -9"><span class='ocrx_word' id='word_1_8' title='bbox 638 4539 717 4582; x_wconf 75' lang='lat' dir='ltr'><strong>Pe.</strong></span> <span class='ocrx_word' id='word_1_9' title='bbox 733 4551 814 4590; x_wconf 80' lang='grc' dir='ltr'><strong>αιι,</strong></span> <span class='ocrx_word' id='word_1_10' title='bbox 830 4542 870 4583; x_wconf 87' lang='grc'><strong>7.</strong></span> 
     </span>
     <span class='ocr_line' id='line_1_5' title="bbox 616 4638 869 4689; baseline 0.004 -8"><span class='ocrx_word' id='word_1_11' title='bbox 616 4638 753 4683; x_wconf 71' lang='lat' dir='ltr'><strong>Pron.</strong></span> <span class='ocrx_word' id='word_1_12' title='bbox 769 4651 813 4689; x_wconf 80' lang='lat' dir='ltr'><strong>x,</strong></span> <span class='ocrx_word' id='word_1_13' title='bbox 828 4641 869 4682; x_wconf 87' lang='grc'><strong>7.</strong></span> 
     </span>
    </p>
   </div>
   <div class='ocr_carea' id='block_1_5' title="bbox 881 494 1001 558">
    <p class='ocr_par' dir='ltr' id='par_1_5' title="bbox 881 494 1001 558">
     <span class='ocr_line' id='line_1_6' title="bbox 881 494 1001 558; baseline 0.017 -1"><span class='ocrx_word' id='word_1_14' title='bbox 881 494 1001 558; x_wconf 81' lang='grc'><strong>598</strong></span> 
     </span>
    </p>
   </div>
   <div class='ocr_carea' id='block_1_6' title="bbox 1732 508 3115 557">
    <p class='ocr_par' dir='ltr' id='par_1_6' title="bbox 1732 508 3115 557">
     <span class='ocr_line' id='line_1_7' title="bbox 1732 508 3115 557; baseline 0 -2"><span class='ocrx_word' id='word_1_15' title='bbox 1732 509 2079 557; x_wconf 54' lang='lat' dir='ltr'><strong>maniano</strong></span> <span class='ocrx_word' id='word_1_16' title='bbox 2121 510 2184 555; x_wconf 77' lang='lat' dir='ltr'><strong>m</strong></span> <span class='ocrx_word' id='word_1_17' title='bbox 2227 510 2364 555; x_wconf 73' lang='lat' dir='ltr'><strong>cAP.</strong></span> <span class='ocrx_word' id='word_1_18' title='bbox 2410 509 2560 556; x_wconf 77' lang='lat' dir='ltr'><strong>xxiv</strong></span> <span class='ocrx_word' id='word_1_19' title='bbox 2600 508 2726 555; x_wconf 76' lang='lat'><strong>1013.</strong></span> <span class='ocrx_word' id='word_1_20' title='bbox 2771 528 2854 539; x_wconf 92' lang='grc'><strong>-</strong></span> <span class='ocrx_word' id='word_1_21' title='bbox 2893 510 3036 555; x_wconf 72' lang='grc' dir='ltr'><strong>ΛΒΤ.</strong></span> <span class='ocrx_word' id='word_1_22' title='bbox 3082 511 3115 556; x_wconf 86' lang='lat'><strong>1.</strong></span> 
     </span>
    </p>
   </div>
   <div class='ocr_carea' id='block_1_7' title="bbox 884 650 3976 764">
    <p class='ocr_par' dir='ltr' id='par_1_7' title="bbox 884 650 3976 764">
     <span class='ocr_line' id='line_1_8' title="bbox 884 650 3976 764; baseline -0 -20"><span class='ocrx_word' id='word_1_23' title='bbox 884 690 1009 744; x_wconf 89' lang='lat' dir='ltr'><strong>tur.</strong></span> <span class='ocrx_word' id='word_1_24' title='bbox 1052 682 1210 745; x_wconf 88' lang='lat' dir='ltr'><strong>Hinc</strong></span> <span class='ocrx_word' id='word_1_25' title='bbox 1251 682 1438 745; x_wconf 85' lang='lat' dir='ltr'><strong>isaias</strong></span> <span class='ocrx_word' id='word_1_26' title='bbox 1480 681 1727 745; x_wconf 82' lang='lat' dir='ltr'>inducit</span> <span class='ocrx_word' id='word_1_27' title='bbox 1768 698 1782 742; x_wconf 80' lang='lat' dir='ltr'><strong>t</strong></span> <span class='ocrx_word' id='word_1_28' title='bbox 1817 679 1925 743; x_wconf 80' lang='lat' dir='ltr'><strong>Vae</strong></span> <span class='ocrx_word' id='word_1_29' title='bbox 1966 681 2077 762; x_wconf 90' lang='lat' dir='ltr'><strong>qui</strong></span> <span class='ocrx_word' id='word_1_30' title='bbox 2118 680 2372 743; x_wconf 79' lang='lat' dir='ltr'><strong>trahitis</strong></span> <span class='ocrx_word' id='word_1_31' title='bbox 2399 676 2452 739; x_wconf 83' lang='grc' dir='ltr'><strong>Α</strong></span> <span class='ocrx_word' id='word_1_32' title='bbox 2482 650 2828 759; x_wconf 80' lang='lat' dir='ltr'><strong>excidetur,</strong></span> <span class='ocrx_word' id='word_1_33' title='bbox 2861 692 2926 745; x_wconf 82' lang='lat' dir='ltr'><strong>et</strong></span> <span class='ocrx_word' id='word_1_34' title='bbox 2960 683 3026 745; x_wconf 91' lang='lat' dir='ltr'><strong>in</strong></span> <span class='ocrx_word' id='word_1_35' title='bbox 3069 681 3279 764; x_wconf 84' lang='lat' dir='ltr'><strong>ignem</strong></span> <span class='ocrx_word' id='word_1_36' title='bbox 3317 680 3622 743; x_wconf 81' lang='lat' dir='ltr'><strong>mittetur.</strong></span> <span class='ocrx_word' id='word_1_37' title='bbox 3655 680 3730 742; x_wconf 94' lang='lat' dir='ltr'><strong>Et</strong></span> <span class='ocrx_word' id='word_1_38' title='bbox 3765 682 3976 764; x_wconf 86' lang='lat' dir='ltr'><strong>loqui-</strong></span> 
     </span>
    </p>
   </div>
   <div class='ocr_carea' id='block_1_8' title="bbox 882 779 2380 1851">
    <p class='ocr_par' dir='ltr' id='par_1_8' title="bbox 882 779 2372 962">
     <span class='ocr_line' id='line_1_9' title="bbox 883 779 2372 862; baseline -0.001 -19"><span class='ocrx_word' id='word_1_39' title='bbox 883 780 1287 862; x_wconf 90' lang='lat' dir='ltr'><strong>iniquitatem</strong></span> <span class='ocrx_word' id='word_1_40' title='bbox 1320 781 1385 843; x_wconf 91' lang='lat' dir='ltr'><strong>in</strong></span> <span class='ocrx_word' id='word_1_41' title='bbox 1418 780 1726 843; x_wconf 90' lang='lat' dir='ltr'><strong>funiculis</strong></span> <span class='ocrx_word' id='word_1_42' title='bbox 1758 780 2078 857; x_wconf 82' lang='lat' dir='ltr'><strong>vanitatiS,</strong></span> <span class='ocrx_word' id='word_1_43' title='bbox 2098 788 2162 843; x_wconf 89' lang='lat' dir='ltr'><strong>et</strong></span> <span class='ocrx_word' id='word_1_44' title='bbox 2189 779 2372 861; x_wconf 86' lang='lat' dir='ltr'><strong>quasi</strong></span> 
     </span>
     <span class='ocr_line' id='line_1_10' title="bbox 882 878 1897 962; baseline -0.002 -20"><span class='ocrx_word' id='word_1_45' title='bbox 882 878 1211 943; x_wconf 90' lang='lat' dir='ltr'><strong>vinculum</strong></span> <span class='ocrx_word' id='word_1_46' title='bbox 1244 880 1513 962; x_wconf 83' lang='lat' dir='ltr'><strong>plaustri</strong></span> <span class='ocrx_word' id='word_1_47' title='bbox 1544 887 1897 961; x_wconf 89' lang='lat' dir='ltr'><strong>peccatum.</strong></span> 
     </span>
    </p>

    <p class='ocr_par' dir='ltr' id='par_1_9' title="bbox 882 978 2380 1851">
     <span class='ocr_line' id='line_1_11' title="bbox 974 978 2370 1056; baseline -0.003 -15"><span class='ocrx_word' id='word_1_48' title='bbox 974 980 1407 1041; x_wconf 80' lang='lat' dir='ltr'><strong>Obliviscatur</strong></span> <span class='ocrx_word' id='word_1_49' title='bbox 1444 980 1585 1056; x_wconf 81' lang='lat' dir='ltr'><strong>ejus</strong></span> <span class='ocrx_word' id='word_1_50' title='bbox 1630 979 2101 1048; x_wconf 75' lang='lat' dir='ltr'><strong>misericordia,</strong></span> <span class='ocrx_word' id='word_1_51' title='bbox 2147 978 2211 1040; x_wconf 91' lang='lat' dir='ltr'><strong>id</strong></span> <span class='ocrx_word' id='word_1_52' title='bbox 2253 985 2370 1054; x_wconf 87' lang='lat' dir='ltr'><strong>est,</strong></span> 
     </span>
     <span class='ocr_line' id='line_1_12' title="bbox 882 1076 2378 1159; baseline -0.002 -19"><span class='ocrx_word' id='word_1_53' title='bbox 882 1078 1045 1141; x_wconf 90' lang='lat' dir='ltr'><strong>Deus</strong></span> <span class='ocrx_word' id='word_1_54' title='bbox 1088 1096 1235 1139; x_wconf 90' lang='lat' dir='ltr'><strong>eum</strong></span> <span class='ocrx_word' id='word_1_55' title='bbox 1286 1096 1321 1139; x_wconf 92' lang='lat' dir='ltr'><strong>a</strong></span> <span class='ocrx_word' id='word_1_56' title='bbox 1368 1077 1577 1159; x_wconf 88' lang='lat' dir='ltr'><strong>poenis</strong></span> <span class='ocrx_word' id='word_1_57' title='bbox 1626 1095 1741 1159; x_wconf 90' lang='lat' dir='ltr'><strong>per</strong></span> <span class='ocrx_word' id='word_1_58' title='bbox 1790 1096 1969 1138; x_wconf 90' lang='lat' dir='ltr'><strong>suam</strong></span> <span class='ocrx_word' id='word_1_59' title='bbox 2020 1076 2378 1140; x_wconf 89' lang='lat' dir='ltr'><strong>misericor-</strong></span> 
     </span>
     <span class='ocr_line' id='line_1_13' title="bbox 884 1156 2378 1257; baseline -0.003 -17"><span class='ocrx_word' id='word_1_60' title='bbox 884 1177 1055 1240; x_wconf 85' lang='lat' dir='ltr'><strong>diam</strong></span> <span class='ocrx_word' id='word_1_61' title='bbox 1101 1195 1429 1257; x_wconf 88' lang='lat' dir='ltr'><strong>nunquam</strong></span> <span class='ocrx_word' id='word_1_62' title='bbox 1473 1174 1705 1257; x_wconf 88' lang='lat' dir='ltr'><strong>eripiat</strong></span> <span class='ocrx_word' id='word_1_63' title='bbox 1753 1192 1767 1236; x_wconf 94' lang='lat'><strong>:</strong></span> <span class='ocrx_word' id='word_1_64' title='bbox 1814 1193 1944 1256; x_wconf 88' lang='lat' dir='ltr'><strong>quo</strong></span> <span class='ocrx_word' id='word_1_65' title='bbox 1989 1174 2186 1238; x_wconf 88' lang='lat' dir='ltr'><strong>verbo</strong></span> <span class='ocrx_word' id='word_1_66' title='bbox 2233 1156 2378 1237; x_wconf 79' lang='lat' dir='ltr'><strong>con-</strong></span> 
     </span>
     <span class='ocr_line' id='line_1_14' title="bbox 886 1272 2378 1356; baseline -0.002 -18"><span class='ocrx_word' id='word_1_67' title='bbox 886 1274 1179 1338; x_wconf 84' lang='lat' dir='ltr'><strong>funditur</strong></span> <span class='ocrx_word' id='word_1_68' title='bbox 1246 1273 1506 1337; x_wconf 81' lang='lat' dir='ltr'><strong>haeresis</strong></span> <span class='ocrx_word' id='word_1_69' title='bbox 1574 1272 2087 1355; x_wconf 89' lang='lat' dir='ltr'><strong>confingentium</strong></span> <span class='ocrx_word' id='word_1_70' title='bbox 2153 1292 2378 1356; x_wconf 88' lang='lat' dir='ltr'><strong>poenas</strong></span> 
     </span>
     <span class='ocr_line' id='line_1_15' title="bbox 886 1372 2380 1454; baseline 0 -19"><span class='ocrx_word' id='word_1_71' title='bbox 886 1372 1128 1435; x_wconf 89' lang='lat' dir='ltr'><strong>inferni</strong></span> <span class='ocrx_word' id='word_1_72' title='bbox 1173 1373 1521 1454; x_wconf 88' lang='lat' dir='ltr'><strong>aliquando</strong></span> <span class='ocrx_word' id='word_1_73' title='bbox 1572 1372 2022 1435; x_wconf 59' lang='lat' dir='ltr'><strong>terminandas</strong></span> <span class='ocrx_word' id='word_1_74' title='bbox 2068 1373 2188 1435; x_wconf 90' lang='lat' dir='ltr'><strong>Ubi</strong></span> <span class='ocrx_word' id='word_1_75' title='bbox 2230 1372 2380 1435; x_wconf 88' lang='lat' dir='ltr'><strong>Gre-</strong></span> 
     </span>
     <span class='ocr_line' id='line_1_16' title="bbox 886 1470 2379 1553; baseline -0.001 -18"><span class='ocrx_word' id='word_1_76' title='bbox 886 1472 1103 1553; x_wconf 81' lang='lat' dir='ltr'><strong>gorius</strong></span> <span class='ocrx_word' id='word_1_77' title='bbox 1132 1472 1223 1535; x_wconf 51' lang='lat' dir='ltr'><strong>ai&#39;t</strong></span> <span class='ocrx_word' id='word_1_78' title='bbox 1258 1488 1271 1533; x_wconf 91' lang='lat'><strong>:</strong></span> <span class='ocrx_word' id='word_1_79' title='bbox 1304 1470 1771 1553; x_wconf 79' lang='lat' dir='ltr'><strong>omnipotentis</strong></span> <span class='ocrx_word' id='word_1_80' title='bbox 1801 1470 1912 1533; x_wconf 87' lang='lat' dir='ltr'><strong>Dei</strong></span> <span class='ocrx_word' id='word_1_81' title='bbox 1942 1471 2379 1534; x_wconf 79' lang='lat' dir='ltr'><strong>misericordia</strong></span> 
     </span>
     <span class='ocr_line' id='line_1_17' title="bbox 886 1569 2380 1651; baseline -0.002 -17"><span class='ocrx_word' id='word_1_82' title='bbox 886 1570 1291 1634; x_wconf 83' lang='lat' dir='ltr'><strong>obliviscitur</strong></span> <span class='ocrx_word' id='word_1_83' title='bbox 1328 1570 1490 1650; x_wconf 81' lang='lat' dir='ltr'><strong>ejuS,</strong></span> <span class='ocrx_word' id='word_1_84' title='bbox 1525 1570 1637 1650; x_wconf 90' lang='lat' dir='ltr'><strong>qui</strong></span> <span class='ocrx_word' id='word_1_85' title='bbox 1687 1569 1924 1633; x_wconf 90' lang='lat' dir='ltr'><strong>oblitus</strong></span> <span class='ocrx_word' id='word_1_86' title='bbox 1972 1570 2163 1633; x_wconf 87' lang='lat' dir='ltr'><strong>suerit</strong></span> <span class='ocrx_word' id='word_1_87' title='bbox 2195 1570 2380 1651; x_wconf 88' lang='lat' dir='ltr'><strong>justi-</strong></span> 
     </span>
     <span class='ocr_line' id='line_1_18' title="bbox 885 1668 2377 1751; baseline -0.001 -19"><span class='ocrx_word' id='word_1_88' title='bbox 885 1670 1039 1733; x_wconf 88' lang='lat' dir='ltr'><strong>tiam</strong></span> <span class='ocrx_word' id='word_1_89' title='bbox 1070 1670 1200 1731; x_wconf 90' lang='lat' dir='ltr'><strong>Dei.</strong></span> <span class='ocrx_word' id='word_1_90' title='bbox 1223 1669 1373 1731; x_wconf 90' lang='lat' dir='ltr'><strong>Nam</strong></span> <span class='ocrx_word' id='word_1_91' title='bbox 1405 1668 1517 1750; x_wconf 88' lang='lat' dir='ltr'><strong>qui</strong></span> <span class='ocrx_word' id='word_1_92' title='bbox 1548 1669 1743 1731; x_wconf 92' lang='lat' dir='ltr'><strong>Deum</strong></span> <span class='ocrx_word' id='word_1_93' title='bbox 1776 1688 1947 1732; x_wconf 92' lang='lat' dir='ltr'><strong>nunc</strong></span> <span class='ocrx_word' id='word_1_94' title='bbox 1976 1670 2216 1751; x_wconf 89' lang='lat' dir='ltr'><strong>justum</strong></span> <span class='ocrx_word' id='word_1_95' title='bbox 2251 1689 2377 1732; x_wconf 92' lang='lat' dir='ltr'><strong>non</strong></span> 
     </span>
     <span class='ocr_line' id='line_1_19' title="bbox 887 1768 2378 1851; baseline -0.001 -20"><span class='ocrx_word' id='word_1_96' title='bbox 887 1770 1090 1845; x_wconf 91' lang='lat' dir='ltr'><strong>timet,</strong></span> <span class='ocrx_word' id='word_1_97' title='bbox 1124 1775 1345 1851; x_wconf 90' lang='lat' dir='ltr'><strong>postea</strong></span> <span class='ocrx_word' id='word_1_98' title='bbox 1386 1768 1675 1829; x_wconf 90' lang='lat' dir='ltr'><strong>invenire</strong></span> <span class='ocrx_word' id='word_1_99' title='bbox 1714 1788 1859 1831; x_wconf 90' lang='lat' dir='ltr'><strong>eum</strong></span> <span class='ocrx_word' id='word_1_100' title='bbox 1900 1768 2378 1831; x_wconf 84' lang='lat' dir='ltr'><strong>misericordem</strong></span> 
     </span>
    </p>
   </div>
   <div class='ocr_carea' id='block_1_9' title="bbox 2482 780 4256 1058">
    <p class='ocr_par' dir='ltr' id='par_1_10' title="bbox 2482 780 4256 1058">
     <span class='ocr_line' id='line_1_20' title="bbox 2482 780 4256 863; baseline 0.003 -22"><span class='ocrx_word' id='word_1_101' title='bbox 2482 787 2586 841; x_wconf 91' lang='lat' dir='ltr'><strong>tur</strong></span> <span class='ocrx_word' id='word_1_102' title='bbox 2615 780 2902 843; x_wconf 89' lang='lat' dir='ltr'><strong>Christus</strong></span> <span class='ocrx_word' id='word_1_103' title='bbox 2939 800 2953 843; x_wconf 91' lang='lat'><strong>:</strong></span> <span class='ocrx_word' id='word_1_104' title='bbox 2979 781 3041 844; x_wconf 93' lang='lat' dir='ltr'><strong>Si</strong></span> <span class='ocrx_word' id='word_1_105' title='bbox 3073 780 3219 863; x_wconf 88' lang='lat' dir='ltr'><strong>quis</strong></span> <span class='ocrx_word' id='word_1_106' title='bbox 3251 780 3315 842; x_wconf 93' lang='lat' dir='ltr'><strong>in</strong></span> <span class='ocrx_word' id='word_1_107' title='bbox 3347 798 3450 843; x_wconf 88' lang='lat' dir='ltr'><strong>me</strong></span> <span class='ocrx_word' id='word_1_108' title='bbox 3481 798 3605 843; x_wconf 89' lang='lat' dir='ltr'><strong>non</strong></span> <span class='ocrx_word' id='word_1_109' title='bbox 3638 781 3971 855; x_wconf 84' lang='lat' dir='ltr'><strong>manserit,</strong></span> <span class='ocrx_word' id='word_1_110' title='bbox 4027 803 4256 852; x_wconf 57' lang='lat' dir='ltr'><strong>amm.</strong></span> 
     </span>
     <span class='ocr_line' id='line_1_21' title="bbox 2483 870 4048 961; baseline 0.001 -22"><span class='ocrx_word' id='word_1_111' title='bbox 2483 879 2772 941; x_wconf 88' lang='lat' dir='ltr'><strong>mittetur</strong></span> <span class='ocrx_word' id='word_1_112' title='bbox 2805 878 2975 943; x_wconf 82' lang='lat' dir='ltr'><strong>foras</strong></span> <span class='ocrx_word' id='word_1_113' title='bbox 3008 880 3173 942; x_wconf 91' lang='lat' dir='ltr'><strong>sicut</strong></span> <span class='ocrx_word' id='word_1_114' title='bbox 3201 878 3464 961; x_wconf 79' lang='lat' dir='ltr'><strong>palmeS,</strong></span> <span class='ocrx_word' id='word_1_115' title='bbox 3499 886 3560 941; x_wconf 88' lang='lat' dir='ltr'><strong>et</strong></span> <span class='ocrx_word' id='word_1_116' title='bbox 3591 888 3866 959; x_wconf 83' lang='lat' dir='ltr'><strong>arescet3</strong></span> <span class='ocrx_word' id='word_1_117' title='bbox 3909 888 3976 941; x_wconf 90' lang='lat' dir='ltr'><strong>et</strong></span> <span class='ocrx_word' id='word_1_118' title='bbox 4005 870 4048 911; x_wconf 79' lang='lat'><strong>⁶·</strong></span> 
     </span>
     <span class='ocr_line' id='line_1_22' title="bbox 2484 977 3724 1058; baseline -0.001 -19"><span class='ocrx_word' id='word_1_119' title='bbox 2484 977 2788 1058; x_wconf 80' lang='lat' dir='ltr'><strong>colligent</strong></span> <span class='ocrx_word' id='word_1_120' title='bbox 2819 997 2988 1055; x_wconf 90' lang='lat' dir='ltr'><strong>eum,</strong></span> <span class='ocrx_word' id='word_1_121' title='bbox 3021 986 3085 1040; x_wconf 93' lang='lat' dir='ltr'><strong>et</strong></span> <span class='ocrx_word' id='word_1_122' title='bbox 3113 979 3180 1039; x_wconf 90' lang='lat' dir='ltr'><strong>in</strong></span> <span class='ocrx_word' id='word_1_123' title='bbox 3213 978 3424 1058; x_wconf 86' lang='lat' dir='ltr'><strong>ignem</strong></span> <span class='ocrx_word' id='word_1_124' title='bbox 3453 978 3724 1039; x_wconf 86' lang='lat' dir='ltr'><strong>mittent.</strong></span> 
     </span>
    </p>
   </div>
   <div class='ocr_carea' id='block_1_10' title="bbox 2487 1078 3980 1841">
    <p class='ocr_par' dir='ltr' id='par_1_11' title="bbox 2487 1078 3980 1841">
     <span class='ocr_line' id='line_1_23' title="bbox 2565 1078 3974 1156; baseline -0.001 -18"><span class='ocrx_word' id='word_1_125' title='bbox 2565 1079 2766 1138; x_wconf 80' lang='lat' dir='ltr'><strong>Pavit</strong></span> <span class='ocrx_word' id='word_1_126' title='bbox 2793 1078 2966 1136; x_wconf 82' lang='lat' dir='ltr'><strong>enim</strong></span> <span class='ocrx_word' id='word_1_127' title='bbox 3005 1080 3288 1137; x_wconf 77' lang='lat' dir='ltr'><strong>sterilem</strong></span> <span class='ocrx_word' id='word_1_128' title='bbox 3325 1087 3385 1137; x_wconf 80' lang='lat' dir='ltr'><strong>ec</strong></span> <span class='ocrx_word' id='word_1_129' title='bbox 3423 1097 3566 1156; x_wconf 81' lang='lat' dir='ltr'><strong>quoe</strong></span> <span class='ocrx_word' id='word_1_130' title='bbox 3603 1097 3734 1137; x_wconf 80' lang='lat' dir='ltr'><strong>non</strong></span> <span class='ocrx_word' id='word_1_131' title='bbox 3758 1080 3974 1155; x_wconf 76' lang='lat' dir='ltr'><strong>parit,</strong></span> 
     </span>
     <span class='ocr_line' id='line_1_24' title="bbox 2487 1174 3972 1257; baseline 0.001 -22"><span class='ocrx_word' id='word_1_132' title='bbox 2487 1174 2551 1236; x_wconf 90' lang='lat' dir='ltr'><strong>id</strong></span> <span class='ocrx_word' id='word_1_133' title='bbox 2596 1183 2713 1251; x_wconf 88' lang='lat' dir='ltr'><strong>est,</strong></span> <span class='ocrx_word' id='word_1_134' title='bbox 2748 1174 2918 1238; x_wconf 87' lang='lat' dir='ltr'><strong>bona</strong></span> <span class='ocrx_word' id='word_1_135' title='bbox 2961 1195 3076 1236; x_wconf 90' lang='lat' dir='ltr'><strong>sua</strong></span> <span class='ocrx_word' id='word_1_136' title='bbox 3118 1174 3514 1238; x_wconf 79' lang='lat' dir='ltr'><strong>infructuose</strong></span> <span class='ocrx_word' id='word_1_137' title='bbox 3551 1175 3972 1257; x_wconf 87' lang='lat' dir='ltr'><strong>consumpsit,</strong></span> 
     </span>
     <span class='ocr_line' id='line_1_25' title="bbox 2488 1272 3980 1355; baseline 0.002 -21"><span class='ocrx_word' id='word_1_138' title='bbox 2488 1273 2688 1336; x_wconf 90' lang='lat' dir='ltr'><strong>instar</strong></span> <span class='ocrx_word' id='word_1_139' title='bbox 2720 1273 2894 1335; x_wconf 90' lang='lat' dir='ltr'><strong>illius</strong></span> <span class='ocrx_word' id='word_1_140' title='bbox 2925 1274 3035 1355; x_wconf 88' lang='lat' dir='ltr'><strong>qui</strong></span> <span class='ocrx_word' id='word_1_141' title='bbox 3070 1272 3480 1337; x_wconf 80' lang='lat' dir='ltr'><strong>infecundam</strong></span> <span class='ocrx_word' id='word_1_142' title='bbox 3513 1273 3812 1335; x_wconf 90' lang='lat' dir='ltr'><strong>feminam</strong></span> <span class='ocrx_word' id='word_1_143' title='bbox 3837 1275 3980 1337; x_wconf 90' lang='lat' dir='ltr'><strong>inu-</strong></span> 
     </span>
     <span class='ocr_line' id='line_1_26' title="bbox 2489 1372 3979 1455; baseline 0.002 -22"><span class='ocrx_word' id='word_1_144' title='bbox 2489 1372 2687 1435; x_wconf 89' lang='lat' dir='ltr'><strong>tiliter</strong></span> <span class='ocrx_word' id='word_1_145' title='bbox 2720 1373 2942 1434; x_wconf 92' lang='lat' dir='ltr'><strong>nutrit.</strong></span> <span class='ocrx_word' id='word_1_146' title='bbox 2975 1372 3112 1449; x_wconf 87' lang='lat' dir='ltr'><strong>Vel,</strong></span> <span class='ocrx_word' id='word_1_147' title='bbox 3147 1373 3300 1454; x_wconf 88' lang='lat' dir='ltr'><strong>quia</strong></span> <span class='ocrx_word' id='word_1_148' title='bbox 3338 1373 3416 1435; x_wconf 91' lang='lat' dir='ltr'><strong>de</strong></span> <span class='ocrx_word' id='word_1_149' title='bbox 3453 1372 3738 1435; x_wconf 88' lang='lat' dir='ltr'><strong>adultero</strong></span> <span class='ocrx_word' id='word_1_150' title='bbox 3772 1373 3979 1455; x_wconf 86' lang='lat' dir='ltr'><strong>loqui-</strong></span> 
     </span>
     <span class='ocr_line' id='line_1_27' title="bbox 2490 1470 3978 1554; baseline 0.002 -22"><span class='ocrx_word' id='word_1_151' title='bbox 2490 1479 2612 1547; x_wconf 91' lang='lat' dir='ltr'><strong>tur,</strong></span> <span class='ocrx_word' id='word_1_152' title='bbox 2651 1490 2764 1552; x_wconf 91' lang='lat' dir='ltr'><strong>per</strong></span> <span class='ocrx_word' id='word_1_153' title='bbox 2797 1470 3076 1533; x_wconf 89' lang='lat' dir='ltr'><strong>sterilem</strong></span> <span class='ocrx_word' id='word_1_154' title='bbox 3104 1471 3392 1550; x_wconf 81' lang='lat' dir='ltr'><strong>designat</strong></span> <span class='ocrx_word' id='word_1_155' title='bbox 3423 1471 3794 1549; x_wconf 89' lang='lat' dir='ltr'><strong>adulteram,</strong></span> <span class='ocrx_word' id='word_1_156' title='bbox 3827 1492 3978 1554; x_wconf 82' lang='lat' dir='ltr'><strong>quae</strong></span> 
     </span>
     <span class='ocr_line' id='line_1_28' title="bbox 2489 1568 3978 1651; baseline 0.001 -21"><span class='ocrx_word' id='word_1_157' title='bbox 2489 1588 2618 1631; x_wconf 92' lang='lat' dir='ltr'><strong>non</strong></span> <span class='ocrx_word' id='word_1_158' title='bbox 2652 1568 2817 1651; x_wconf 90' lang='lat' dir='ltr'><strong>parit</strong></span> <span class='ocrx_word' id='word_1_159' title='bbox 2849 1568 3143 1632; x_wconf 87' lang='lat' dir='ltr'><strong>heredem</strong></span> <span class='ocrx_word' id='word_1_160' title='bbox 3177 1588 3252 1631; x_wconf 82' lang='lat' dir='ltr'><strong>ex</strong></span> <span class='ocrx_word' id='word_1_161' title='bbox 3282 1569 3541 1651; x_wconf 89' lang='lat' dir='ltr'><strong>proprio</strong></span> <span class='ocrx_word' id='word_1_162' title='bbox 3573 1570 3732 1647; x_wconf 82' lang='lat' dir='ltr'><strong>viro,</strong></span> <span class='ocrx_word' id='word_1_163' title='bbox 3763 1589 3878 1633; x_wconf 89' lang='lat' dir='ltr'><strong>nec</strong></span> <span class='ocrx_word' id='word_1_164' title='bbox 3913 1571 3978 1632; x_wconf 86' lang='lat' dir='ltr'><strong>ei</strong></span> 
     </span>
     <span class='ocr_line' id='line_1_29' title="bbox 2488 1668 3978 1749; baseline 0.001 -18"><span class='ocrx_word' id='word_1_165' title='bbox 2488 1687 2632 1731; x_wconf 88' lang='lat' dir='ltr'><strong>cum</strong></span> <span class='ocrx_word' id='word_1_166' title='bbox 2662 1686 2791 1749; x_wconf 90' lang='lat' dir='ltr'><strong>quo</strong></span> <span class='ocrx_word' id='word_1_167' title='bbox 2823 1668 3148 1730; x_wconf 87' lang='lat' dir='ltr'><strong>miscetur.</strong></span> <span class='ocrx_word' id='word_1_168' title='bbox 3181 1668 3317 1744; x_wconf 75' lang='lat' dir='ltr'><strong>Vel,</strong></span> <span class='ocrx_word' id='word_1_169' title='bbox 3351 1668 3530 1731; x_wconf 87' lang='lat' dir='ltr'><strong>Pavit</strong></span> <span class='ocrx_word' id='word_1_170' title='bbox 3567 1669 3865 1746; x_wconf 90' lang='lat' dir='ltr'><strong>sterilem,</strong></span> <span class='ocrx_word' id='word_1_171' title='bbox 3909 1670 3978 1732; x_wconf 90' lang='lat' dir='ltr'><strong>id</strong></span> 
     </span>
     <span class='ocr_line' id='line_1_30' title="bbox 2490 1765 3977 1841; baseline 0.001 -13"><span class='ocrx_word' id='word_1_172' title='bbox 2490 1774 2586 1828; x_wconf 89' lang='lat' dir='ltr'><strong>est</strong></span> <span class='ocrx_word' id='word_1_173' title='bbox 2608 1765 3066 1829; x_wconf 82' lang='lat' dir='ltr'><strong>infructuosam</strong></span> <span class='ocrx_word' id='word_1_174' title='bbox 3091 1766 3367 1829; x_wconf 88' lang='lat' dir='ltr'><strong>animam</strong></span> <span class='ocrx_word' id='word_1_175' title='bbox 3395 1766 3696 1841; x_wconf 87' lang='lat' dir='ltr'><strong>suam,vel</strong></span> <span class='ocrx_word' id='word_1_176' title='bbox 3719 1786 3977 1830; x_wconf 87' lang='lat' dir='ltr'><strong>carnem</strong></span> 
     </span>
    </p>
   </div>
   <div class='ocr_carea' id='block_1_11' title="bbox 888 1864 3980 1949">
    <p class='ocr_par' dir='ltr' id='par_1_12' title="bbox 888 1864 3980 1949">
     <span class='ocr_line' id='line_1_31' title="bbox 888 1864 3980 1949; baseline -0 -19"><span class='ocrx_word' id='word_1_177' title='bbox 888 1886 1014 1931; x_wconf 93' lang='lat' dir='ltr'><strong>non</strong></span> <span class='ocrx_word' id='word_1_178' title='bbox 1064 1867 1255 1931; x_wconf 87' lang='lat' dir='ltr'><strong>valet.</strong></span> <span class='ocrx_word' id='word_1_179' title='bbox 1306 1866 1761 1929; x_wconf 86' lang='lat' dir='ltr'><strong>Verumtamen</strong></span> <span class='ocrx_word' id='word_1_180' title='bbox 1822 1867 1957 1931; x_wconf 83' lang='lat' dir='ltr'><strong>haec</strong></span> <span class='ocrx_word' id='word_1_181' title='bbox 2012 1868 2100 1929; x_wconf 91' lang='lat' dir='ltr'><strong>ita</strong></span> <span class='ocrx_word' id='word_1_182' title='bbox 2147 1867 2382 1930; x_wconf 88' lang='lat' dir='ltr'><strong>intelli·</strong></span> <span class='ocrx_word' id='word_1_183' title='bbox 2417 1870 2463 1931; x_wconf 90' lang='lat' dir='ltr'>B</span> <span class='ocrx_word' id='word_1_184' title='bbox 2491 1864 3204 1943; x_wconf 90' lang='lat' dir='ltr'><strong>immundam‚fructum</strong></span> <span class='ocrx_word' id='word_1_185' title='bbox 3234 1866 3538 1929; x_wconf 89' lang='lat' dir='ltr'><strong>virtutum</strong></span> <span class='ocrx_word' id='word_1_186' title='bbox 3573 1886 3698 1929; x_wconf 92' lang='lat' dir='ltr'><strong>non</strong></span> <span class='ocrx_word' id='word_1_187' title='bbox 3731 1868 3980 1949; x_wconf 85' lang='lat' dir='ltr'><strong>parien-</strong></span> 
     </span>
    </p>
   </div>
   <div class='ocr_carea' id='block_1_12' title="bbox 887 1966 2386 3015">
    <p class='ocr_par' dir='ltr' id='par_1_13' title="bbox 887 1966 2386 3015">
     <span class='ocr_line' id='line_1_32' title="bbox 887 1966 2380 2049; baseline 0 -20"><span class='ocrx_word' id='word_1_188' title='bbox 887 1968 1091 2049; x_wconf 83' lang='lat' dir='ltr'><strong>genda</strong></span> <span class='ocrx_word' id='word_1_189' title='bbox 1123 1985 1251 2030; x_wconf 91' lang='lat' dir='ltr'><strong>non</strong></span> <span class='ocrx_word' id='word_1_190' title='bbox 1295 1974 1464 2041; x_wconf 91' lang='lat' dir='ltr'><strong>sunt,</strong></span> <span class='ocrx_word' id='word_1_191' title='bbox 1498 1966 1679 2047; x_wconf 91' lang='lat' dir='ltr'><strong>quasi</strong></span> <span class='ocrx_word' id='word_1_192' title='bbox 1721 1966 1881 2028; x_wconf 91' lang='lat' dir='ltr'><strong>nihil</strong></span> <span class='ocrx_word' id='word_1_193' title='bbox 1925 1967 2380 2031; x_wconf 83' lang='lat' dir='ltr'><strong>misericordiae</strong></span> 
     </span>
     <span class='ocr_line' id='line_1_33' title="bbox 888 2065 2380 2147; baseline -0.001 -20"><span class='ocrx_word' id='word_1_194' title='bbox 888 2066 1050 2128; x_wconf 92' lang='lat' dir='ltr'><strong>Deus</strong></span> <span class='ocrx_word' id='word_1_195' title='bbox 1097 2065 1425 2147; x_wconf 87' lang='lat' dir='ltr'><strong>impendat</strong></span> <span class='ocrx_word' id='word_1_196' title='bbox 1474 2065 1815 2143; x_wconf 81' lang='lat' dir='ltr'><strong>damnatiS,</strong></span> <span class='ocrx_word' id='word_1_197' title='bbox 1851 2084 2051 2146; x_wconf 88' lang='lat' dir='ltr'><strong>quum</strong></span> <span class='ocrx_word' id='word_1_198' title='bbox 2095 2066 2163 2128; x_wconf 90' lang='lat' dir='ltr'><strong>in</strong></span> <span class='ocrx_word' id='word_1_199' title='bbox 2206 2065 2380 2129; x_wconf 91' lang='lat' dir='ltr'><strong>omni</strong></span> 
     </span>
     <span class='ocr_line' id='line_1_34' title="bbox 890 2162 2382 2245; baseline -0.002 -17"><span class='ocrx_word' id='word_1_200' title='bbox 890 2166 1031 2245; x_wconf 89' lang='lat' dir='ltr'><strong>ejus</strong></span> <span class='ocrx_word' id='word_1_201' title='bbox 1074 2162 1314 2227; x_wconf 85' lang='lat' dir='ltr'><strong>effectu</strong></span> <span class='ocrx_word' id='word_1_202' title='bbox 1349 2164 1520 2227; x_wconf 91' lang='lat' dir='ltr'><strong>circa</strong></span> <span class='ocrx_word' id='word_1_203' title='bbox 1560 2164 2022 2227; x_wconf 87' lang='lat' dir='ltr'><strong>intellectuales</strong></span> <span class='ocrx_word' id='word_1_204' title='bbox 2062 2172 2382 2227; x_wconf 85' lang='lat' dir='ltr'><strong>creaturas</strong></span> 
     </span>
     <span class='ocr_line' id='line_1_35' title="bbox 888 2262 2385 2343; baseline -0.001 -18"><span class='ocrx_word' id='word_1_205' title='bbox 888 2262 1330 2326; x_wconf 88' lang='lat' dir='ltr'><strong>misericordia</strong></span> <span class='ocrx_word' id='word_1_206' title='bbox 1376 2270 1568 2343; x_wconf 88' lang='lat' dir='ltr'><strong>atque</strong></span> <span class='ocrx_word' id='word_1_207' title='bbox 1616 2262 1865 2343; x_wconf 88' lang='lat' dir='ltr'><strong>justitia</strong></span> <span class='ocrx_word' id='word_1_208' title='bbox 1910 2264 2040 2325; x_wconf 87' lang='lat' dir='ltr'><strong>sint</strong></span> <span class='ocrx_word' id='word_1_209' title='bbox 2083 2262 2385 2327; x_wconf 84' lang='lat' dir='ltr'><strong>commix-</strong></span> 
     </span>
     <span class='ocr_line' id='line_1_36' title="bbox 888 2360 2380 2442; baseline -0.002 -18"><span class='ocrx_word' id='word_1_210' title='bbox 888 2370 1009 2435; x_wconf 79' lang='lat' dir='ltr'><strong>tae3</strong></span> <span class='ocrx_word' id='word_1_211' title='bbox 1064 2361 1172 2423; x_wconf 89' lang='lat' dir='ltr'><strong>sed</strong></span> <span class='ocrx_word' id='word_1_212' title='bbox 1218 2360 1360 2423; x_wconf 88' lang='lat' dir='ltr'><strong>ideo</strong></span> <span class='ocrx_word' id='word_1_213' title='bbox 1410 2361 1545 2423; x_wconf 84' lang='lat' dir='ltr'><strong>haec</strong></span> <span class='ocrx_word' id='word_1_214' title='bbox 1594 2361 1914 2437; x_wconf 88' lang='lat' dir='ltr'><strong>dicuntur,</strong></span> <span class='ocrx_word' id='word_1_215' title='bbox 1959 2360 2264 2442; x_wconf 86' lang='lat' dir='ltr'><strong>quoniam</strong></span> <span class='ocrx_word' id='word_1_216' title='bbox 2316 2360 2380 2421; x_wconf 92' lang='lat' dir='ltr'><strong>in</strong></span> 
     </span>
     <span class='ocr_line' id='line_1_37' title="bbox 892 2458 2385 2541; baseline -0.002 -18"><span class='ocrx_word' id='word_1_217' title='bbox 892 2458 1147 2523; x_wconf 90' lang='lat' dir='ltr'><strong>inferno</strong></span> <span class='ocrx_word' id='word_1_218' title='bbox 1188 2460 1439 2539; x_wconf 84' lang='lat' dir='ltr'><strong>justitia</strong></span> <span class='ocrx_word' id='word_1_219' title='bbox 1480 2460 1682 2541; x_wconf 81' lang='lat' dir='ltr'><strong>magis</strong></span> <span class='ocrx_word' id='word_1_220' title='bbox 1722 2460 1985 2535; x_wconf 87' lang='lat' dir='ltr'><strong>relucet,</strong></span> <span class='ocrx_word' id='word_1_221' title='bbox 2030 2467 2092 2522; x_wconf 92' lang='lat' dir='ltr'><strong>et</strong></span> <span class='ocrx_word' id='word_1_222' title='bbox 2136 2459 2385 2522; x_wconf 86' lang='lat' dir='ltr'><strong>miseri-</strong></span> 
     </span>
     <span class='ocr_line' id='line_1_38' title="bbox 890 2558 2386 2640; baseline -0.001 -19"><span class='ocrx_word' id='word_1_223' title='bbox 890 2558 1107 2621; x_wconf 90' lang='lat' dir='ltr'><strong>cordia</strong></span> <span class='ocrx_word' id='word_1_224' title='bbox 1134 2558 1233 2621; x_wconf 89' lang='lat' dir='ltr'><strong>vel</strong></span> <span class='ocrx_word' id='word_1_225' title='bbox 1277 2576 1431 2635; x_wconf 91' lang='lat' dir='ltr'><strong>non,</strong></span> <span class='ocrx_word' id='word_1_226' title='bbox 1464 2558 1565 2623; x_wconf 92' lang='lat' dir='ltr'><strong>vel</strong></span> <span class='ocrx_word' id='word_1_227' title='bbox 1607 2558 1820 2620; x_wconf 90' lang='lat' dir='ltr'><strong>minus</strong></span> <span class='ocrx_word' id='word_1_228' title='bbox 1860 2576 1971 2620; x_wconf 89' lang='lat' dir='ltr'><strong>seu</strong></span> <span class='ocrx_word' id='word_1_229' title='bbox 2013 2577 2238 2639; x_wconf 83' lang='lat' dir='ltr'><strong>pamm</strong></span> <span class='ocrx_word' id='word_1_230' title='bbox 2283 2577 2386 2640; x_wconf 87' lang='lat' dir='ltr'><strong>ap-</strong></span> 
     </span>
     <span class='ocr_line' id='line_1_39' title="bbox 892 2656 2385 2739; baseline -0.001 -20"><span class='ocrx_word' id='word_1_231' title='bbox 892 2666 1093 2739; x_wconf 89' lang='lat' dir='ltr'><strong>paret.</strong></span> <span class='ocrx_word' id='word_1_232' title='bbox 1137 2657 1429 2719; x_wconf 88' lang='lat' dir='ltr'><strong>Attamen</strong></span> <span class='ocrx_word' id='word_1_233' title='bbox 1470 2658 1631 2718; x_wconf 88' lang='lat' dir='ltr'><strong>citra</strong></span> <span class='ocrx_word' id='word_1_234' title='bbox 1659 2656 2043 2737; x_wconf 85' lang='lat' dir='ltr'><strong>condignum</strong></span> <span class='ocrx_word' id='word_1_235' title='bbox 2084 2664 2385 2737; x_wconf 85' lang='lat' dir='ltr'><strong>torquen-</strong></span> 
     </span>
     <span class='ocr_line' id='line_1_40' title="bbox 896 2755 2382 2836; baseline 0 -19"><span class='ocrx_word' id='word_1_236' title='bbox 896 2764 1017 2817; x_wconf 86' lang='lat' dir='ltr'><strong>tur.</strong></span> <span class='ocrx_word' id='word_1_237' title='bbox 1047 2755 1228 2817; x_wconf 83' lang='lat' dir='ltr'><strong>Juxta</strong></span> <span class='ocrx_word' id='word_1_238' title='bbox 1266 2774 1456 2836; x_wconf 88' lang='lat' dir='ltr'><strong>quem</strong></span> <span class='ocrx_word' id='word_1_239' title='bbox 1491 2756 1747 2817; x_wconf 90' lang='lat' dir='ltr'><strong>modum</strong></span> <span class='ocrx_word' id='word_1_240' title='bbox 1783 2755 2085 2836; x_wconf 84' lang='lat' dir='ltr'><strong>loquendi</strong></span> <span class='ocrx_word' id='word_1_241' title='bbox 2115 2755 2382 2819; x_wconf 78' lang='lat' dir='ltr'><strong>Iacobus</strong></span> 
     </span>
     <span class='ocr_line' id='line_1_41' title="bbox 893 2851 2384 2935; baseline 0 -20"><span class='ocrx_word' id='word_1_242' title='bbox 893 2852 983 2916; x_wconf 88' lang='lat' dir='ltr'><strong>ait</strong></span> <span class='ocrx_word' id='word_1_243' title='bbox 1034 2871 1047 2916; x_wconf 92' lang='lat'><strong>:</strong></span> <span class='ocrx_word' id='word_1_244' title='bbox 1098 2852 1416 2915; x_wconf 85' lang='lat' dir='ltr'><strong>Judicium</strong></span> <span class='ocrx_word' id='word_1_245' title='bbox 1465 2851 1605 2915; x_wconf 91' lang='lat' dir='ltr'><strong>sine</strong></span> <span class='ocrx_word' id='word_1_246' title='bbox 1657 2851 2095 2916; x_wconf 90' lang='lat' dir='ltr'><strong>misericordia</strong></span> <span class='ocrx_word' id='word_1_247' title='bbox 2142 2854 2226 2930; x_wconf 93' lang='lat' dir='ltr'><strong>ei,</strong></span> <span class='ocrx_word' id='word_1_248' title='bbox 2272 2854 2384 2935; x_wconf 91' lang='lat' dir='ltr'><strong>qui</strong></span> 
     </span>
     <span class='ocr_line' id='line_1_42' title="bbox 896 2949 2384 3015; baseline 0 -2"><span class='ocrx_word' id='word_1_249' title='bbox 896 2970 1024 3015; x_wconf 90' lang='lat' dir='ltr'><strong>non</strong></span> <span class='ocrx_word' id='word_1_250' title='bbox 1079 2950 1303 3013; x_wconf 89' lang='lat' dir='ltr'><strong>fecerit</strong></span> <span class='ocrx_word' id='word_1_251' title='bbox 1352 2949 1877 3013; x_wconf 89' lang='lat' dir='ltr'><strong>misericordiam.</strong></span> <span class='ocrx_word' id='word_1_252' title='bbox 1932 2950 2384 3014; x_wconf 86' lang='lat' dir='ltr'><strong>Damnatorum</strong></span> 
     </span>
    </p>
   </div>
   <div class='ocr_carea' id='block_1_13' title="bbox 2489 1966 3986 2933">
    <p class='ocr_par' dir='ltr' id='par_1_14' title="bbox 2489 1966 3986 2933">
     <span class='ocr_line' id='line_1_43' title="bbox 2491 1966 3974 2047; baseline 0.002 -23"><span class='ocrx_word' id='word_1_253' title='bbox 2491 1971 2640 2027; x_wconf 84' lang='lat' dir='ltr'><strong>tem.</strong></span> <span class='ocrx_word' id='word_1_254' title='bbox 2679 1968 2760 2026; x_wconf 78' lang='lat' dir='ltr'><strong>Ec</strong></span> <span class='ocrx_word' id='word_1_255' title='bbox 2791 1966 3006 2025; x_wconf 82' lang='lat' dir='ltr'><strong>viduoe</strong></span> <span class='ocrx_word' id='word_1_256' title='bbox 3033 1986 3162 2025; x_wconf 70' lang='lat' dir='ltr'><strong>non</strong></span> <span class='ocrx_word' id='word_1_257' title='bbox 3193 1968 3500 2044; x_wconf 79' lang='lat' dir='ltr'><strong>benefecit</strong></span> <span class='ocrx_word' id='word_1_258' title='bbox 3527 1987 3549 2025; x_wconf 90' lang='lat'><strong>.·</strong></span> <span class='ocrx_word' id='word_1_259' title='bbox 3582 1984 3742 2046; x_wconf 81' lang='lat' dir='ltr'><strong>quae,</strong></span> <span class='ocrx_word' id='word_1_260' title='bbox 3773 1986 3974 2047; x_wconf 87' lang='lat' dir='ltr'><strong>quum</strong></span> 
     </span>
     <span class='ocr_line' id='line_1_44' title="bbox 2489 2062 3976 2144; baseline 0.001 -20"><span class='ocrx_word' id='word_1_261' title='bbox 2489 2070 2700 2125; x_wconf 88' lang='lat' dir='ltr'><strong>careat.</strong></span> <span class='ocrx_word' id='word_1_262' title='bbox 2749 2063 2871 2126; x_wconf 90' lang='lat' dir='ltr'><strong>viri</strong></span> <span class='ocrx_word' id='word_1_263' title='bbox 2923 2062 3172 2140; x_wconf 89' lang='lat' dir='ltr'><strong>solati0‚</strong></span> <span class='ocrx_word' id='word_1_264' title='bbox 3225 2064 3425 2143; x_wconf 80' lang='lat' dir='ltr'><strong>magis</strong></span> <span class='ocrx_word' id='word_1_265' title='bbox 3475 2072 3618 2144; x_wconf 79' lang='lat' dir='ltr'><strong>eget</strong></span> <span class='ocrx_word' id='word_1_266' title='bbox 3663 2063 3976 2127; x_wconf 91' lang='lat' dir='ltr'><strong>subsidio.</strong></span> 
     </span>
     <span class='ocr_line' id='line_1_45' title="bbox 2491 2160 3980 2243; baseline 0 -19"><span class='ocrx_word' id='word_1_267' title='bbox 2491 2160 2722 2242; x_wconf 87' lang='lat' dir='ltr'><strong>Sicque</strong></span> <span class='ocrx_word' id='word_1_268' title='bbox 2754 2162 3042 2243; x_wconf 90' lang='lat' dir='ltr'><strong>iniquius</strong></span> <span class='ocrx_word' id='word_1_269' title='bbox 3081 2170 3177 2224; x_wconf 91' lang='lat' dir='ltr'><strong>est</strong></span> <span class='ocrx_word' id='word_1_270' title='bbox 3209 2162 3290 2238; x_wconf 92' lang='lat' dir='ltr'><strong>ei,</strong></span> <span class='ocrx_word' id='word_1_271' title='bbox 3325 2181 3524 2243; x_wconf 88' lang='lat' dir='ltr'><strong>quum</strong></span> <span class='ocrx_word' id='word_1_272' title='bbox 3557 2162 3698 2225; x_wconf 93' lang='lat' dir='ltr'><strong>loco</strong></span> <span class='ocrx_word' id='word_1_273' title='bbox 3726 2171 3787 2225; x_wconf 87' lang='lat' dir='ltr'><strong>et</strong></span> <span class='ocrx_word' id='word_1_274' title='bbox 3820 2171 3980 2226; x_wconf 89' lang='lat' dir='ltr'><strong>tcm-</strong></span> 
     </span>
     <span class='ocr_line' id='line_1_46' title="bbox 2492 2260 3980 2342; baseline 0.001 -20"><span class='ocrx_word' id='word_1_275' title='bbox 2492 2277 2645 2340; x_wconf 89' lang='lat' dir='ltr'><strong>pore</strong></span> <span class='ocrx_word' id='word_1_276' title='bbox 2677 2260 3053 2342; x_wconf 89' lang='lat' dir='ltr'><strong>opportunis</strong></span> <span class='ocrx_word' id='word_1_277' title='bbox 3086 2280 3212 2323; x_wconf 91' lang='lat' dir='ltr'><strong>non</strong></span> <span class='ocrx_word' id='word_1_278' title='bbox 3243 2260 3624 2324; x_wconf 86' lang='lat' dir='ltr'><strong>subvenerit.</strong></span> <span class='ocrx_word' id='word_1_279' title='bbox 3641 2260 3750 2324; x_wconf 82' lang='lat' dir='ltr'><strong>Vel</strong></span> <span class='ocrx_word' id='word_1_280' title='bbox 3781 2261 3980 2324; x_wconf 88' lang='lat' dir='ltr'><strong>vidua</strong></span> 
     </span>
     <span class='ocr_line' id='line_1_47' title="bbox 2492 2358 3980 2441; baseline 0.004 -23"><span class='ocrx_word' id='word_1_281' title='bbox 2492 2358 2727 2420; x_wconf 91' lang='lat' dir='ltr'><strong>dicitur</strong></span> <span class='ocrx_word' id='word_1_282' title='bbox 2769 2359 3030 2440; x_wconf 86' lang='lat' dir='ltr'><strong>propria</strong></span> <span class='ocrx_word' id='word_1_283' title='bbox 3067 2360 3207 2440; x_wconf 85' lang='lat' dir='ltr'><strong>ejus</strong></span> <span class='ocrx_word' id='word_1_284' title='bbox 3247 2359 3502 2440; x_wconf 89' lang='lat' dir='ltr'><strong>conjux,</strong></span> <span class='ocrx_word' id='word_1_285' title='bbox 3537 2379 3723 2441; x_wconf 89' lang='lat' dir='ltr'><strong>quam</strong></span> <span class='ocrx_word' id='word_1_286' title='bbox 3762 2380 3799 2421; x_wconf 92' lang='lat' dir='ltr'><strong>a</strong></span> <span class='ocrx_word' id='word_1_287' title='bbox 3835 2368 3980 2424; x_wconf 92' lang='lat' dir='ltr'><strong>toro</strong></span> 
     </span>
     <span class='ocr_line' id='line_1_48' title="bbox 2495 2456 3986 2540; baseline 0.002 -22"><span class='ocrx_word' id='word_1_288' title='bbox 2495 2456 2745 2537; x_wconf 82' lang='lat' dir='ltr'><strong>repellit</strong></span> <span class='ocrx_word' id='word_1_289' title='bbox 2778 2466 2970 2538; x_wconf 89' lang='lat' dir='ltr'><strong>atque</strong></span> <span class='ocrx_word' id='word_1_290' title='bbox 3001 2457 3276 2520; x_wconf 86' lang='lat' dir='ltr'><strong>infestat.</strong></span> <span class='ocrx_word' id='word_1_291' title='bbox 3297 2461 3598 2520; x_wconf 74' lang='lat' dir='ltr'><strong>Detraoeit</strong></span> <span class='ocrx_word' id='word_1_292' title='bbox 3617 2461 3830 2537; x_wconf 78' lang='lat' dir='ltr'><strong>fortes,</strong></span> <span class='ocrx_word' id='word_1_293' title='bbox 3845 2460 3986 2540; x_wconf 84' lang='lat' dir='ltr'><strong>qui-</strong></span> 
     </span>
     <span class='ocr_line' id='line_1_49' title="bbox 2495 2554 3980 2637; baseline 0.001 -20"><span class='ocrx_word' id='word_1_294' title='bbox 2495 2555 2614 2617; x_wconf 88' lang='lat' dir='ltr'><strong>bus</strong></span> <span class='ocrx_word' id='word_1_295' title='bbox 2650 2554 2993 2637; x_wconf 85' lang='lat' dir='ltr'><strong>praevalere</strong></span> <span class='ocrx_word' id='word_1_296' title='bbox 3027 2556 3254 2636; x_wconf 89' lang='lat' dir='ltr'><strong>potuit,</strong></span> <span class='ocrx_word' id='word_1_297' title='bbox 3287 2559 3360 2616; x_wconf 79' lang='lat' dir='ltr'><strong>in</strong></span> <span class='ocrx_word' id='word_1_298' title='bbox 3387 2558 3778 2633; x_wconf 77' lang='lat' dir='ltr'><strong>fortitudine</strong></span> <span class='ocrx_word' id='word_1_299' title='bbox 3809 2578 3932 2618; x_wconf 79' lang='lat' dir='ltr'><strong>sua</strong></span> <span class='ocrx_word' id='word_1_300' title='bbox 3955 2580 3980 2617; x_wconf 85' lang='lat'><strong>.-</strong></span> 
     </span>
     <span class='ocr_line' id='line_1_50' title="bbox 2494 2653 3978 2735; baseline 0.002 -20"><span class='ocrx_word' id='word_1_301' title='bbox 2494 2653 2766 2717; x_wconf 87' lang='lat' dir='ltr'><strong>abutens</strong></span> <span class='ocrx_word' id='word_1_302' title='bbox 2787 2662 3096 2735; x_wconf 89' lang='lat' dir='ltr'><strong>potestate</strong></span> <span class='ocrx_word' id='word_1_303' title='bbox 3117 2654 3237 2715; x_wconf 91' lang='lat' dir='ltr'><strong>sibi</strong></span> <span class='ocrx_word' id='word_1_304' title='bbox 3264 2673 3577 2731; x_wconf 90' lang='lat' dir='ltr'><strong>concessa,</strong></span> <span class='ocrx_word' id='word_1_305' title='bbox 3605 2655 3681 2717; x_wconf 90' lang='lat' dir='ltr'><strong>ad</strong></span> <span class='ocrx_word' id='word_1_306' title='bbox 3708 2655 3978 2718; x_wconf 89' lang='lat' dir='ltr'><strong>aliorum</strong></span> 
     </span>
     <span class='ocr_line' id='line_1_51' title="bbox 2495 2751 3984 2834; baseline 0.001 -20"><span class='ocrx_word' id='word_1_307' title='bbox 2495 2752 2999 2834; x_wconf 87' lang='lat' dir='ltr'><strong>oppressionem.</strong></span> <span class='ocrx_word' id='word_1_308' title='bbox 3024 2752 3159 2829; x_wconf 88' lang='lat' dir='ltr'><strong>Vel,</strong></span> <span class='ocrx_word' id='word_1_309' title='bbox 3185 2752 3419 2831; x_wconf 81' lang='lat' dir='ltr'><strong>ForteS,</strong></span> <span class='ocrx_word' id='word_1_310' title='bbox 3446 2751 3509 2815; x_wconf 90' lang='lat' dir='ltr'><strong>id</strong></span> <span class='ocrx_word' id='word_1_311' title='bbox 3541 2762 3634 2815; x_wconf 90' lang='lat' dir='ltr'><strong>est</strong></span> <span class='ocrx_word' id='word_1_312' title='bbox 3664 2754 3984 2817; x_wconf 87' lang='lat' dir='ltr'><strong>virtuosos</strong></span> 
     </span>
     <span class='ocr_line' id='line_1_52' title="bbox 2493 2849 3984 2933; baseline 0.003 -22"><span class='ocrx_word' id='word_1_313' title='bbox 2493 2869 2642 2913; x_wconf 89' lang='lat' dir='ltr'><strong>vere</strong></span> <span class='ocrx_word' id='word_1_314' title='bbox 2676 2849 2872 2913; x_wconf 88' lang='lat' dir='ltr'><strong>fortes</strong></span> <span class='ocrx_word' id='word_1_315' title='bbox 2905 2850 2970 2913; x_wconf 93' lang='lat' dir='ltr'><strong>in</strong></span> <span class='ocrx_word' id='word_1_316' title='bbox 3002 2851 3130 2913; x_wconf 87' lang='lat' dir='ltr'><strong>Deo</strong></span> <span class='ocrx_word' id='word_1_317' title='bbox 3162 2870 3274 2933; x_wconf 88' lang='lat' dir='ltr'><strong>per</strong></span> <span class='ocrx_word' id='word_1_318' title='bbox 3302 2851 3590 2931; x_wconf 85' lang='lat' dir='ltr'><strong>gratiam,</strong></span> <span class='ocrx_word' id='word_1_319' title='bbox 3610 2862 3984 2933; x_wconf 84' lang='lat' dir='ltr'><strong>persecutus</strong></span> 
     </span>
    </p>
   </div>
   <div class='ocr_carea' id='block_1_14' title="bbox 2473 2949 4248 3033">
    <p class='ocr_par' dir='ltr' id='par_1_15' title="bbox 2473 2949 4248 3033">
     <span class='ocr_line' id='line_1_53' title="bbox 2473 2949 4248 3033; baseline 0.004 -23"><span class='ocrx_word' id='word_1_320' title='bbox 2473 2957 2613 3025; x_wconf 88' lang='lat' dir='ltr'><strong>-est‚</strong></span> <span class='ocrx_word' id='word_1_321' title='bbox 2645 2950 2823 3029; x_wconf 88' lang='lat' dir='ltr'><strong>juxta</strong></span> <span class='ocrx_word' id='word_1_322' title='bbox 2857 2949 3016 3011; x_wconf 91' lang='lat' dir='ltr'><strong>illud</strong></span> <span class='ocrx_word' id='word_1_323' title='bbox 3045 2949 3261 3013; x_wconf 88' lang='lat' dir='ltr'><strong>Jacobi</strong></span> <span class='ocrx_word' id='word_1_324' title='bbox 3299 2967 3312 3011; x_wconf 93' lang='lat'>:</span> <span class='ocrx_word' id='word_1_325' title='bbox 3347 2950 3566 3014; x_wconf 89' lang='lat' dir='ltr'><strong>Nonne</strong></span> <span class='ocrx_word' id='word_1_326' title='bbox 3596 2950 3826 3013; x_wconf 84' lang='lat' dir='ltr'><strong>divites</strong></span> <span class='ocrx_word' id='word_1_327' title='bbox 3865 2970 3984 3033; x_wconf 89' lang='lat' dir='ltr'><strong>per</strong></span> <span class='ocrx_word' id='word_1_328' title='bbox 4008 2981 4248 3026; x_wconf 62' lang='lat' dir='ltr'><strong>Jm0‚‚.,s.</strong></span> 
     </span>
    </p>
   </div>
   <div class='ocr_carea' id='block_1_15' title="bbox 892 3046 3984 3131">
    <p class='ocr_par' dir='ltr' id='par_1_16' title="bbox 892 3046 3984 3131">
     <span class='ocr_line' id='line_1_54' title="bbox 892 3046 3984 3131; baseline 0 -21"><span class='ocrx_word' id='word_1_329' title='bbox 892 3067 1155 3131; x_wconf 88' lang='lat' dir='ltr'><strong>quoque</strong></span> <span class='ocrx_word' id='word_1_330' title='bbox 1205 3047 1608 3111; x_wconf 87' lang='lat' dir='ltr'><strong>obliviscitur</strong></span> <span class='ocrx_word' id='word_1_331' title='bbox 1656 3048 2096 3111; x_wconf 90' lang='lat' dir='ltr'><strong>misericordia</strong></span> <span class='ocrx_word' id='word_1_332' title='bbox 2148 3048 2386 3111; x_wconf 86' lang='lat' dir='ltr'><strong>suffra·</strong></span> <span class='ocrx_word' id='word_1_333' title='bbox 2421 3052 2465 3117; x_wconf 90' lang='lat' dir='ltr'>C</span> <span class='ocrx_word' id='word_1_334' title='bbox 2497 3046 2842 3129; x_wconf 88' lang='lat' dir='ltr'><strong>potentiam</strong></span> <span class='ocrx_word' id='word_1_335' title='bbox 2876 3047 3246 3130; x_wconf 90' lang='lat' dir='ltr'><strong>opprimunt</strong></span> <span class='ocrx_word' id='word_1_336' title='bbox 3277 3051 3424 3112; x_wconf 71' lang='lat' dir='ltr'><strong>vos?</strong></span> <span class='ocrx_word' id='word_1_337' title='bbox 3455 3048 3712 3110; x_wconf 91' lang='lat' dir='ltr'><strong>Talibus</strong></span> <span class='ocrx_word' id='word_1_338' title='bbox 3743 3049 3984 3112; x_wconf 88' lang='lat' dir='ltr'><strong>violen—</strong></span> 
     </span>
    </p>
   </div>
   <div class='ocr_carea' id='block_1_16' title="bbox 894 3146 2390 4212">
    <p class='ocr_par' dir='ltr' id='par_1_17' title="bbox 894 3146 2390 3997">
     <span class='ocr_line' id='line_1_55' title="bbox 894 3146 2386 3229; baseline -0.001 -20"><span class='ocrx_word' id='word_1_339' title='bbox 894 3147 1167 3228; x_wconf 83' lang='lat' dir='ltr'><strong>giorum‚</strong></span> <span class='ocrx_word' id='word_1_340' title='bbox 1202 3146 1357 3228; x_wconf 88' lang='lat' dir='ltr'><strong>quia</strong></span> <span class='ocrx_word' id='word_1_341' title='bbox 1387 3146 1478 3209; x_wconf 89' lang='lat' dir='ltr'><strong>eis</strong></span> <span class='ocrx_word' id='word_1_342' title='bbox 1511 3166 1637 3211; x_wconf 95' lang='lat' dir='ltr'><strong>non</strong></span> <span class='ocrx_word' id='word_1_343' title='bbox 1670 3156 1959 3229; x_wconf 91' lang='lat' dir='ltr'><strong>prosunt.</strong></span> <span class='ocrx_word' id='word_1_344' title='bbox 1996 3152 2278 3209; x_wconf 79' lang='lat' dir='ltr'><strong>Dulcedo</strong></span> <span class='ocrx_word' id='word_1_345' title='bbox 2307 3150 2386 3207; x_wconf 84' lang='lat' dir='ltr'><strong>il-</strong></span> 
     </span>
     <span class='ocr_line' id='line_1_56' title="bbox 899 3244 2387 3328; baseline 0.001 -22"><span class='ocrx_word' id='word_1_346' title='bbox 899 3248 1027 3306; x_wconf 84' lang='lat' dir='ltr'><strong>lius</strong></span> <span class='ocrx_word' id='word_1_347' title='bbox 1058 3246 1316 3317; x_wconf 83' lang='lat' dir='ltr'><strong>vermis,</strong></span> <span class='ocrx_word' id='word_1_348' title='bbox 1349 3244 1412 3307; x_wconf 93' lang='lat' dir='ltr'><strong>id</strong></span> <span class='ocrx_word' id='word_1_349' title='bbox 1458 3253 1575 3322; x_wconf 90' lang='lat' dir='ltr'><strong>est,</strong></span> <span class='ocrx_word' id='word_1_350' title='bbox 1610 3245 1947 3309; x_wconf 87' lang='lat' dir='ltr'><strong>delectatio</strong></span> <span class='ocrx_word' id='word_1_351' title='bbox 1988 3265 2102 3308; x_wconf 92' lang='lat' dir='ltr'><strong>sua</strong></span> <span class='ocrx_word' id='word_1_352' title='bbox 2135 3265 2387 3328; x_wconf 87' lang='lat' dir='ltr'><strong>perver-</strong></span> 
     </span>
     <span class='ocr_line' id='line_1_57' title="bbox 896 3343 2383 3425; baseline -0.001 -17"><span class='ocrx_word' id='word_1_353' title='bbox 896 3364 987 3421; x_wconf 90' lang='lat' dir='ltr'><strong>sa,</strong></span> <span class='ocrx_word' id='word_1_354' title='bbox 1032 3363 1222 3425; x_wconf 89' lang='lat' dir='ltr'><strong>quam</strong></span> <span class='ocrx_word' id='word_1_355' title='bbox 1273 3343 1499 3406; x_wconf 88' lang='lat' dir='ltr'><strong>habuit</strong></span> <span class='ocrx_word' id='word_1_356' title='bbox 1544 3344 1608 3407; x_wconf 93' lang='lat' dir='ltr'><strong>in</strong></span> <span class='ocrx_word' id='word_1_357' title='bbox 1656 3344 1776 3407; x_wconf 90' lang='lat' dir='ltr'><strong>hac</strong></span> <span class='ocrx_word' id='word_1_358' title='bbox 1816 3345 1970 3421; x_wconf 87' lang='lat' dir='ltr'><strong>vita,</strong></span> <span class='ocrx_word' id='word_1_359' title='bbox 2006 3354 2288 3409; x_wconf 86' lang='lat' dir='ltr'><strong>vertatur</strong></span> <span class='ocrx_word' id='word_1_360' title='bbox 2327 3346 2383 3408; x_wconf 87' lang='lat' dir='ltr'><strong>ei</strong></span> 
     </span>
     <span class='ocr_line' id='line_1_58' title="bbox 896 3442 2388 3525; baseline 0.001 -20"><span class='ocrx_word' id='word_1_361' title='bbox 896 3442 964 3505; x_wconf 91' lang='lat' dir='ltr'><strong>in</strong></span> <span class='ocrx_word' id='word_1_362' title='bbox 1008 3460 1307 3519; x_wconf 88' lang='lat' dir='ltr'><strong>vermem,</strong></span> <span class='ocrx_word' id='word_1_363' title='bbox 1352 3443 1415 3504; x_wconf 91' lang='lat' dir='ltr'><strong>id</strong></span> <span class='ocrx_word' id='word_1_364' title='bbox 1460 3451 1555 3505; x_wconf 90' lang='lat' dir='ltr'><strong>est</strong></span> <span class='ocrx_word' id='word_1_365' title='bbox 1599 3460 1851 3525; x_wconf 87' lang='lat' dir='ltr'><strong>poenam</strong></span> <span class='ocrx_word' id='word_1_366' title='bbox 1895 3463 2197 3519; x_wconf 88' lang='lat' dir='ltr'><strong>amaram,</strong></span> <span class='ocrx_word' id='word_1_367' title='bbox 2241 3463 2388 3507; x_wconf 92' lang='lat' dir='ltr'><strong>con-</strong></span> 
     </span>
     <span class='ocr_line' id='line_1_59' title="bbox 898 3540 2389 3622; baseline 0.001 -18"><span class='ocrx_word' id='word_1_368' title='bbox 898 3540 1179 3604; x_wconf 68' lang='lat' dir='ltr'><strong>scientie)</strong></span> <span class='ocrx_word' id='word_1_369' title='bbox 1222 3560 1478 3622; x_wconf 90' lang='lat' dir='ltr'><strong>quoque</strong></span> <span class='ocrx_word' id='word_1_370' title='bbox 1519 3559 1895 3604; x_wconf 89' lang='lat' dir='ltr'><strong>remorsum.</strong></span> <span class='ocrx_word' id='word_1_371' title='bbox 1928 3541 2067 3618; x_wconf 85' lang='lat' dir='ltr'><strong>Vel,</strong></span> <span class='ocrx_word' id='word_1_372' title='bbox 2110 3542 2389 3606; x_wconf 89' lang='lat' dir='ltr'><strong>Dulcedo</strong></span> 
     </span>
     <span class='ocr_line' id='line_1_60' title="bbox 898 3638 2386 3721; baseline 0.002 -21"><span class='ocrx_word' id='word_1_373' title='bbox 898 3639 1096 3715; x_wconf 86' lang='lat' dir='ltr'><strong>illius,</strong></span> <span class='ocrx_word' id='word_1_374' title='bbox 1130 3657 1245 3721; x_wconf 89' lang='lat' dir='ltr'><strong>per</strong></span> <span class='ocrx_word' id='word_1_375' title='bbox 1284 3638 1729 3721; x_wconf 87' lang='lat' dir='ltr'><strong>antiphrasim,</strong></span> <span class='ocrx_word' id='word_1_376' title='bbox 1766 3639 1831 3701; x_wconf 90' lang='lat' dir='ltr'><strong>id</strong></span> <span class='ocrx_word' id='word_1_377' title='bbox 1872 3647 1969 3702; x_wconf 88' lang='lat' dir='ltr'><strong>est</strong></span> <span class='ocrx_word' id='word_1_378' title='bbox 2006 3640 2386 3717; x_wconf 88' lang='lat' dir='ltr'><strong>amaritud0,</strong></span> 
     </span>
     <span class='ocr_line' id='line_1_61' title="bbox 900 3736 2389 3802; baseline 0.001 -1"><span class='ocrx_word' id='word_1_379' title='bbox 900 3738 982 3801; x_wconf 86' lang='lat' dir='ltr'><strong>sit</strong></span> <span class='ocrx_word' id='word_1_380' title='bbox 1040 3736 1275 3801; x_wconf 88' lang='lat' dir='ltr'><strong>vermis</strong></span> <span class='ocrx_word' id='word_1_381' title='bbox 1336 3737 1743 3801; x_wconf 82' lang='lat' dir='ltr'><strong>conscientiae</strong></span> <span class='ocrx_word' id='word_1_382' title='bbox 1803 3739 2196 3801; x_wconf 90' lang='lat' dir='ltr'><strong>corrodentis</strong></span> <span class='ocrx_word' id='word_1_383' title='bbox 2247 3756 2261 3801; x_wconf 92' lang='lat'><strong>:</strong></span> <span class='ocrx_word' id='word_1_384' title='bbox 2310 3740 2389 3802; x_wconf 91' lang='lat' dir='ltr'><strong>de</strong></span> 
     </span>
     <span class='ocr_line' id='line_1_62' title="bbox 898 3834 2390 3917; baseline 0.002 -19"><span class='ocrx_word' id='word_1_385' title='bbox 898 3853 1027 3917; x_wconf 88' lang='lat' dir='ltr'><strong>quo</strong></span> <span class='ocrx_word' id='word_1_386' title='bbox 1073 3834 1264 3898; x_wconf 86' lang='lat' dir='ltr'><strong>Isaias</strong></span> <span class='ocrx_word' id='word_1_387' title='bbox 1308 3834 1487 3911; x_wconf 87' lang='lat' dir='ltr'><strong>dicit,</strong></span> <span class='ocrx_word' id='word_1_388' title='bbox 1520 3834 1769 3898; x_wconf 83' lang='lat' dir='ltr'><strong>Vermis</strong></span> <span class='ocrx_word' id='word_1_389' title='bbox 1814 3854 2035 3900; x_wconf 90' lang='lat' dir='ltr'><strong>eorum</strong></span> <span class='ocrx_word' id='word_1_390' title='bbox 2081 3856 2209 3899; x_wconf 90' lang='lat' dir='ltr'><strong>non</strong></span> <span class='ocrx_word' id='word_1_391' title='bbox 2257 3858 2390 3901; x_wconf 90' lang='lat' dir='ltr'><strong>mo-</strong></span> 
     </span>
     <span class='ocr_line' id='line_1_63' title="bbox 898 3934 1120 3997; baseline 0.005 -2"><span class='ocrx_word' id='word_1_392' title='bbox 898 3934 1120 3997; x_wconf 88' lang='lat' dir='ltr'><strong>rietur.</strong></span> 
     </span>
    </p>

    <p class='ocr_par' dir='ltr' id='par_1_18' title="bbox 896 4032 2389 4212">
     <span class='ocr_line' id='line_1_64' title="bbox 980 4032 2389 4109; baseline 0.001 -15"><span class='ocrx_word' id='word_1_393' title='bbox 980 4034 1127 4094; x_wconf 78' lang='lat' dir='ltr'><strong>Non</strong></span> <span class='ocrx_word' id='word_1_394' title='bbox 1147 4034 1327 4093; x_wconf 79' lang='lat' dir='ltr'><strong>sitin</strong></span> <span class='ocrx_word' id='word_1_395' title='bbox 1350 4032 1812 4102; x_wconf 80' lang='lat' dir='ltr'><strong>recorda-tione,</strong></span> <span class='ocrx_word' id='word_1_396' title='bbox 1829 4032 1891 4095; x_wconf 87' lang='lat' dir='ltr'><strong>id</strong></span> <span class='ocrx_word' id='word_1_397' title='bbox 1923 4041 2039 4109; x_wconf 88' lang='lat' dir='ltr'><strong>est,</strong></span> <span class='ocrx_word' id='word_1_398' title='bbox 2075 4033 2389 4098; x_wconf 87' lang='lat' dir='ltr'><strong>oblivioni</strong></span> 
     </span>
     <span class='ocr_line' id='line_1_65' title="bbox 896 4130 2388 4212; baseline 0.002 -20"><span class='ocrx_word' id='word_1_399' title='bbox 896 4131 1182 4192; x_wconf 88' lang='lat' dir='ltr'><strong>tradatur</strong></span> <span class='ocrx_word' id='word_1_400' title='bbox 1206 4150 1243 4193; x_wconf 91' lang='lat' dir='ltr'><strong>a</strong></span> <span class='ocrx_word' id='word_1_401' title='bbox 1266 4131 1408 4206; x_wconf 89' lang='lat' dir='ltr'><strong>De0,</strong></span> <span class='ocrx_word' id='word_1_402' title='bbox 1427 4130 1514 4191; x_wconf 78' lang='lat' dir='ltr'><strong>ita</strong></span> <span class='ocrx_word' id='word_1_403' title='bbox 1542 4131 1714 4210; x_wconf 90' lang='lat' dir='ltr'><strong>quod</strong></span> <span class='ocrx_word' id='word_1_404' title='bbox 1746 4150 1859 4212; x_wconf 91' lang='lat' dir='ltr'><strong>per</strong></span> <span class='ocrx_word' id='word_1_405' title='bbox 1888 4130 2388 4195; x_wconf 88' lang='lat' dir='ltr'><strong>misericordiam</strong></span> 
     </span>
    </p>
   </div>
   <div class='ocr_carea' id='block_1_17' title="bbox 2498 3145 4252 3228">
    <p class='ocr_par' dir='ltr' id='par_1_19' title="bbox 2498 3145 4252 3228">
     <span class='ocr_line' id='line_1_66' title="bbox 2498 3145 4252 3228; baseline 0.002 -21"><span class='ocrx_word' id='word_1_406' title='bbox 2498 3145 2576 3207; x_wconf 91' lang='lat' dir='ltr'><strong>tis</strong></span> <span class='ocrx_word' id='word_1_407' title='bbox 2616 3146 2770 3208; x_wconf 87' lang='lat' dir='ltr'><strong>dicit</strong></span> <span class='ocrx_word' id='word_1_408' title='bbox 2810 3155 2873 3208; x_wconf 87' lang='lat' dir='ltr'><strong>et</strong></span> <span class='ocrx_word' id='word_1_409' title='bbox 2914 3146 3104 3209; x_wconf 91' lang='lat' dir='ltr'><strong>Amos</strong></span> <span class='ocrx_word' id='word_1_410' title='bbox 3139 3164 3153 3207; x_wconf 76' lang='grc' dir='ltr'><em>τ</em></span> <span class='ocrx_word' id='word_1_411' title='bbox 3188 3146 3296 3209; x_wconf 81' lang='lat' dir='ltr'><strong>Vae</strong></span> <span class='ocrx_word' id='word_1_412' title='bbox 3333 3147 3445 3228; x_wconf 90' lang='lat' dir='ltr'><strong>qui</strong></span> <span class='ocrx_word' id='word_1_413' title='bbox 3485 3146 3698 3210; x_wconf 91' lang='lat' dir='ltr'><strong>dicitis</strong></span> <span class='ocrx_word' id='word_1_414' title='bbox 3732 3166 3747 3210; x_wconf 76' lang='lat'>2</span> <span class='ocrx_word' id='word_1_415' title='bbox 3788 3148 3982 3211; x_wconf 86' lang='lat' dir='ltr'><strong>Num·</strong></span> <span class='ocrx_word' id='word_1_416' title='bbox 4029 3170 4252 3213; x_wconf 63' lang='lat' dir='ltr'><strong>Ars-oms.</strong></span> 
     </span>
    </p>
   </div>
   <div class='ocr_carea' id='block_1_18' title="bbox 2497 3236 4080 3329">
    <p class='ocr_par' dir='ltr' id='par_1_20' title="bbox 2497 3236 4080 3329">
     <span class='ocr_line' id='line_1_67' title="bbox 2497 3236 4080 3329; baseline 0.003 -24"><span class='ocrx_word' id='word_1_417' title='bbox 2497 3244 2652 3325; x_wconf 89' lang='lat' dir='ltr'><strong>quid</strong></span> <span class='ocrx_word' id='word_1_418' title='bbox 2699 3262 2824 3307; x_wconf 92' lang='lat' dir='ltr'><strong>non</strong></span> <span class='ocrx_word' id='word_1_419' title='bbox 2867 3245 2932 3306; x_wconf 93' lang='lat' dir='ltr'><strong>in</strong></span> <span class='ocrx_word' id='word_1_420' title='bbox 2979 3244 3355 3307; x_wconf 82' lang='lat' dir='ltr'><strong>fortitudine</strong></span> <span class='ocrx_word' id='word_1_421' title='bbox 3394 3254 3610 3309; x_wconf 87' lang='lat' dir='ltr'><strong>nostra</strong></span> <span class='ocrx_word' id='word_1_422' title='bbox 3635 3248 3983 3329; x_wconf 86' lang='lat' dir='ltr'><strong>assumpsi·</strong></span> <span class='ocrx_word' id='word_1_423' title='bbox 4015 3236 4080 3275; x_wconf 73' lang='lat'><strong>¹⁴·</strong></span> 
     </span>
    </p>
   </div>
   <div class='ocr_carea' id='block_1_19' title="bbox 2496 3342 4242 4216">
    <p class='ocr_par' dir='ltr' id='par_1_21' title="bbox 2496 3342 4242 4216">
     <span class='ocr_line' id='line_1_68' title="bbox 2496 3342 3980 3424; baseline 0.002 -20"><span class='ocrx_word' id='word_1_424' title='bbox 2496 3361 2639 3405; x_wconf 89' lang='lat' dir='ltr'><strong>mus</strong></span> <span class='ocrx_word' id='word_1_425' title='bbox 2689 3342 2874 3405; x_wconf 91' lang='lat' dir='ltr'><strong>nobis</strong></span> <span class='ocrx_word' id='word_1_426' title='bbox 2924 3347 3206 3406; x_wconf 67' lang='lat' dir='ltr'><strong>cornua?</strong></span> <span class='ocrx_word' id='word_1_427' title='bbox 3253 3347 3340 3405; x_wconf 82' lang='lat' dir='ltr'><strong>Et</strong></span> <span class='ocrx_word' id='word_1_428' title='bbox 3384 3366 3584 3424; x_wconf 81' lang='lat' dir='ltr'><strong>quum</strong></span> <span class='ocrx_word' id='word_1_429' title='bbox 3627 3348 3866 3406; x_wconf 76' lang='lat' dir='ltr'><strong>steterit</strong></span> <span class='ocrx_word' id='word_1_430' title='bbox 3913 3347 3980 3407; x_wconf 90' lang='lat' dir='ltr'><strong>in</strong></span> 
     </span>
     <span class='ocr_line' id='line_1_69' title="bbox 2499 3442 3984 3524; baseline 0.002 -21"><span class='ocrx_word' id='word_1_431' title='bbox 2499 3442 2788 3517; x_wconf 89' lang='lat' dir='ltr'><strong>sanitate,</strong></span> <span class='ocrx_word' id='word_1_432' title='bbox 2808 3442 3227 3524; x_wconf 87' lang='lat' dir='ltr'><strong>prosperitate</strong></span> <span class='ocrx_word' id='word_1_433' title='bbox 3257 3462 3330 3505; x_wconf 91' lang='lat' dir='ltr'><strong>ac</strong></span> <span class='ocrx_word' id='word_1_434' title='bbox 3361 3442 3608 3520; x_wconf 91' lang='lat' dir='ltr'><strong>robore,</strong></span> <span class='ocrx_word' id='word_1_435' title='bbox 3627 3464 3754 3504; x_wconf 79' lang='lat' dir='ltr'><strong>non</strong></span> <span class='ocrx_word' id='word_1_436' title='bbox 3775 3448 3984 3506; x_wconf 77' lang='lat' dir='ltr'><strong>credet</strong></span> 
     </span>
     <span class='ocr_line' id='line_1_70' title="bbox 2497 3540 3988 3617; baseline 0.004 -17"><span class='ocrx_word' id='word_1_437' title='bbox 2497 3544 2648 3601; x_wconf 81' lang='lat' dir='ltr'><strong>vitoe</strong></span> <span class='ocrx_word' id='word_1_438' title='bbox 2675 3562 2830 3612; x_wconf 80' lang='lat' dir='ltr'><strong>suae,</strong></span> <span class='ocrx_word' id='word_1_439' title='bbox 2861 3540 2924 3602; x_wconf 91' lang='lat' dir='ltr'><strong>id</strong></span> <span class='ocrx_word' id='word_1_440' title='bbox 2953 3548 3070 3617; x_wconf 91' lang='lat' dir='ltr'><strong>est,</strong></span> <span class='ocrx_word' id='word_1_441' title='bbox 3103 3541 3182 3603; x_wconf 93' lang='lat' dir='ltr'><strong>de</strong></span> <span class='ocrx_word' id='word_1_442' title='bbox 3211 3541 3478 3604; x_wconf 88' lang='lat' dir='ltr'><strong>aliorum</strong></span> <span class='ocrx_word' id='word_1_443' title='bbox 3511 3550 3735 3604; x_wconf 87' lang='lat' dir='ltr'><strong>contra</strong></span> <span class='ocrx_word' id='word_1_444' title='bbox 3763 3562 3832 3605; x_wconf 91' lang='lat' dir='ltr'><strong>se</strong></span> <span class='ocrx_word' id='word_1_445' title='bbox 3859 3562 3988 3606; x_wconf 87' lang='lat' dir='ltr'><strong>ma-</strong></span> 
     </span>
     <span class='ocr_line' id='line_1_71' title="bbox 2498 3638 3986 3721; baseline 0.003 -20"><span class='ocrx_word' id='word_1_446' title='bbox 2498 3638 2864 3701; x_wconf 89' lang='lat' dir='ltr'><strong>chinatione</strong></span> <span class='ocrx_word' id='word_1_447' title='bbox 2909 3639 3032 3701; x_wconf 91' lang='lat' dir='ltr'><strong>erit</strong></span> <span class='ocrx_word' id='word_1_448' title='bbox 3080 3648 3453 3721; x_wconf 79' lang='lat' dir='ltr'><strong>suspectus3</strong></span> <span class='ocrx_word' id='word_1_449' title='bbox 3498 3659 3614 3703; x_wconf 85' lang='lat' dir='ltr'><strong>nec</strong></span> <span class='ocrx_word' id='word_1_450' title='bbox 3652 3640 3774 3703; x_wconf 90' lang='lat' dir='ltr'><strong>erit</strong></span> <span class='ocrx_word' id='word_1_451' title='bbox 3809 3660 3986 3705; x_wconf 84' lang='lat' dir='ltr'><strong>secu-</strong></span> 
     </span>
     <span class='ocr_line' id='line_1_72' title="bbox 2499 3738 3979 3822; baseline 0.003 -24"><span class='ocrx_word' id='word_1_452' title='bbox 2499 3757 2628 3814; x_wconf 81' lang='lat' dir='ltr'><strong>ruS,</strong></span> <span class='ocrx_word' id='word_1_453' title='bbox 2665 3738 2775 3800; x_wconf 88' lang='lat' dir='ltr'><strong>sed</strong></span> <span class='ocrx_word' id='word_1_454' title='bbox 2814 3738 3105 3820; x_wconf 77' lang='lat' dir='ltr'><strong>pavidus,</strong></span> <span class='ocrx_word' id='word_1_455' title='bbox 3149 3738 3234 3801; x_wconf 92' lang='lat' dir='ltr'><strong>Dc</strong></span> <span class='ocrx_word' id='word_1_456' title='bbox 3276 3738 3396 3802; x_wconf 93' lang='lat' dir='ltr'><strong>hoc</strong></span> <span class='ocrx_word' id='word_1_457' title='bbox 3435 3746 3500 3801; x_wconf 89' lang='lat' dir='ltr'><strong>et</strong></span> <span class='ocrx_word' id='word_1_458' title='bbox 3539 3758 3728 3802; x_wconf 89' lang='lat' dir='ltr'><strong>causa</strong></span> <span class='ocrx_word' id='word_1_459' title='bbox 3766 3739 3979 3822; x_wconf 88' lang='lat' dir='ltr'><strong>hujus,</strong></span> 
     </span>
     <span class='ocr_line' id='line_1_73' title="bbox 2497 3834 3981 3920; baseline 0.003 -22"><span class='ocrx_word' id='word_1_460' title='bbox 2497 3834 2667 3898; x_wconf 91' lang='lat' dir='ltr'><strong>dicta</strong></span> <span class='ocrx_word' id='word_1_461' title='bbox 2698 3844 2846 3898; x_wconf 89' lang='lat' dir='ltr'><strong>sunt</strong></span> <span class='ocrx_word' id='word_1_462' title='bbox 2876 3835 3155 3917; x_wconf 87' lang='lat' dir='ltr'><strong>plurima</strong></span> <span class='ocrx_word' id='word_1_463' title='bbox 3187 3856 3399 3920; x_wconf 88' lang='lat' dir='ltr'><strong>supra,</strong></span> <span class='ocrx_word' id='word_1_464' title='bbox 3433 3836 3544 3899; x_wconf 91' lang='lat' dir='ltr'><strong>ubi</strong></span> <span class='ocrx_word' id='word_1_465' title='bbox 3578 3837 3743 3900; x_wconf 91' lang='lat' dir='ltr'><strong>inter</strong></span> <span class='ocrx_word' id='word_1_466' title='bbox 3775 3845 3981 3902; x_wconf 87' lang='lat' dir='ltr'><strong>cetera</strong></span> 
     </span>
     <span class='ocr_line' id='line_1_74' title="bbox 2499 3934 4242 4019; baseline 0.002 -23"><span class='ocrx_word' id='word_1_467' title='bbox 2499 3934 2734 3997; x_wconf 87' lang='lat' dir='ltr'><strong>dicitur</strong></span> <span class='ocrx_word' id='word_1_468' title='bbox 2775 3952 2788 3996; x_wconf 92' lang='lat'>:</span> <span class='ocrx_word' id='word_1_469' title='bbox 2829 3934 3085 3997; x_wconf 92' lang='lat' dir='ltr'><strong>Sonitus</strong></span> <span class='ocrx_word' id='word_1_470' title='bbox 3123 3934 3383 3998; x_wconf 89' lang='lat' dir='ltr'><strong>terroris</strong></span> <span class='ocrx_word' id='word_1_471' title='bbox 3421 3954 3671 4019; x_wconf 89' lang='lat' dir='ltr'><strong>semper</strong></span> <span class='ocrx_word' id='word_1_472' title='bbox 3711 3936 3776 3997; x_wconf 91' lang='lat' dir='ltr'><strong>in</strong></span> <span class='ocrx_word' id='word_1_473' title='bbox 3816 3938 3982 4000; x_wconf 87' lang='lat' dir='ltr'><strong>auri·</strong></span> <span class='ocrx_word' id='word_1_474' title='bbox 4031 3958 4242 4002; x_wconf 55' lang='lat' dir='ltr'><strong>loon-‚za</strong></span> 
     </span>
     <span class='ocr_line' id='line_1_75' title="bbox 2497 4025 4071 4116; baseline 0.003 -23"><span class='ocrx_word' id='word_1_475' title='bbox 2497 4032 2616 4094; x_wconf 91' lang='lat' dir='ltr'><strong>bus</strong></span> <span class='ocrx_word' id='word_1_476' title='bbox 2667 4032 2872 4114; x_wconf 91' lang='lat' dir='ltr'><strong>impii,</strong></span> <span class='ocrx_word' id='word_1_477' title='bbox 2907 4040 2971 4094; x_wconf 90' lang='lat' dir='ltr'><strong>et</strong></span> <span class='ocrx_word' id='word_1_478' title='bbox 3017 4052 3216 4113; x_wconf 85' lang='lat' dir='ltr'><strong>quum</strong></span> <span class='ocrx_word' id='word_1_479' title='bbox 3261 4052 3383 4116; x_wconf 86' lang='lat' dir='ltr'><strong>pax</strong></span> <span class='ocrx_word' id='word_1_480' title='bbox 3423 4034 3526 4109; x_wconf 88' lang='lat' dir='ltr'><strong>sit,</strong></span> <span class='ocrx_word' id='word_1_481' title='bbox 3561 4034 3672 4097; x_wconf 91' lang='lat' dir='ltr'><strong>ille</strong></span> <span class='ocrx_word' id='word_1_482' title='bbox 3716 4034 3980 4099; x_wconf 89' lang='lat' dir='ltr'><strong>insidias</strong></span> <span class='ocrx_word' id='word_1_483' title='bbox 4005 4025 4071 4065; x_wconf 73' lang='lat'><strong>²⁴·</strong></span> 
     </span>
     <span class='ocr_line' id='line_1_76' title="bbox 2499 4132 3976 4216; baseline 0.002 -23"><span class='ocrx_word' id='word_1_484' title='bbox 2499 4132 2877 4213; x_wconf 90' lang='lat' dir='ltr'><strong>suspicatur.</strong></span> <span class='ocrx_word' id='word_1_485' title='bbox 2923 4132 3000 4192; x_wconf 91' lang='lat' dir='ltr'><strong>Et</strong></span> <span class='ocrx_word' id='word_1_486' title='bbox 3042 4134 3336 4212; x_wconf 85' lang='lat' dir='ltr'><strong>angustia</strong></span> <span class='ocrx_word' id='word_1_487' title='bbox 3382 4132 3645 4198; x_wconf 86' lang='lat' dir='ltr'><strong>vallabit</strong></span> <span class='ocrx_word' id='word_1_488' title='bbox 3684 4134 3976 4216; x_wconf 89' lang='lat' dir='ltr'><strong>impium.</strong></span> 
     </span>
    </p>
   </div>
   <div class='ocr_carea' id='block_1_20' title="bbox 898 4228 3975 4311">
    <p class='ocr_par' dir='ltr' id='par_1_22' title="bbox 898 4228 3975 4311">
     <span class='ocr_line' id='line_1_77' title="bbox 898 4228 3975 4311; baseline 0.002 -21"><span class='ocrx_word' id='word_1_489' title='bbox 898 4247 1078 4290; x_wconf 91' lang='lat' dir='ltr'><strong>suam</strong></span> <span class='ocrx_word' id='word_1_490' title='bbox 1109 4246 1236 4291; x_wconf 94' lang='lat' dir='ltr'><strong>non</strong></span> <span class='ocrx_word' id='word_1_491' title='bbox 1269 4228 1563 4290; x_wconf 90' lang='lat' dir='ltr'><strong>ostendat</strong></span> <span class='ocrx_word' id='word_1_492' title='bbox 1592 4247 1660 4290; x_wconf 90' lang='lat' dir='ltr'><strong>se</strong></span> <span class='ocrx_word' id='word_1_493' title='bbox 1692 4246 2036 4291; x_wconf 90' lang='lat' dir='ltr'><strong>memorem</strong></span> <span class='ocrx_word' id='word_1_494' title='bbox 2070 4230 2232 4311; x_wconf 90' lang='lat' dir='ltr'><strong>ejus.</strong></span> <span class='ocrx_word' id='word_1_495' title='bbox 2271 4231 2387 4293; x_wconf 92' lang='lat' dir='ltr'><strong>Ubi</strong></span> <span class='ocrx_word' id='word_1_496' title='bbox 2419 4234 2468 4296; x_wconf 93' lang='lat' dir='ltr'>D</span> <span class='ocrx_word' id='word_1_497' title='bbox 2579 4232 2772 4292; x_wconf 76' lang='lat' dir='ltr'><strong>Dedit</strong></span> <span class='ocrx_word' id='word_1_498' title='bbox 2797 4233 2860 4289; x_wconf 82' lang='lat' dir='ltr'><strong>ei</strong></span> <span class='ocrx_word' id='word_1_499' title='bbox 2890 4234 3060 4292; x_wconf 81' lang='lat' dir='ltr'><strong>Deus</strong></span> <span class='ocrx_word' id='word_1_500' title='bbox 3092 4236 3298 4293; x_wconf 81' lang='lat' dir='ltr'><strong>locum</strong></span> <span class='ocrx_word' id='word_1_501' title='bbox 3321 4234 3740 4309; x_wconf 72' lang='lat' dir='ltr'><strong>paenitentiae,</strong></span> <span class='ocrx_word' id='word_1_502' title='bbox 3767 4232 3830 4295; x_wconf 91' lang='lat' dir='ltr'><strong>id</strong></span> <span class='ocrx_word' id='word_1_503' title='bbox 3861 4242 3975 4311; x_wconf 86' lang='lat' dir='ltr'><strong>est,</strong></span> 
     </span>
    </p>
   </div>
   <div class='ocr_carea' id='block_1_21' title="bbox 894 4325 2394 5193">
    <p class='ocr_par' dir='ltr' id='par_1_23' title="bbox 894 4325 2394 5193">
     <span class='ocr_line' id='line_1_78' title="bbox 899 4325 2391 4411; baseline 0.004 -24"><span class='ocrx_word' id='word_1_504' title='bbox 899 4345 1117 4388; x_wconf 89' lang='lat' dir='ltr'><strong>rursus</strong></span> <span class='ocrx_word' id='word_1_505' title='bbox 1166 4325 1593 4388; x_wconf 87' lang='lat' dir='ltr'><strong>damnationis</strong></span> <span class='ocrx_word' id='word_1_506' title='bbox 1641 4326 2196 4391; x_wconf 87' lang='lat' dir='ltr'><strong>interminabilitas</strong></span> <span class='ocrx_word' id='word_1_507' title='bbox 2246 4350 2391 4411; x_wconf 89' lang='lat' dir='ltr'><strong>ape-</strong></span> 
     </span>
     <span class='ocr_line' id='line_1_79' title="bbox 898 4422 2392 4489; baseline 0.004 -5"><span class='ocrx_word' id='word_1_508' title='bbox 898 4424 1081 4485; x_wconf 89' lang='lat' dir='ltr'><strong>ritur.</strong></span> <span class='ocrx_word' id='word_1_509' title='bbox 1113 4422 1483 4487; x_wconf 88' lang='lat' dir='ltr'><strong>Econtrario</strong></span> <span class='ocrx_word' id='word_1_510' title='bbox 1521 4425 1600 4486; x_wconf 91' lang='lat' dir='ltr'><strong>de</strong></span> <span class='ocrx_word' id='word_1_511' title='bbox 1639 4424 1840 4488; x_wconf 91' lang='lat' dir='ltr'><strong>electo</strong></span> <span class='ocrx_word' id='word_1_512' title='bbox 1882 4424 2085 4487; x_wconf 89' lang='lat' dir='ltr'><strong>fertur</strong></span> <span class='ocrx_word' id='word_1_513' title='bbox 2125 4426 2192 4487; x_wconf 89' lang='lat' dir='ltr'><strong>in</strong></span> <span class='ocrx_word' id='word_1_514' title='bbox 2224 4428 2392 4489; x_wconf 86' lang='lat' dir='ltr'><strong>Psal-</strong></span> 
     </span>
     <span class='ocr_line' id='line_1_80' title="bbox 900 4520 2393 4605; baseline 0.003 -22"><span class='ocrx_word' id='word_1_515' title='bbox 900 4539 1004 4584; x_wconf 91' lang='lat' dir='ltr'><strong>mo</strong></span> <span class='ocrx_word' id='word_1_516' title='bbox 1052 4538 1065 4584; x_wconf 92' lang='lat'><strong>:</strong></span> <span class='ocrx_word' id='word_1_517' title='bbox 1114 4520 1182 4583; x_wconf 91' lang='lat' dir='ltr'><strong>In</strong></span> <span class='ocrx_word' id='word_1_518' title='bbox 1232 4521 1539 4585; x_wconf 90' lang='lat' dir='ltr'><strong>memoria</strong></span> <span class='ocrx_word' id='word_1_519' title='bbox 1590 4530 1825 4585; x_wconf 79' lang='lat' dir='ltr'><strong>aeterna</strong></span> <span class='ocrx_word' id='word_1_520' title='bbox 1872 4523 1993 4585; x_wconf 89' lang='lat' dir='ltr'><strong>erit</strong></span> <span class='ocrx_word' id='word_1_521' title='bbox 2037 4524 2270 4605; x_wconf 82' lang='lat' dir='ltr'><strong>justus,</strong></span> <span class='ocrx_word' id='word_1_522' title='bbox 2315 4525 2393 4588; x_wconf 89' lang='lat' dir='ltr'><strong>Et</strong></span> 
     </span>
     <span class='ocr_line' id='line_1_81' title="bbox 899 4619 2394 4702; baseline 0.003 -21"><span class='ocrx_word' id='word_1_523' title='bbox 899 4619 1194 4682; x_wconf 88' lang='lat' dir='ltr'><strong>Salomon</strong></span> <span class='ocrx_word' id='word_1_524' title='bbox 1232 4640 1245 4684; x_wconf 90' lang='lat'>:</span> <span class='ocrx_word' id='word_1_525' title='bbox 1274 4620 1571 4684; x_wconf 88' lang='lat' dir='ltr'><strong>Memoria</strong></span> <span class='ocrx_word' id='word_1_526' title='bbox 1597 4620 1867 4701; x_wconf 88' lang='lat' dir='ltr'><strong>(inquit.)</strong></span> <span class='ocrx_word' id='word_1_527' title='bbox 1895 4622 2050 4702; x_wconf 85' lang='lat' dir='ltr'><strong>justi</strong></span> <span class='ocrx_word' id='word_1_528' title='bbox 2081 4641 2230 4684; x_wconf 91' lang='lat' dir='ltr'><strong>cum</strong></span> <span class='ocrx_word' id='word_1_529' title='bbox 2263 4624 2394 4685; x_wconf 89' lang='lat' dir='ltr'><strong>lau-</strong></span> 
     </span>
     <span class='ocr_line' id='line_1_82' title="bbox 896 4717 2394 4801; baseline 0.001 -22"><span class='ocrx_word' id='word_1_530' title='bbox 896 4717 1133 4798; x_wconf 84' lang='lat' dir='ltr'><strong>dibus3</strong></span> <span class='ocrx_word' id='word_1_531' title='bbox 1187 4736 1420 4781; x_wconf 89' lang='lat' dir='ltr'><strong>nomen</strong></span> <span class='ocrx_word' id='word_1_532' title='bbox 1472 4718 1815 4800; x_wconf 90' lang='lat' dir='ltr'><strong>impiorum</strong></span> <span class='ocrx_word' id='word_1_533' title='bbox 1866 4727 2209 4801; x_wconf 88' lang='lat' dir='ltr'><strong>putrescet.</strong></span> <span class='ocrx_word' id='word_1_534' title='bbox 2263 4725 2394 4784; x_wconf 83' lang='lat' dir='ltr'><strong>Sed</strong></span> 
     </span>
     <span class='ocr_line' id='line_1_83' title="bbox 894 4819 2390 4899; baseline 0.003 -22"><span class='ocrx_word' id='word_1_535' title='bbox 894 4826 1263 4878; x_wconf 80' lang='lat' dir='ltr'><strong>conteratur</strong></span> <span class='ocrx_word' id='word_1_536' title='bbox 1292 4819 1484 4899; x_wconf 76' lang='lat' dir='ltr'><strong>quasi</strong></span> <span class='ocrx_word' id='word_1_537' title='bbox 1515 4820 1771 4894; x_wconf 62' lang='lat' dir='ltr'><strong>lignum</strong></span> <span class='ocrx_word' id='word_1_538' title='bbox 1800 4819 2309 4895; x_wconf 80' lang='lat' dir='ltr'><strong>infructuosum,</strong></span> <span class='ocrx_word' id='word_1_539' title='bbox 2327 4820 2390 4883; x_wconf 90' lang='lat' dir='ltr'><strong>id</strong></span> 
     </span>
     <span class='ocr_line' id='line_1_84' title="bbox 896 4914 2392 4997; baseline 0.002 -20"><span class='ocrx_word' id='word_1_540' title='bbox 896 4923 1013 4991; x_wconf 91' lang='lat' dir='ltr'><strong>est,</strong></span> <span class='ocrx_word' id='word_1_541' title='bbox 1049 4914 1243 4978; x_wconf 91' lang='lat' dir='ltr'><strong>variis</strong></span> <span class='ocrx_word' id='word_1_542' title='bbox 1285 4914 1496 4997; x_wconf 87' lang='lat' dir='ltr'><strong>poenis</strong></span> <span class='ocrx_word' id='word_1_543' title='bbox 1538 4923 1798 4991; x_wconf 90' lang='lat' dir='ltr'><strong>teratur,</strong></span> <span class='ocrx_word' id='word_1_544' title='bbox 1834 4915 1899 4977; x_wconf 91' lang='lat' dir='ltr'><strong>in</strong></span> <span class='ocrx_word' id='word_1_545' title='bbox 1938 4915 2149 4996; x_wconf 85' lang='lat' dir='ltr'><strong>ignem</strong></span> <span class='ocrx_word' id='word_1_546' title='bbox 2181 4918 2392 4980; x_wconf 87' lang='lat' dir='ltr'><strong>mitta-</strong></span> 
     </span>
     <span class='ocr_line' id='line_1_85' title="bbox 894 5014 2391 5095; baseline 0.003 -20"><span class='ocrx_word' id='word_1_547' title='bbox 894 5020 1032 5087; x_wconf 81' lang='lat' dir='ltr'><strong>tur3</strong></span> <span class='ocrx_word' id='word_1_548' title='bbox 1076 5022 1141 5076; x_wconf 92' lang='lat' dir='ltr'><strong>et</strong></span> <span class='ocrx_word' id='word_1_549' title='bbox 1179 5022 1487 5095; x_wconf 89' lang='lat' dir='ltr'><strong>quantum</strong></span> <span class='ocrx_word' id='word_1_550' title='bbox 1530 5014 1607 5075; x_wconf 91' lang='lat' dir='ltr'><strong>ad</strong></span> <span class='ocrx_word' id='word_1_551' title='bbox 1648 5032 1787 5076; x_wconf 89' lang='lat' dir='ltr'><strong>esse</strong></span> <span class='ocrx_word' id='word_1_552' title='bbox 1823 5014 2043 5093; x_wconf 81' lang='lat' dir='ltr'><strong>gratiae</strong></span> <span class='ocrx_word' id='word_1_553' title='bbox 2080 5035 2153 5079; x_wconf 85' lang='lat' dir='ltr'><strong>ac</strong></span> <span class='ocrx_word' id='word_1_554' title='bbox 2193 5016 2391 5079; x_wconf 91' lang='lat' dir='ltr'><strong>virtu-</strong></span> 
     </span>
     <span class='ocr_line' id='line_1_86' title="bbox 895 5112 2392 5193; baseline 0.002 -19"><span class='ocrx_word' id='word_1_555' title='bbox 895 5120 1046 5189; x_wconf 88' lang='lat' dir='ltr'><strong>tum,</strong></span> <span class='ocrx_word' id='word_1_556' title='bbox 1064 5113 1131 5174; x_wconf 93' lang='lat' dir='ltr'><strong>in</strong></span> <span class='ocrx_word' id='word_1_557' title='bbox 1154 5112 1428 5174; x_wconf 90' lang='lat' dir='ltr'><strong>nihilum</strong></span> <span class='ocrx_word' id='word_1_558' title='bbox 1452 5113 1793 5193; x_wconf 86' lang='lat' dir='ltr'><strong>redigatur,</strong></span> <span class='ocrx_word' id='word_1_559' title='bbox 1810 5113 1971 5176; x_wconf 89' lang='lat' dir='ltr'><strong>sicut</strong></span> <span class='ocrx_word' id='word_1_560' title='bbox 1992 5115 2392 5177; x_wconf 90' lang='lat' dir='ltr'><strong>comburitur</strong></span> 
     </span>
    </p>
   </div>
   <div class='ocr_carea' id='block_1_22' title="bbox 2497 4329 4236 5197">
    <p class='ocr_par' dir='ltr' id='par_1_24' title="bbox 2497 4329 4236 5197">
     <span class='ocr_line' id='line_1_87' title="bbox 2497 4329 3981 4410; baseline 0.002 -20"><span class='ocrx_word' id='word_1_561' title='bbox 2497 4336 2640 4410; x_wconf 92' lang='lat' dir='ltr'><strong>post</strong></span> <span class='ocrx_word' id='word_1_562' title='bbox 2671 4337 2998 4410; x_wconf 87' lang='lat' dir='ltr'><strong>peccatum</strong></span> <span class='ocrx_word' id='word_1_563' title='bbox 3041 4329 3180 4409; x_wconf 82' lang='lat' dir='ltr'><strong>ejus</strong></span> <span class='ocrx_word' id='word_1_564' title='bbox 3220 4347 3348 4391; x_wconf 91' lang='lat' dir='ltr'><strong>non</strong></span> <span class='ocrx_word' id='word_1_565' title='bbox 3389 4329 3600 4391; x_wconf 83' lang='lat' dir='ltr'><strong>statim</strong></span> <span class='ocrx_word' id='word_1_566' title='bbox 3633 4349 3778 4393; x_wconf 90' lang='lat' dir='ltr'><strong>eum</strong></span> <span class='ocrx_word' id='word_1_567' title='bbox 3807 4332 3981 4393; x_wconf 89' lang='lat' dir='ltr'><strong>dam-</strong></span> 
     </span>
     <span class='ocr_line' id='line_1_88' title="bbox 2499 4425 3982 4503; baseline 0.002 -16"><span class='ocrx_word' id='word_1_568' title='bbox 2499 4426 2696 4502; x_wconf 88' lang='lat' dir='ltr'><strong>navit,</strong></span> <span class='ocrx_word' id='word_1_569' title='bbox 2733 4426 2840 4487; x_wconf 88' lang='lat' dir='ltr'><strong>sed</strong></span> <span class='ocrx_word' id='word_1_570' title='bbox 2873 4425 3372 4489; x_wconf 88' lang='lat' dir='ltr'><strong>misericorditer</strong></span> <span class='ocrx_word' id='word_1_571' title='bbox 3401 4426 3672 4503; x_wconf 88' lang='lat' dir='ltr'><strong>distulit,</strong></span> <span class='ocrx_word' id='word_1_572' title='bbox 3705 4428 3866 4490; x_wconf 90' lang='lat' dir='ltr'><strong>dans</strong></span> <span class='ocrx_word' id='word_1_573' title='bbox 3897 4428 3982 4490; x_wconf 90' lang='lat' dir='ltr'><strong>lo-</strong></span> 
     </span>
     <span class='ocr_line' id='line_1_89' title="bbox 2499 4524 3982 4607; baseline 0.001 -21"><span class='ocrx_word' id='word_1_574' title='bbox 2499 4543 2668 4601; x_wconf 87' lang='lat' dir='ltr'><strong>cum,</strong></span> <span class='ocrx_word' id='word_1_575' title='bbox 2705 4532 2978 4605; x_wconf 90' lang='lat' dir='ltr'><strong>tempus,</strong></span> <span class='ocrx_word' id='word_1_576' title='bbox 3004 4531 3067 4585; x_wconf 90' lang='lat' dir='ltr'><strong>et</strong></span> <span class='ocrx_word' id='word_1_577' title='bbox 3099 4524 3638 4605; x_wconf 86' lang='lat' dir='ltr'><strong>opportunitatem</strong></span> <span class='ocrx_word' id='word_1_578' title='bbox 3673 4525 3982 4607; x_wconf 88' lang='lat' dir='ltr'><strong>poeniten-</strong></span> 
     </span>
     <span class='ocr_line' id='line_1_90' title="bbox 2499 4622 3975 4704; baseline 0.002 -22"><span class='ocrx_word' id='word_1_579' title='bbox 2499 4622 2586 4683; x_wconf 90' lang='lat' dir='ltr'><strong>di.</strong></span> <span class='ocrx_word' id='word_1_580' title='bbox 2637 4622 2779 4685; x_wconf 88' lang='lat' dir='ltr'><strong>Ideo</strong></span> <span class='ocrx_word' id='word_1_581' title='bbox 2818 4622 3113 4704; x_wconf 90' lang='lat' dir='ltr'><strong>equidem</strong></span> <span class='ocrx_word' id='word_1_582' title='bbox 3157 4623 3320 4685; x_wconf 89' lang='lat' dir='ltr'><strong>Deus</strong></span> <span class='ocrx_word' id='word_1_583' title='bbox 3357 4622 3578 4685; x_wconf 82' lang='lat' dir='ltr'><strong>differt</strong></span> <span class='ocrx_word' id='word_1_584' title='bbox 3611 4623 3975 4699; x_wconf 88' lang='lat' dir='ltr'><strong>vindictam,</strong></span> 
     </span>
     <span class='ocr_line' id='line_1_91' title="bbox 2499 4720 3978 4803; baseline 0.001 -21"><span class='ocrx_word' id='word_1_585' title='bbox 2499 4729 2568 4783; x_wconf 90' lang='lat' dir='ltr'><strong>ut</strong></span> <span class='ocrx_word' id='word_1_586' title='bbox 2611 4728 2904 4802; x_wconf 85' lang='lat' dir='ltr'><strong>peccator</strong></span> <span class='ocrx_word' id='word_1_587' title='bbox 2949 4739 3016 4783; x_wconf 93' lang='lat' dir='ltr'><strong>se</strong></span> <span class='ocrx_word' id='word_1_588' title='bbox 3055 4720 3351 4801; x_wconf 85' lang='lat' dir='ltr'><strong>corrigat.</strong></span> <span class='ocrx_word' id='word_1_589' title='bbox 3401 4721 3662 4802; x_wconf 84' lang='lat' dir='ltr'><strong>Propter</strong></span> <span class='ocrx_word' id='word_1_590' title='bbox 3705 4722 3876 4803; x_wconf 88' lang='lat' dir='ltr'><strong>quod</strong></span> <span class='ocrx_word' id='word_1_591' title='bbox 3915 4722 3978 4783; x_wconf 90' lang='lat' dir='ltr'><strong>in</strong></span> 
     </span>
     <span class='ocr_line' id='line_1_92' title="bbox 2499 4818 4236 4899; baseline 0.001 -18"><span class='ocrx_word' id='word_1_592' title='bbox 2499 4818 2940 4883; x_wconf 86' lang='lat' dir='ltr'><strong>Ecclesiastico</strong></span> <span class='ocrx_word' id='word_1_593' title='bbox 2984 4818 3217 4899; x_wconf 86' lang='lat' dir='ltr'><strong>legitur</strong></span> <span class='ocrx_word' id='word_1_594' title='bbox 3264 4837 3277 4880; x_wconf 73' lang='grc' dir='ltr'>ε</span> <span class='ocrx_word' id='word_1_595' title='bbox 3317 4818 3568 4882; x_wconf 89' lang='lat' dir='ltr'><strong>Nemini</strong></span> <span class='ocrx_word' id='word_1_596' title='bbox 3608 4820 3783 4882; x_wconf 87' lang='lat' dir='ltr'><strong>dedit</strong></span> <span class='ocrx_word' id='word_1_597' title='bbox 3819 4821 3980 4883; x_wconf 87' lang='lat' dir='ltr'><strong>Deus</strong></span> <span class='ocrx_word' id='word_1_598' title='bbox 4031 4846 4236 4889; x_wconf 52' lang='lat' dir='ltr'><strong>mezen.</strong></span> 
     </span>
     <span class='ocr_line' id='line_1_93' title="bbox 2499 4911 4070 5000; baseline -0.001 -20"><span class='ocrx_word' id='word_1_599' title='bbox 2499 4918 2774 5000; x_wconf 90' lang='lat' dir='ltr'><strong>spatium</strong></span> <span class='ocrx_word' id='word_1_600' title='bbox 2806 4917 3134 5000; x_wconf 88' lang='lat' dir='ltr'><strong>peccandi.</strong></span> <span class='ocrx_word' id='word_1_601' title='bbox 3168 4918 3244 4979; x_wconf 89' lang='lat' dir='ltr'><strong>Et</strong></span> <span class='ocrx_word' id='word_1_602' title='bbox 3285 4917 3350 4978; x_wconf 90' lang='lat' dir='ltr'><strong>in</strong></span> <span class='ocrx_word' id='word_1_603' title='bbox 3391 4916 3730 4999; x_wconf 77' lang='lat' dir='ltr'><strong>Sapientiae</strong></span> <span class='ocrx_word' id='word_1_604' title='bbox 3764 4917 3930 4981; x_wconf 91' lang='lat' dir='ltr'><strong>libro</strong></span> <span class='ocrx_word' id='word_1_605' title='bbox 3963 4936 3976 4979; x_wconf 92' lang='lat'><strong>:</strong></span> <span class='ocrx_word' id='word_1_606' title='bbox 4005 4911 4070 4951; x_wconf 78' lang='lat'><strong>²¹·</strong></span> 
     </span>
     <span class='ocr_line' id='line_1_94' title="bbox 2499 5014 4236 5097; baseline -0.005 -19"><span class='ocrx_word' id='word_1_607' title='bbox 2499 5014 2807 5079; x_wconf 82' lang='lat' dir='ltr'><strong>Misere-ris</strong></span> <span class='ocrx_word' id='word_1_608' title='bbox 2847 5015 3158 5091; x_wconf 91' lang='lat' dir='ltr'><strong>omnium,</strong></span> <span class='ocrx_word' id='word_1_609' title='bbox 3195 5016 3482 5091; x_wconf 90' lang='lat' dir='ltr'><strong>Domine,</strong></span> <span class='ocrx_word' id='word_1_610' title='bbox 3515 5016 3820 5097; x_wconf 88' lang='lat' dir='ltr'><strong>quoniam</strong></span> <span class='ocrx_word' id='word_1_611' title='bbox 3851 5035 3982 5079; x_wconf 93' lang='lat' dir='ltr'><strong>om—</strong></span> <span class='ocrx_word' id='word_1_612' title='bbox 4017 5034 4236 5091; x_wconf 42' lang='lat' dir='ltr'><strong>sapsam.</strong></span> 
     </span>
     <span class='ocr_line' id='line_1_95' title="bbox 2499 5114 3980 5197; baseline 0 -19"><span class='ocrx_word' id='word_1_613' title='bbox 2499 5116 2604 5178; x_wconf 89' lang='lat' dir='ltr'><strong>nia</strong></span> <span class='ocrx_word' id='word_1_614' title='bbox 2637 5124 2847 5197; x_wconf 88' lang='lat' dir='ltr'><strong>potes;</strong></span> <span class='ocrx_word' id='word_1_615' title='bbox 2875 5124 2936 5177; x_wconf 91' lang='lat' dir='ltr'><strong>et</strong></span> <span class='ocrx_word' id='word_1_616' title='bbox 2967 5114 3334 5177; x_wconf 87' lang='lat' dir='ltr'><strong>dissimulas</strong></span> <span class='ocrx_word' id='word_1_617' title='bbox 3368 5122 3622 5197; x_wconf 87' lang='lat' dir='ltr'><strong>peccata</strong></span> <span class='ocrx_word' id='word_1_618' title='bbox 3651 5115 3980 5178; x_wconf 88' lang='lat' dir='ltr'><strong>hominum</strong></span> 
     </span>
    </p>
   </div>
   <div class='ocr_carea' id='block_1_23' title="bbox 620 5210 3980 5296">
    <p class='ocr_par' dir='ltr' id='par_1_25' title="bbox 620 5210 3980 5296">
     <span class='ocr_line' id='line_1_96' title="bbox 620 5210 3980 5296; baseline -0.001 -19"><span class='ocrx_word' id='word_1_619' title='bbox 620 5233 789 5277; x_wconf 65' lang='lat' dir='ltr'><strong>Mami.</strong></span> <span class='ocrx_word' id='word_1_620' title='bbox 808 5248 865 5287; x_wconf 77' lang='lat' dir='ltr'><strong>m,</strong></span> <span class='ocrx_word' id='word_1_621' title='bbox 895 5211 1111 5274; x_wconf 90' lang='lat' dir='ltr'><strong>sterile</strong></span> <span class='ocrx_word' id='word_1_622' title='bbox 1141 5211 1405 5289; x_wconf 82' lang='lat' dir='ltr'><strong>lignum,</strong></span> <span class='ocrx_word' id='word_1_623' title='bbox 1416 5210 1595 5291; x_wconf 82' lang='lat' dir='ltr'><strong>juxta</strong></span> <span class='ocrx_word' id='word_1_624' title='bbox 1626 5211 1786 5272; x_wconf 92' lang='lat' dir='ltr'><strong>illud</strong></span> <span class='ocrx_word' id='word_1_625' title='bbox 1818 5211 1883 5273; x_wconf 90' lang='lat' dir='ltr'><strong>in</strong></span> <span class='ocrx_word' id='word_1_626' title='bbox 1916 5212 2232 5275; x_wconf 78' lang='lat' dir='ltr'><strong>Matthaeo:</strong></span> <span class='ocrx_word' id='word_1_627' title='bbox 2256 5213 2391 5277; x_wconf 91' lang='lat' dir='ltr'><strong>Om-</strong></span> <span class='ocrx_word' id='word_1_628' title='bbox 2496 5222 2756 5296; x_wconf 90' lang='lat' dir='ltr'><strong>propter</strong></span> <span class='ocrx_word' id='word_1_629' title='bbox 2796 5213 3261 5295; x_wconf 85' lang='lat' dir='ltr'><strong>poenitentiam.</strong></span> <span class='ocrx_word' id='word_1_630' title='bbox 3309 5218 3392 5275; x_wconf 79' lang='lat' dir='ltr'><strong>Et</strong></span> <span class='ocrx_word' id='word_1_631' title='bbox 3431 5216 3543 5274; x_wconf 83' lang='lat' dir='ltr'><strong>ille</strong></span> <span class='ocrx_word' id='word_1_632' title='bbox 3581 5216 3880 5275; x_wconf 75' lang='lat' dir='ltr'><strong>abutitur</strong></span> <span class='ocrx_word' id='word_1_633' title='bbox 3915 5236 3980 5274; x_wconf 78' lang='lat' dir='ltr'><strong>eo</strong></span> 
     </span>
    </p>
   </div>
   <div class='ocr_carea' id='block_1_24' title="bbox 606 5299 671 5340">
    <p class='ocr_par' dir='ltr' id='par_1_26' title="bbox 606 5299 671 5340">
     <span class='ocr_line' id='line_1_97' title="bbox 606 5299 671 5340; baseline 0 -1"><span class='ocrx_word' id='word_1_634' title='bbox 606 5299 671 5340; x_wconf 77' lang='lat'><strong>¹0.</strong></span> 
     </span>
    </p>
   </div>
   <div class='ocr_carea' id='block_1_25' title="bbox 896 5308 2382 5391">
    <p class='ocr_par' dir='ltr' id='par_1_27' title="bbox 896 5308 2382 5391">
     <span class='ocr_line' id='line_1_98' title="bbox 896 5308 2382 5391; baseline 0.003 -22"><span class='ocrx_word' id='word_1_635' title='bbox 896 5308 996 5369; x_wconf 92' lang='lat' dir='ltr'><strong>nis</strong></span> <span class='ocrx_word' id='word_1_636' title='bbox 1026 5309 1215 5372; x_wconf 90' lang='lat' dir='ltr'><strong>arbor</strong></span> <span class='ocrx_word' id='word_1_637' title='bbox 1252 5328 1395 5390; x_wconf 85' lang='lat' dir='ltr'><strong>quae</strong></span> <span class='ocrx_word' id='word_1_638' title='bbox 1436 5328 1562 5372; x_wconf 93' lang='lat' dir='ltr'><strong>non</strong></span> <span class='ocrx_word' id='word_1_639' title='bbox 1605 5309 1757 5373; x_wconf 90' lang='lat' dir='ltr'><strong>facit</strong></span> <span class='ocrx_word' id='word_1_640' title='bbox 1798 5309 2075 5373; x_wconf 89' lang='lat' dir='ltr'><strong>fructum</strong></span> <span class='ocrx_word' id='word_1_641' title='bbox 2116 5312 2382 5391; x_wconf 92' lang='lat' dir='ltr'><strong>bonum,</strong></span> 
     </span>
    </p>
   </div>
   <div class='ocr_carea' id='block_1_26' title="bbox 2497 5311 3980 5394">
    <p class='ocr_par' dir='ltr' id='par_1_28' title="bbox 2497 5311 3980 5394">
     <span class='ocr_line' id='line_1_99' title="bbox 2497 5311 3980 5394; baseline 0.002 -23"><span class='ocrx_word' id='word_1_642' title='bbox 2497 5315 2570 5373; x_wconf 82' lang='lat' dir='ltr'><strong>in</strong></span> <span class='ocrx_word' id='word_1_643' title='bbox 2599 5313 3008 5390; x_wconf 80' lang='lat' dir='ltr'><strong>superbiam;</strong></span> <span class='ocrx_word' id='word_1_644' title='bbox 3023 5311 3085 5373; x_wconf 91' lang='lat' dir='ltr'><strong>id</strong></span> <span class='ocrx_word' id='word_1_645' title='bbox 3115 5320 3230 5389; x_wconf 91' lang='lat' dir='ltr'><strong>est,</strong></span> <span class='ocrx_word' id='word_1_646' title='bbox 3266 5311 3404 5375; x_wconf 87' lang='lat' dir='ltr'><strong>loco</strong></span> <span class='ocrx_word' id='word_1_647' title='bbox 3435 5318 3496 5373; x_wconf 86' lang='lat' dir='ltr'><strong>et</strong></span> <span class='ocrx_word' id='word_1_648' title='bbox 3529 5318 3814 5393; x_wconf 87' lang='lat' dir='ltr'><strong>tempore</strong></span> <span class='ocrx_word' id='word_1_649' title='bbox 3850 5330 3980 5394; x_wconf 89' lang='lat' dir='ltr'><strong>poe-</strong></span> 
     </span>
    </p>
   </div>
  </div>
 </body>
</html>
