4309 6259
606 2464 864 2520 wlstanum,

603 2542 716 2574 xxm.

892 494 1012 557 266

1190 511 1539 558 ENARRA‘HO
1583 512 1646 556 m
1688 511 1826 556 CAP.
1872 510 2062 556 XXXIV
2107 510 2263 555 unm
2306 510 2558 555 summm
2597 509 3127 555 PARALIPOHENON.
3174 528 3255 537 —
3293 508 3435 553 ΛΒΤ.
3481 507 3671 553 XXXIV

889 686 1091 743 multo
1141 684 1390 761 majora
1438 684 1736 761 deliquit.
1779 686 2114 761 Quumque
2158 683 2379 760 conju·
2406 680 2456 743 A
2488 680 2675 743 finita
2716 680 2799 743 sit
2842 680 3277 744 misericordia
3308 679 3413 742 Dei
3448 679 3514 741 in
3553 678 3684 741 suis
3719 678 3967 750 electiS‚

887 793 1134 843 rassent
1181 787 1490 843 adversus
1529 803 1676 843 eum
1719 783 1891 841 servi
1932 783 2064 850 sui,
2115 783 2181 841 in
2193 783 2378 859 terfe-

887 891 1114 941 cerunt
1163 903 1310 942 cum
1342 884 1411 941 in
1457 886 1640 942 domo
1687 901 1828 940 sua.
1867 882 2068 941 Porro
2120 881 2375 958 reliqua

881 983 1115 1059 populi
1143 984 1516 1052 multitudO,
1539 982 1714 1041 coesis
1745 982 1845 1039 his
1864 980 1981 1058 qui
1999 982 2211 1039 Amon
2234 999 2377 1055 per-

887 1090 1240 1149 cusserant,
1267 1083 1599 1141 constituit
1635 1100 1844 1155 ressem
1880 1081 2125 1140 Josiam
2155 1081 2377 1156 filium

887 1180 1030 1256 ejus
1083 1200 1205 1256 pro
1248 1200 1338 1240 eo,
1395 1179 1533 1241 Haec
1591 1178 1808 1242 omnia
1854 1186 2081 1259 quarto
2138 1177 2375 1256 Regum

601 1280 865 1387 {ngffln'
893 1277 1058 1339 libro
1090 1278 1376 1359 exposita
1419 1287 1587 1354 sunt,
1624 1296 1766 1358 quae
1811 1276 1899 1339 ibi
1945 1276 2373 1357 requirantur.

971 1377 1061 1439 Ex
1094 1377 1213 1439 isto
1243 1377 1542 1440 docemur
1571 1374 1849 1458 capitulo
1882 1394 2074 1459 quam
2107 1393 2255 1438 vere
2288 1374 2378 1437 in-

2486 789 2547 843 et
2576 781 2747 862 quod
2787 780 2866 843 de
2898 780 3074 843 nullo
3124 780 3207 840 sit
3258 780 3717 861 desperandum
3745 804 3760 853 ;
3790 778 3969 859 quod

2486 880 2637 943 itcm
2688 879 2941 942 salubre
2991 880 3070 941 sit
3118 878 3432 941 sustinere
3489 880 3770 952 adversa,
3821 896 3971 959 quae

2486 986 2632 1041 sunt
2662 978 2879 1040 multis
2901 978 3123 1040 salutis
3154 978 3424 1041 occasio.
3448 978 3661 1058 Itaque
3680 978 3791 1058 qui
3814 984 3967 1048 stat,
3999 998 4225 1047 tecam.

2486 1078 2697 1140 videat
2740 1095 2821 1139 nc
2864 1078 3067 1153 cadat,
3104 1096 3221 1139 nec
3252 1077 3461 1157 lapsos
3506 1084 3569 1137 et
3598 1075 3825 1157 impios
3878 1095 3973 1137 as·

2484 1184 2788 1259 pernctur
2838 1175 3111 1250 incaute,
3153 1174 3455 1257 quoniam
3506 1174 3573 1235 hi
3621 1193 3779 1255 quos
3831 1175 3975 1256 ipsc

2486 1276 2675 1338 hodie
2696 1275 2947 1340 videtur
2968 1276 3343 1356 praecedcre,
3364 1292 3503 1337 cras
3526 1273 3736 1336 forsan
3758 1272 3975 1355 ipsum

2488 1374 2869 1457 praecedent.

1891 1806 2541 1921 ARTICULUS
2624 1808 2989 1891 XXXIV

1271 2084 1647 2129 DECLARATIO
1690 2084 1960 2129 CAPlTULl
2003 2082 2305 2127 Talei-:slat
2348 2081 2572 2135 QUARTl
2616 2081 2630 2125 2
2677 2081 2826 2126 OCTO
2872 2082 3161 2127 ANNomm
3206 2084 3364 2127 ERAT
3404 2082 3606 2127 Josms

2007 2182 2171 2235 Quum
2214 2181 2499 2225 REGNARE
2539 2180 2871 2226 COEPISSET.

1048 2461 1225 2524 UJUS
1246 2460 1509 2543 capituli
1533 2460 1861 2535 sententia,
1881 2460 1946 2521 in
1969 2477 2097 2540 quo
2118 2466 2283 2529 aetas
2302 2456 2387 2520 vi·
2421 2455 2467 2517 B
2500 2462 2598 2521 tit.
2639 2462 2972 2539 Quumque
3002 2463 3244 2521 altaria
3288 2462 3655 2536 dissipasset
3694 2472 3754 2521 et
3782 2466 3987 2532 lucos,

1063 2569 1141 2637 ta,
1165 2560 1541 2640 gubernatio
1560 2559 1744 2622 Josiae
1777 2558 2180 2649 describitur,
2196 2576 2385 2637 quar-

898 2669 962 2723 to
996 2660 1232 2740 Regum
1266 2658 1430 2721 libro
1471 2658 1832 2720 continetur
1870 2664 2060 2738 atquc
2099 2655 2385 2737 exposita

897 2768 994 2821 est
1029 2776 1043 2819 :
1079 2758 1220 2819 ideo
1263 2775 1390 2819 non
1423 2765 1518 2817 cst
1563 2756 2052 2819 immorandum.
2088 2760 2233 2818 Octo
2273 2774 2385 2814 an-

899 2878 1130 2919 norum
1180 2866 1318 2917 erat
1355 2857 1562 2916 Josias
1605 2876 1805 2934 quum
1853 2876 2125 2931 reynare
2166 2855 2386 2932 caepis-

896 2968 1008 3029 set,
1039 2966 1100 3017 et
1147 2957 1420 3031 triyinta
1461 2964 1520 3015 et
1567 2976 1695 3016 uno
1741 2974 1911 3015 anno
1963 2958 2259 3033 regnavit
2311 2957 2383 3015 in

895 3059 1268 3119 Jerusalem.
1308 3056 1601 3134 Fecitque
1641 3058 1812 3133 quod
1847 3064 1984 3114 crat
2020 3063 2267 3113 rectum
2311 3056 2382 3114 in

897 3163 1226 3231 conspectu
1274 3155 1565 3224 Domini,
1614 3163 1672 3214 et
1718 3155 2079 3213 ambulavit
2127 3154 2197 3212 in
2257 3154 2384 3212 viis

897 3254 1116 3315 David
1140 3254 1354 3331 patris
1385 3254 1519 3323 sui‚·
1547 3272 1673 3311 non
1694 3253 2048 3312 declinavit
2077 3271 2279 3330 neque
2298 3254 2385 3311 ad

899 3356 1257 3421 dexteram,
1289 3371 1491 3430 neque
1521 3354 1606 3411 ad
1633 3352 1991 3411 sinistram.

1002 3456 1228 3513 Octavo
1278 3460 1492 3510 autem
1543 3468 1714 3509 anno
1771 3451 1959 3523 reqni
2001 3450 2134 3517 sui,
2182 3469 2383 3528 quum

902 3551 1116 3609 adhuc
1161 3557 1312 3608 esset
1355 3568 1544 3624 puer,
1594 3556 1812 3628 utpote
1861 3546 2136 3610 sedecim
2194 3564 2386 3609 anno-

2494 2568 2553 2618 et
2581 2561 2915 2637 sculptilia
2944 2561 3343 2619 contrivisset
3372 2560 3444 2619 in
3464 2561 3703 2636 frusta,
3726 2572 3990 2621 cuncta-

2492 2678 2616 2737 que
2650 2662 2947 2727 delubra,
2988 2657 3051 2719 id
3089 2666 3185 2720 est
3226 2658 3462 2739 templa
3507 2658 3843 2733 idolorum,
3880 2662 3989 2718 de-

2492 2757 2756 2815 molitus
2786 2767 2963 2825 esset,
2986 2775 3111 2819 non
3144 2756 3351 2818 solum
3384 2756 3449 2817 in
3480 2772 3673 2835 regno
3710 2776 3843 2832 suo,
3869 2758 3989 2819 sed

2495 2854 2644 2916 item
2684 2855 2748 2915 in
2781 2863 2947 2917 terra
2977 2855 3197 2917 decem
3230 2854 3534 2931 tribuum,
3568 2858 3646 2914 de
3678 2858 3989 2917 universa

2494 2962 2667 3013 terra
2697 2956 2925 3026 Israel,
2960 2974 3251 3014 reversus
3278 2964 3367 3013 est
3397 2956 3467 3013 in
3498 2957 3881 3015 Jerusalem.

2591 3055 2806 3132 Igitur
2860 3073 3034 3112 anno
3092 3056 3553 3113 octavodecimo
3607 3056 3796 3129 req-ni
3848 3058 3985 3125 sui,

2496 3156 2813 3215 mundata
2855 3153 3005 3229 jam
3064 3165 3235 3211 terra
3290 3162 3349 3211 et
3409 3156 3636 3229 templo
3684 3155 3986 3225 Domini,

2494 3254 2670 3312 misit
2704 3253 2973 3328 Saphan
3020 3252 3239 3326 filium
3270 3252 3525 3319 Eselioe,
3568 3261 3627 3309 et
3656 3254 3989 3312 Maasiam

2483 3352 2849 3430 principem
2899 3350 3208 3420 civitatis,
3258 3358 3317 3408 et
3362 3352 3525 3410 Joha
3571 3351 3793 3427 filium
3834 3353 3989 3411 Joa-

2492 3452 2649 3509 chaz
2681 3470 2722 3508 a
2749 3450 3247 3519 commentariis,
3282 3457 3353 3507 ut
3394 3448 3837 3507 instaurarent
3874 3453 3991 3509 do-

2498 3568 2675 3608 mum
2718 3548 2987 3608 Domini
3032 3549 3154 3606 Dei
3192 3548 3321 3606 sui.
3367 3548 3495 3614 Qui
3540 3556 3853 3608 venerunt
3900 3552 3993 3609 ad

903 3666 1066 3722 rum,
1097 3649 1286 3723 ca‘pit
1320 3666 1603 3726 quoerere
1633 3648 1840 3706 Deum
1873 3648 2085 3723 patris
2121 3647 2230 3704 sui
2255 3647 2386 3705 Da·
2420 3645 2463 3708 C
2498 3646 2789 3706 IIeleiam
2820 3647 3207 3703 sacerdotem
3228 3662 3582 3721 maynum,·
3610 3654 3993 3724 acceptaque

903 3749 1036 3807 vid.
1072 3746 1222 3821 1m0‚
1258 3753 1328 3807 ut
1356 3744 1665 3825 Joscphus
1697 3752 1928 3819 narrat,
1964 3752 2190 3824 quarto
2218 3762 2387 3805 anno

905 3844 1082 3924 regni
1117 3843 1212 3905 sui
1242 3861 1442 3924 quum
1483 3842 1816 3905 duodecim
1849 3850 2008 3904 esset
2045 3860 2381 3917 annorum,

901 3943 1096 4025 coepit
1154 3941 1460 4024 populum
1520 3941 1600 4003 ab
1661 3940 2018 4003 idololatria
2069 3958 2382 4015 revocare,

903 4059 1225 4124 pravaque
1267 4040 1470 4121 opera‘
1507 4048 1806 4120 tanquam
1845 4038 2058 4100 senior
2097 4039 2389 4100 emenda·

903 4160 992 4203 ro.
1031 4144 1114 4201 Et
1141 4140 1514 4199 duodecimo
1553 4157 1724 4197 anno
1749 4147 2088 4216 postquam
2121 4157 2390 4213 reynare

903 4248 1193 4315 coeperat,
1245 4240 1590 4297 mundavit
1637 4239 1879 4296 Judam
1927 4246 1984 4297 et
2031 4238 2389 4297 Jerusalem

903 4338 982 4396 ab
1010 4337 1272 4395 excelsis
1299 4344 1358 4394 et
1390 4336 1575 4404 luci&
1614 4336 2108 4413 simulacrisque
2137 4344 2197 4394 et
2225 4339 2391 4394 scul-

899 4436 1192 4510 ptilibus.
1229 4436 1822 4510 Destruoeeruntque
1865 4452 2079 4493 coram
2121 4453 2190 4493 eo
2238 4453 2391 4492 aras

907 4533 1198 4601 Baalim,
1217 4541 1275 4590 et
1302 4532 1654 4589 simulacra
1688 4552 1834 4609 quoe
1861 4532 2259 4607 superposita
2288 4532 2393 4607 fu·

907 4639 1120 4699 erant,
1154 4629 1447 4689 demoliti
1474 4637 1646 4688 sunt.
1681 4631 1886 4688 Lucos
1916 4631 2112 4689 etiam
2143 4639 2204 4689 et
2231 4632 2393 4688 seul-

2496 3745 2575 3803 ab
2592 3764 2660 3801 eo
2676 3744 2981 3821 pecunia,
3002 3763 3144 3821 quae
3168 3744 3357 3801 illata
3385 3742 3607 3818 fuerat
3630 3744 3699 3801 in
3718 3746 3991 3803 domum

2499 3843 2791 3909 Domini,
2820 3850 2879 3899 et
2926 3860 3123 3919 quam
3164 3852 3709 3916 conqreqaverant
3742 3844 3995 3904 Levita?

2496 3948 2553 3999 et
2561 3941 2887 4016 janitores
2902 3942 2983 3998 de
3004 3942 3300 4000 Manasse
3318 3948 3378 3997 et
3400 3940 3719 4015 Ephraim
3746 3950 3807 3999 et
3840 3944 3998 4000 uni-

2498 4040 2697 4098 versis
2726 4038 3025 4116 reliquiis
3045 4040 3273 4107 Israel,
3304 4040 3384 4096 ab
3402 4040 3584 4097 omni
3614 4058 3861 4117 quoque
3878 4042 3995 4100 Ju—

2496 4140 2583 4196 (la
2622 4146 2681 4196 et
2720 4137 3097 4213 Benjamin,
3128 4145 3187 4195 et
3229 4138 3697 4195 habitatoribus
3730 4140 3996 4198 Jerusa-

2503 4238 2649 4303 lem,
2692 4236 3109 4294 tradiderunt
3154 4236 3226 4293 in
3266 4236 3565 4294 manibus
3608 4255 3827 4295 eorum
3870 4240 3996 4315 qui

2492 4343 2821 4413 prceerant
2865 4335 3181 4409 operariis
3230 4336 3302 4393 in
3346 4336 3532 4393 domo
3570 4336 3865 4403 Domini,
3920 4346 3993 4395 u!

2504 4434 2947 4491 instaurarent
2980 4434 3312 4507 templum,
3332 4441 3390 4490 et
3422 4433 3691 4507 infirma
3721 4453 3995 4511 quoeqm·

2498 4532 2836 4589 sarcirent.
2861 4533 2949 4590 At
2978 4530 3086 4587 illi
3112 4532 3427 4589 dederunt
3453 4549 3595 4589 eam
3624 4532 3995 4607 artificibus

2500 4639 2558 4688 et
2588 4628 3037 4695 camaentariiS,
3074 4636 3146 4686 ut
3182 4638 3465 4687 emerent
3506 4630 3751 4704 lapides
3788 4631 3864 4687 de
3896 4634 3994 4690 Ια-

903 4729 1106 4805 ptilia
1136 4728 1410 4787 succidit
1441 4737 1629 4805 atque
1669 4728 2074 4797 comminuit,
2107 4736 2168 4787 et
2203 4746 2394 4803 super
2496 4726 2839 4804 pieidinis,
2869 4735 2927 4785 et
2960 4727 3141 4801 liqna
3186 4728 3273 4784 ad
3315 4728 3763 4787 commissuras
3791 4731 3997 4805 aedifi-

915 4830 1194 4886 tumulos
1223 4846 1443 4885 eorum
1473 4826 1590 4903 qui
1623 4826 1715 4883 eis
1759 4826 2097 4884 immolare
2139 4844 2395 4885 consue·
2426 4831 2476 4894 D
2503 4828 2616 4894 cii,
2647 4834 2708 4885 et
2744 4828 2832 4884 ad
2872 4826 3417 4899 contiynationem
3456 4827 3793 4886 domorum
3830 4848 3997 4907 quas

913 4932 1155 4993 verant,
1177 4924 1546 5000 fracmenta
1565 4924 1891 4999 dispersit.
1920 4926 2068 4984 Ossa
2085 4934 2396 4998 pra2terea
2504 4928 2961 4985 destruxerant
2981 4942 3155 4997 reyes
3175 4924 3223 4982 J
3220 4926 3350 4982 uda
3366 4944 3387 4982 .·
3409 4926 3527 5001 qui
3544 4928 3821 5000 fideliter
3840 4946 4000 4987 cun-

911 5024 1310 5083 sacerdotum
1348 5023 1686 5081 combussit
1733 5022 1800 5079 in
1847 5022 2167 5079 altaribus
2206 5023 2399 5081 idolo·
2506 5034 2605 5083 eta
2625 5024 2973 5100 faciebant.
2997 5023 3211 5082 Erant
3239 5030 3453 5081 autem
3486 5026 3821 5099 praepositi
3852 5044 4001 5101 ope—

915 5142 1088 5191 rum,
1128 5120 1591 5198 mundavitque
1620 5121 1865 5178 ,Iudam
1913 5128 1972 5178 et
2015 5121 2393 5180 Jerusalem.
2509 5124 2827 5190 mutium,
2850 5122 3086 5179 Jahath
3109 5129 3169 5179 et
3188 5121 3454 5190 Abdum,
3479 5122 3719 5181 Levitce
3734 5125 3815 5182 de
3829 5126 4001 5199 filiis

915 5222 1044 5281 Sed
1071 5229 1130 5279 et
1169 5220 1244 5277 in
1287 5219 1549 5277 urbibus
1581 5220 1877 5277 Manasse
1903 5227 1961 5276 et
1990 5218 2313 5293 Ephraim
2342 5227 2401 5277 et
2511 5220 2781 5288 Alerari,
2826 5219 3180 5278 Zacharias
3224 5227 3284 5276 et
3333 5220 3667 5279 silosollam
3712 5223 3790 5279 de
3830 5224 4001 5296 filiis

915 5321 1182 5381 Simeon
1231 5336 1428 5395 usque
1461 5317 1835 5393 Nephthali,
1876 5325 2108 5376 cuncta
2151 5318 2403 5375 subver-
2517 5318 2743 5385 Caath-,
2772 5318 2889 5395 qui
2928 5317 3244 5393 uryebant
3272 5334 3430 5391 opus
3450 5336 3704 5377 :omnes
3730 5322 3995 5391 Levitoe,
