4309 6259
633 504 986 549 amanum
1028 504 1093 549 m
1135 504 1271 549 ω.
1319 503 1448 548 xxx
1490 503 1648 548 mam
1691 503 1942 549 saeuum
1985 503 2516 551 rAaAmrouaNoN.
2561 525 2642 535 —
2682 506 2827 552 ΛΒΤ.
2873 506 3001 552 xxx
3241 488 3359 551 257

305 673 382 737 via
405 674 857 757 purificatione
885 676 966 738 ab
1011 675 1186 737 omni
1232 673 1640 736 immunditia
1672 673 1760 736 le-
1789 671 1840 733 A
1867 673 2119 736 duravit
2157 674 2473 756 paschalis
2507 674 2819 738 festivitas
2852 676 2981 752 illa,
3019 678 3362 737 immolan-
3412 696 3653 751 Lemma,

306 772 418 851 gali,
468 781 541 835 ut
586 782 723 837 erat
771 782 1101 837 contactus
1151 773 1489 848 immundi,
1544 770 1760 833 fluxus
1872 782 1956 832 tes
1987 775 2284 833 victimas
2306 776 2840 853 pacificorum,et
2868 778 3207 835 laudantes
3240 779 3360 835 Do·
3387 762 3475 809 Η·

307 870 553 946 seminiS‚
581 870 1018 951 irregularitas
1039 889 1116 933 ex
1144 870 1481 953 'praesentia
1501 868 1755 945 mortui,
1870 872 2125 931 minum
2151 874 2361 931 Deum
2381 884 2653 950 patrum
2677 894 2967 934 suorum.

131 980 287 1032 ἐπα-,ἑᾶς
309 976 357 1029 el
379 968 729 1031 consimilia
767 986 781 1030 ε
817 970 896 1032 de
925 969 1162 1050 quibus
1195 968 1260 1029 in
1292 967 1573 1030 Levitico
1613 986 1763 1029 eon·
1949 970 2337 1049 Placuitque
2364 973 2683 1032 universae
2706 974 3148 1042 multitudini,
3180 982 3251 1032 ut
3270 993 3359 1031 ce-

123 1058 265 1095 ΜΨ·
311 1066 528 1144 tinetur,
556 1075 620 1131 et
651 1067 743 1130 ibi
773 1087 852 1130 ex
879 1066 1069 1129 dictis
1098 1066 1439 1129 Alexandri
1469 1066 1548 1127 de
1577 1065 1761 1128 Hales
1875 1064 2193 1127 lebrarent
2219 1070 2415 1128 etiam
2436 1070 2599 1128 alios
2618 1079 2851 1145 septem
2869 1073 3007 1129 dies
3028 1091 3049 1129 .·
3072 1079 3137 1133 et
3166 1070 3255 1131 ita
3282 1089 3359 1132 ex

311 1184 458 1247 super
505 1166 771 1229 tertium
822 1165 1292 1229 Sententiarum
1341 1171 1406 1226 et
1452 1182 1529 1226 ex
1574 1163 1761 1226 dictis
1870 1164 2208 1228 devotione
2239 1166 2725 1248 duplicaverunt
2746 1167 3239 1231 celebrationem
3272 1168 3361 1230 fe-

311 1262 524 1329 Thomae
564 1266 634 1327 in
663 1265 874 1347 prima
912 1265 1225 1341 secundae,
1260 1271 1452 1346 atque
1491 1282 1567 1325 ex
1611 1261 1763 1325 scri-
1871 1262 1952 1323 sti
1983 1264 2338 1344 paschalis;
2373 1268 2546 1345 quod
2563 1276 2621 1325 et
2639 1267 2932 1342 fecerunt
2960 1288 3105 1327 cum
3136 1270 3363 1344 inqen-

311 1362 408 1443 ptis
429 1362 752 1427 Guillelmi
778 1362 1177 1439 Parisiensis,
1213 1362 1378 1424 libro
1409 1362 1487 1424 de
1519 1360 1668 1423 Fide
1699 1367 1764 1422 et
1874 1363 1925 1421 ti
1967 1365 2211 1438 qaudz'o
2258 1362 2597 1444 spirituali,
2650 1364 2986 1427 recolendo
3040 1363 3359 1427 beneficia

311 1460 538 1542 legibuS,
587 1462 950 1544 expositum
1000 1461 1232 1524 recolo,
1269 1464 1352 1522 Et
1393 1462 1605 1520 oravit
1637 1479 1761 1536 pro
1872 1460 2002 1537 Dei,
2030 1460 2381 1541 praesertim
2412 1461 2852 1525 liberationem
2882 1482 2958 1525 ex
2976 1462 3265 1544 AEgyptO,
3290 1463 3357 1525 in

312 1562 380 1619 eis
405 1564 726 1633 Ezechias,
758 1550 979 1621 dicens
1002 1562 1366 1620 :Dominus
1394 1561 1592 1618 bonus
1610 1576 1764 1634 pro-
1871 1558 2056 1639 cujus
2102 1560 2475 1621 memoriam
2532 1560 2821 1623 instituta
2868 1560 2994 1624 fuit
3042 1562 3356 1643 paschalis
3413 1585 3647 1639 amm,

305 1662 616 1735 pitiabitur
643 1662 918 1730 cunctiS,
949 1660 1067 1739 qui
1093 1660 1312 1718 inloto
1341 1660 1527 1716 corde
1554 1656 1764 1735 requi·
1873 1656 2230 1719 celebritas,
2264 1660 2574 1719 Ezechias
2604 1668 2820 1720 autem
2848 1680 2965 1719 rem
2991 1663 3167 1721 luda
3196 1680 3361 1739 pra·-
3388 1652 3454 1692 ¹⁴·

313 1767 434 1817 runt
455 1760 810 1819 Dominum
845 1760 1054 1817 Deum
1077 1767 1346 1833 patrum
1384 1774 1678 1824 suorum,
1705 1763 1764 1813 et
1874 1758 2098 1816 buerat
2130 1758 2550 1817 multitudini
2580 1760 2756 1818 mille
2797 1768 3015 1819 tauros
3041 1770 3100 1819 et
3126 1768 3359 1837 septem

313 1877 413 1917 non
451 1859 796 1935 imputabit
844 1859 959 1929 eis,
1000 1860 1172 1935 quod
1219 1861 1436 1915 minus
1478 1855 1765 1930 sanctifi·
1799 1861 1846 1922 Β
1879 1858 2089 1915 millia
2117 1858 2374 1927 ovium;
2394 1859 2727 1935 principes
2750 1878 2893 1919 vero
2913 1862 3225 1920 dederant
3245 1879 3360 1936 po·-

314 1958 414 2014 cali
435 1966 600 2017 sant.
627 1956 718 2016 Ex
747 1954 848 2016 his
869 1954 1084 2019 verbis
1118 1953 1428 2029 innuitur,
1453 1953 1623 2033 quod
1657 1951 1762 2012 isti
1865 1958 2050 2032 pulo,
2080 1954 2325 2017 scilicet
2346 1955 2767 2033 multitudini,
2792 1956 2895 2018 cui
2925 1957 3101 2019 dedit
3131 1958 3358 2020 ethe-

315 2070 412 2115 non
451 2052 772 2136 purificati
823 2051 1183 2116 habuerunt
1227 2050 1698 2113 excusationem
1744 2066 1757 2111 ε
1871 2054 2068 2131 chias‚
2105 2066 2321 2116 tauros
2364 2058 2543 2115 mille
2578 2066 2638 2116 et
2678 2076 2818 2116 oves
2861 2060 3073 2118 decem
3116 2060 3353 2119 millia.

313 2152 433 2231 quia
456 2152 570 2215 etsi
603 2152 907 2215 exteriori
948 2150 1356 2212 immunditia
1394 2148 1550 2229 legis
1583 2156 1763 2211 erant
1870 2153 1990 2214 Ista
2018 2172 2249 2235 pecora
2268 2154 2578 2215 dederunt
2598 2154 2789 2233 vulgo
2809 2155 2876 2215 in
2906 2174 3084 2217 esum
3107 2163 3169 2217 et
3190 2175 3361 2216 sum-

314 2250 534 2327 detenfi,
584 2251 756 2332 intus
811 2258 1025 2312 tamen
1073 2249 1288 2312 devoti
1340 2255 1541 2323 erant,
1577 2255 1639 2309 et
1687 2265 1764 2308 ex
1872 2259 2098 2332 ptuum
2137 2252 2543 2316 relevamen:
2596 2272 2672 2315 ex
2710 2253 2941 2333 quibus
2992 2261 3200 2316 tamen
3244 2252 3361 2316 fie-

315 2347 516 2428 integro
549 2349 740 2411 corde
771 2347 1112 2410 Dominum
1153 2344 1586 2427 requirebant.
1620 2344 1762 2406 Ideo
1873 2350 2027 2412 bant
2064 2351 2354 2430 quaedam
2397 2349 2771 2427 oblationes,
2816 2371 3085 2432 quarum
3128 2351 3359 2433 aliquae

315 2446 543 2509 exterior
575 2444 988 2509 immunditia
1012 2444 1194 2526 legiS,
1219 2463 1363 2525 quae
1395 2441 1763 2524 frequenter
1873 2457 2083 2529 partes
2130 2449 2443 2511 cedebant
2486 2448 2553 2509 in
2601 2469 2780 2511 esum
2828 2451 3249 2527 sacerdotum,
3298 2458 3359 2513 et

317 2546 480 2607 caruit
506 2547 717 2628 culpa,
755 2564 883 2608 non
918 2544 1352 2626 imputabatur
1392 2542 1483 2605 eis
1515 2543 1581 2604 in
1615 2560 1764 2605 casu
1873 2547 2105 2629 aliquae
2144 2546 2210 2608 in
2250 2546 2663 2610 offerentium
2693 2567 2902 2610 usum.
2936 2552 3360 2626 sanctificata

317 2644 431 2720 ist0,
461 2646 554 2708 vel
586 2644 867 2708 faciliter
898 2644 991 2707 eis
1031 2642 1479 2723 indulgebatur
1510 2642 1588 2703 ad
1623 2658 1764 2722 pre·
1873 2658 1960 2707 est
1999 2667 2147 2723 erqo
2180 2650 2581 2707 sacerdotum
2622 2650 2916 2723 plurima
2956 2650 3307 2709 multitudo
3338 2670 3359 2709 .·

317 2760 398 2804 ees
422 2744 707 2819 Ezechiae,
754 2742 910 2825 quia
936 2761 1064 2804 non
1110 2739 1472 2803 habuerunt
1515 2747 1764 2820 tempus
1873 2744 2025 2825 quia
2065 2742 2235 2804 infra
2272 2744 2387 2805 hos
2430 2753 2671 2825 septem
2716 2745 2851 2807 dies
2890 2746 3158 2822 additos,
3191 2764 3361 2809 com-

317 2860 370 2901 se
401 2841 770 2923 purificandi
815 2850 962 2903 ante
1006 2858 1184 2901 esum
1229 2838 1374 2918 agni
1422 2837 1761 2919 paschaliS.
1874 2842 2046 2923 pleta
2082 2860 2303 2904 eorum
2346 2841 2770 2905 sanctificatio
2814 2863 2926 2906 seu
2968 2844 3357 2907 consecratio

319 2938 444 3002 Hinc
471 2940 758 3003 subditur
783 2957 798 3001 :
827 2943 1026 3009 Quem
1053 2939 1396 2998 exaudivit
1424 2938 1766 3005 DominuS,
1878 2939 2020 3001 suit.

319 3048 368 3097 et
385 3042 660 3116 placatus
688 3049 778 3099 est
799 3040 1066 3115 populo,
1101 3036 1255 3098 Nam
1287 3035 1467 3116 pium
1508 3043 1570 3096 et
1601 3032 1768 3094 fidu·
1800 3037 1844 3100 C
1957 3042 2042 3100 Ec
2083 3041 2421 3100 hilaritate
2456 3041 2732 3117 perfusa
2779 3043 2987 3101 omnis
3029 3044 3215 3102 turba
3251 3046 3366 3103 Ja-

325 3134 452 3198 ciale
490 3136 871 3200 desiderium
911 3136 1051 3216 ejus
1097 3132 1320 3195 habuit
1365 3132 1494 3197 vim
1539 3132 1768 3194 oratio·
1875 3141 1990 3208 da,
2021 3146 2153 3198 tam
2192 3141 2593 3198 sacerdotum
2634 3148 2691 3197 et
2720 3142 3126 3210 Levitarmn,
3165 3160 3363 3218 quam

326 3234 424 3311 niS,
453 3244 510 3297 et
554 3235 710 3297 illud
752 3233 1060 3297 Dominus
1089 3230 1486 3313 adimplevit,
1523 3231 1601 3293 de
1640 3248 1768 3311 quo
1880 3238 2199 3297 universae
2242 3238 2645 3316 frequentiae,
2664 3256 2805 3315 quoe
2854 3248 3113 3300 venerat
3158 3236 3240 3299 ex
3275 3242 3367 3301 Is·

155 3343 304 3395 amu.
326 3332 397 3392 ait
417 3330 1165 3396 Psalmista:Desiderium
1189 3348 1542 3411 pauperum
1561 3328 1655 3409 (id
1677 3336 1772 3391 est
1878 3338 2019 3395 rael
2038 3356 2060 3394 .·
2093 3334 2183 3395 ita
2222 3335 2393 3415 quod
2432 3336 2697 3397 interior
2735 3355 2953 3398 eorum
2992 3336 3361 3418 jucunditas

326 3428 652 3513 humilium)
701 3428 1025 3494 exaudivit
1079 3428 1405 3504 DominuS,
1461 3446 1771 3509 praepara·
1881 3432 2262 3497 redundavit
2286 3452 2360 3495 ac
2392 3433 2641 3497 refulsit
2670 3434 2736 3495 in
2764 3453 3030 3516 corpore
3050 3436 3201 3498 etin
3233 3435 3368 3501 vul-

327 3527 523 3592 tionem
554 3530 760 3593 cordis
790 3546 1032 3599 eorum,
1067 3526 1366 3589 videlicet
1395 3544 1523 3588 non
1563 3526 1766 3587 solum
1882 3540 1946 3593 tu
1973 3555 1987 3604 3
2012 3534 2487 3609 proselytorum
2514 3554 2783 3611 quoque,
2816 3533 2880 3597 id
2909 3542 3005 3597 est
3033 3552 3369 3597 converso-

324 3628 654 3704 0rationem,
715 3628 828 3691 sed
893 3626 1087 3689 etiam
1144 3624 1630 3706 dispositionem
1690 3625 1768 3686 ad
1879 3649 2021 3693 rum
2076 3631 2151 3692 ad
2207 3630 2624 3709 Judaismum,
2675 3632 2788 3713 qui
2836 3642 3016 3695 erant
3062 3636 3140 3693 de
3190 3644 3362 3694 terra

325 3728 612 3804 orandum,
663 3726 914 3791 audivit
973 3726 1145 3787 auris
1202 3732 1328 3786 tua.
1381 3723 1489 3785 Isti
1550 3722 1768 3804 itaque
1882 3732 2105 3800 Israel,
2130 3728 2195 3789 id
2224 3736 2339 3805 est,
2366 3728 2476 3809 qui
2510 3727 2574 3789 in
2608 3748 2803 3809 regno
2831 3731 3051 3793 decem
3084 3730 3365 3793 tribuum

326 3825 421 3884 etsi
447 3832 853 3906 peccaverunt
893 3824 1138 3886 edendo
1170 3822 1406 3904 paseha
1436 3841 1563 3884 non
1601 3822 1772 3903 puri·
1880 3827 2312 3903 morabantur,
2362 3838 2422 3887 et
2467 3829 2907 3888 habitantium
2953 3831 3024 3889 in
3052 3832 3253 3898 luda,
3303 3830 3367 3891 id

332 3918 497 3999 ficati,
527 3943 644 3986 non
677 3932 889 3985 tamen
923 3940 998 3983 ex
1027 3928 1419 4002 contemptu.
1881 3934 1977 3987 est
2017 3944 2235 3987 eorum
2274 3924 2386 4006 qui
2430 3924 2495 3985 in
2546 3942 2738 4005 regno
2788 3926 2947 3987 Juda
2991 3927 3357 3990 manebant.

393 4023 799 4102 Feceruntque
815 4022 952 4098 filii
964 4024 1194 4090 Israel,
1217 4021 1332 4098 qui
1353 4021 1606 4079 inventi
1616 4028 1772 4079 sunt
1882 4027 2204 4103 Factaque
2230 4034 2319 4084 est
2346 4026 2619 4100 yrandis
2656 4027 2984 4085 celebritas
3016 4027 3085 4085 in
3114 4029 3369 4087 Jerusa-

332 4120 392 4177 in
411 4122 768 4190 Jerusalem,
795 4119 1246 4179 solennitatem
1265 4119 1668 4194 Azymorum
1685 4137 1772 4176 se·
1883 4126 2030 4192 lem,
2056 4124 2271 4200 qualis
2299 4143 2339 4181 a
2365 4124 2588 4181 diebus
2606 4124 2971 4183 Salomonis
2996 4125 3131 4201 filii
3151 4125 3368 4184 David

328 4226 470 4291 ptem
505 4221 714 4280 diebus
757 4220 832 4279 in
871 4218 1104 4279 laetitia
1137 4236 1396 4291 mayna,
1432 4219 1769 4277 laudantes
1800 4220 1849 4282 D
1880 4222 2047 4297 reyis
2076 4223 2283 4281 Israel
2314 4222 2383 4281 in
2423 4241 2499 4281 ea
2546 4224 2703 4281 urbe
2751 4241 2880 4282 non
2907 4222 3127 4298 fuerat
3154 4242 3177 4282 .·
3216 4222 3373 4302 quia

333 4316 635 4379 Dominum
660 4340 784 4397 per
809 4319 1100 4394 sinyulos
1127 4318 1262 4375 dies
1294 4336 1316 4375 .·
1345 4317 1586 4377 Levitoe
1617 4336 1770 4394 quo·
1881 4337 2012 4381 non
2055 4318 2262 4381 solum
2296 4318 2657 4399 gaudebant
2686 4319 2785 4381 his
2817 4319 3041 4383 diebus
3082 4320 3162 4384 de
3208 4320 3371 4385 festo

333 4425 502 4490 queec
529 4420 888 4487 sacerdotes,
913 4436 1036 4493 per
1064 4434 1311 4491 oryana
1348 4435 1491 4493 quoe
1526 4434 1639 4474 suo
1677 4416 1774 4491 of-
1883 4417 2200 4499 paschali3
2248 4418 2356 4479 sed
2404 4426 2467 4480 et
2512 4419 2590 4481 de
2642 4417 2861 4500 templi
2912 4420 3245 4502 repentina
3296 4440 3369 4483 ac

331 4514 452 4587 ficio
478 4517 914 4590 conyruebant.
955 4516 1042 4575 Et
1071 4518 1316 4575 locutus
1343 4523 1433 4574 est
1459 4514 1772 4575 Ezechias
1882 4534 2184 4598 prospera
2212 4516 2686 4596 emundatione,
2710 4518 2789 4580 de
2817 4517 3018 4581 divini
3051 4519 3259 4581 cultus
3281 4538 3373 4581 re-

335 4614 404 4669 ad
425 4632 519 4671 cor
554 4616 842 4674 omnium
869 4613 1280 4681 Levitarum,
1310 4611 1507 4674 verba
1547 4630 1771 4674 conso·
1883 4614 2233 4695 paratione,
2268 4616 2346 4677 de
2376 4614 2829 4679 reformatione
2859 4616 3051 4679 totius
3084 4618 3260 4697 regni
3304 4618 3370 4681 in

337 4706 526 4772 latoria
552 4718 610 4772 et
635 4710 1120 4793 beneplacentia
1158 4710 1250 4772 eis
1281 4709 1624 4791 loquendo,
1658 4712 1776 4789 qui
1883 4712 2141 4789 meliust,
2194 4722 2257 4776 et
2303 4713 2454 4795 quia
2502 4732 2577 4776 ex
2624 4714 2844 4777 decem
2898 4714 3189 4777 tribubus
3240 4724 3368 4778 tam

337 4808 608 4869 habebant
639 4810 1142 4887 intelliyentiam
1178 4811 1410 4870 bonam
1443 4830 1634 4886 super
1659 4812 1778 4869 Do·
1885 4810 2070 4872 mult-i
2110 4820 2577 4887 convenerant;
2610 4814 2688 4875 de
2726 4813 3177 4895 purificatione
3216 4832 3369 4895 quo-

341 4906 620 4977 minahoc
636 4918 878 4992 est,per
897 4906 1225 4970 scientiam
1248 4908 1534 4990 sapidam
1558 4905 1779 4971 forma·
1886 4927 2011 4989 que
2039 4917 2101 4970 et
2130 4908 2541 4974 innovatione
2576 4910 2936 4973 Levitarum
2980 4919 3043 4973 et
3081 4911 3368 4974 sacerdo-

343 5008 938 5089 tam,practicamque
968 5006 1365 5083 notitiam‚et
1395 5026 1508 5089 per
1538 5008 1780 5091 sapien·
1889 5015 2044 5083 tum,
2081 5016 2143 5069 et
2183 5008 2336 5090 quia
2376 5007 2715 5090 sperabant
2743 5008 2867 5070 sibi
2899 5010 2977 5071 de
3021 5018 3231 5072 cetero
3270 5009 3377 5071 ad-

171 5100 298 5159 ana.
343 5100 472 5163 tiam
513 5103 860 5183 salutarem,
893 5124 1038 5187 quae
1084 5114 1180 5167 est
1227 5107 1467 5169 donum
1506 5107 1778 5188 Spiritus
1893 5103 2177 5166 futurum
2206 5105 2553 5187 gratiosum
2582 5106 2692 5168 Dei
2724 5106 3052 5168 auxilium.

345 5197 546 5277 Sancti,
592 5202 920 5267 Dominum
969 5212 1424 5284 cognoverunt.
1460 5208 1545 5266 Et
1585 5227 1782 5267 come·
1969 5206 2417 5265 Surrexerunt
2442 5214 2659 5265 autem
2684 5208 3035 5267 sacerdotes
3053 5216 3243 5285 atque
3270 5210 3379 5269 Le·

344 5298 546 5361 derunt
567 5314 786 5379 septem
812 5305 1040 5365 diebus
1065 5304 1490 5376 solennitati-3,
1539 5304 1776 5385 quibus
1893 5307 2066 5373 vitae,
2097 5305 2523 5365 benedicentes
2542 5306 2805 5380 populo,
2830 5306 2916 5365 Et
2942 5306 3256 5368 exaudita
3284 5314 3374 5368 est

558 5432 622 5485 Τ.
648 5438 694 5489 4.
3070 5438 3133 5489 17
