4309 6259
1215 522 1563 569 ENARRATIO
1603 523 1666 569 m
1708 522 1844 569 CAP-
1892 520 2046 567 XXXI
2082 520 2209 566 101³.
2254 538 2337 549 —
2375 518 2518 564 altr.
2564 517 2664 563 mx

3359 494 3480 559 649

90 708 362 751 Prot-‚naz
391 708 575 770 spem
607 690 672 753 in
702 691 1076 755 novissimo.
1109 692 1389 773 Itemque
1410 691 1557 755 :Per
1592 691 1886 753 timorem
1916 688 1968 750 A
1994 689 2147 751 tallo
2165 686 2544 768 (secundum
2565 684 2922 764 Albertum)
2943 702 3163 748 omnes
3191 682 3482 761 designat

388 789 646 851 Domini
687 790 968 853 declinat
1014 791 1459 871 unusquisque
1495 810 1532 851 a
1578 789 1765 852 malo.
1801 789 1887 852 De

390 885 512 948 hoc
548 887 777 975 timore
807 887 872 948 in
902 887 1345 951 Ecclesiastico
1374 888 1572 950 multa
1604 886 1887 949 scribun-

88 992 357 1041 Eecti-nffl-
394 991 517 1059 tur,
554 984 855 1048 videlicet
891 1004 905 1047 :
942 986 1218 1049 Timenti
1248 987 1443 1048 Deum
1473 985 1638 1048 bene
1666 984 1789 1047 erit
1818 984 1884 1046 in

389 1083 714 1159 extremiS,
748 1084 907 1146 etin
936 1084 1041 1147 die
1080 1083 1511 1147 defunctionis
1550 1083 1885 1146 benedice-

120 1196 241 1237 ibid.
262 1198 333 1237 as.
390 1189 513 1242 tur.
550 1182 629 1243 Et
654 1182 809 1255 :Qui
842 1183 980 1245 sine
1010 1183 1239 1246 timore
1266 1190 1382 1260 est,
1408 1200 1537 1244 non
1566 1189 1775 1263 potest
1792 1181 1885 1262 ju-

104 1284 355 1359 ζὸἑᾰ-κιιιι.
390 1278 687 1342 stificari.
724 1280 892 1343 Nihil
922 1280 1151 1343 melius
1184 1299 1375 1362 quam
1406 1281 1631 1343 timere
1657 1280 1878 1341 Deum.

88 1350 147 1389 ³⁶
170 1362 235 1393 '‘¹''
260 1350 331 1391 ²⁸'
388 1378 606 1440 Timor
633 1379 888 1441 Domini
924 1379 1091 1441 sicut
1124 1378 1456 1461 paradisus
1498 1378 1883 1441 benedictio-

100 1492 350 1539 num...
384 1475 509 1537 nis.
544 1476 620 1537 Et
656 1494 669 1537 :
706 1476 769 1540 Si
804 1496 931 1540 non
962 1478 1029 1539 in
1062 1477 1287 1540 timore
1316 1476 1566 1539 Domini
1601 1476 1879 1539 tenueris

86 1558 123 1595 ⁴·
385 1583 445 1634 te
495 1573 830 1652 instanter,
864 1576 990 1637 cito
1034 1575 1439 1639 subvertetur
1480 1575 1705 1637 domus
1745 1581 1874 1636 tua.

110 1680 349 1760 mci-1322:
382 1671 601 1735 Timor
646 1672 921 1749 Domini,
954 1692 1185 1736 corona
1231 1672 1495 1753 justitiae
1542 1681 1657 1735 est.
1706 1671 1880 1753 Sapi-

84 1747 277 1789 ‘¹‘'¹'’²‘'
380 1788 497 1831 ens
536 1770 603 1831 in
643 1770 943 1833 omnibus
986 1771 1235 1833 metuit.
1280 1771 1471 1833 Porro
1513 1770 1623 1851 qui
1673 1770 1759 1831 ita
1807 1779 1876 1831 ut

1995 786 2250 851 divitias
2306 804 2320 847 :
2373 784 2546 865 quia,
2595 784 2944 847 secundum
2992 780 3472 862 Philosophum,

1994 886 2220 966 quinto
2242 883 2630 957 Ethicorum,
2649 882 2870 945 Omnia
2889 881 3008 943 hoc
3029 886 3478 943 mensurantur

1994 982 2274 1058 metallo,
2307 982 2373 1043 in
2415 1000 2542 1063 quo
2580 980 2765 1042 multi
2807 980 2998 1042 robur
3029 998 3212 1041 suum
3251 977 3480 1040 consti-

1992 1090 2200 1158 tuunt,
2237 1081 2302 1142 in
2341 1089 2651 1161 quantum
2689 1086 2786 1141 est
2824 1077 3166 1158 fidejussor
3205 1076 3478 1139 necessi-

1992 1180 2137 1241 tatis
2186 1179 2439 1255 futurae,
2479 1184 2542 1239 et
2579 1176 2854 1259 pretium
2903 1175 3220 1239 redimens
3265 1173 3349 1236 ab
3377 1191 3478 1237 ea-

1990 1280 2157 1341 dem.
2197 1278 2313 1341 Job
2356 1284 2566 1339 autem
2618 1275 2684 1337 in
2721 1274 3012 1337 Creatore
3055 1272 3248 1335 robur
3287 1291 3474 1335 suum

1990 1377 2343 1452 constituit,
2371 1376 2553 1456 juxta
2579 1373 2735 1436 illud
2768 1374 2833 1433 in
2863 1372 3108 1435 Psalmo
3142 1390 3154 1433 ε
3192 1370 3338 1433 Mihi
3368 1390 3475 1432 au·
3537 1388 3614 1431 10⁸.
3635 1403 3756 1441 tm..

1992 1485 2117 1537 tem
2146 1474 2468 1537 adhaerere
2495 1473 2621 1534 Deo
2649 1472 2891 1534 bonum
2931 1479 3048 1533 est.
3083 1470 3157 1531 Et
3189 1469 3418 1531 iterum
3454 1486 3468 1530 ε
3501 1454 3567 1494 ²⁸·

1988 1574 2254 1653 Diligam
2301 1582 2382 1648 te,
2417 1571 2704 1645 Domine,
2742 1569 3048 1631 fortitudo
3090 1586 3251 1631 mea.
3293 1568 3474 1629 ltem-
3517 1586 3763 1635 caum.

1986 1690 2111 1752 que
2137 1688 2151 1732 :
2178 1668 2637 1733 Fortitudinem
2665 1685 2871 1729 meam
2891 1668 2970 1728 ad
3005 1674 3064 1727 te
3093 1665 3467 1727 custodiam.
3501 1684 3762 1733 psai-msto.

1987 1770 2143 1833 Hinc
2192 1770 2260 1831 in
2310 1766 2755 1831 Ecclesiastico
2805 1765 3114 1846 scriptum
3163 1772 3261 1827 est
3302 1780 3315 1824 ε
3355 1762 3472 1837 Qui
3503 1782 3761 1831 cocitum,

378 1867 496 1930 Job
533 1869 735 1930 Deum
777 1868 1100 1946 formidat,
1134 1870 1299 1950 sapit
1347 1869 1517 1949 quod
1564 1869 1871 1950 scriptum
1910 1872 1958 1933 B
1985 1868 2196 1948 diligit
2252 1885 2509 1942 aurum,
2560 1882 2686 1927 non
2733 1862 3150 1945 justificatur.
3202 1862 3277 1924 Et
3332 1882 3472 1924 rur-
3501 1848 3540 1887 ⁵·

94 1974 347 2048 {bid-xxm,
378 1975 476 2028 est
512 1984 527 2027 ε
558 1966 675 2040 Qui
708 1967 889 2029 timet
920 1968 1139 2043 Deum,
1167 1966 1328 2029 nihil
1352 1966 1873 2048 trepidabit.ldeo

92 2042 275 2143 niam,
300 2116 339 2151 x,
379 2064 667 2145 loquitur
705 2065 994 2128 Christus
1031 2084 1044 2128 ε
1078 2066 1238 2127 Eum
1282 2066 1500 2127 timete
1545 2065 1657 2145 qui
1700 2074 1873 2146 pote-

88 2165 149 2203 ἐξ·
375 2171 605 2225 statem
640 2163 831 2225 habet
859 2183 1091 2246 corpus
1112 2173 1176 2227 et
1202 2164 1481 2226 animam
1512 2164 1775 2245 perdere
1806 2164 1869 2225 in

370 2260 759 2340 gehennam.

455 2364 541 2421 Ec
573 2364 833 2437 pondus
861 2363 1025 2438 ejus,
1066 2360 1129 2423 id
1169 2369 1267 2422 est
1302 2361 1696 2441 majestatem
1733 2361 1866 2437 Dei,

368 2462 547 2537 ferre
576 2476 703 2519 non
726 2462 943 2535 potui,
976 2459 1103 2520 nisi
1132 2459 1629 2521 misericorditer
1658 2468 1871 2538 ageret

368 2574 647 2633 mecum,
682 2556 827 2619 ideo
868 2557 1011 2619 aliis
1056 2557 1151 2619 fui
1197 2558 1597 2631 misericors3
1640 2566 1703 2621 et
1745 2558 1869 2619 nisi

368 2655 499 2717 Deo
528 2673 633 2717 me
653 2673 768 2737 per
796 2654 1091 2718 timorem
1121 2656 1451 2718 humiliter
1472 2656 1865 2732 inclinarem,

368 2753 517 2816 ideo
560 2753 746 2835 quasi
791 2762 1108 2817 tumentes
1142 2773 1336 2835 super
1371 2773 1473 2817 me
1520 2754 1756 2817 fluctus
1800 2754 1869 2815 ti-

368 2851 508 2913 mui
538 2852 760 2915 Deum.
794 2851 1047 2914 Pondus
1091 2871 1349 2933 quoque
1390 2852 1497 2914 Dei
1540 2852 1710 2915 ferre
1739 2871 1866 2915 non

370 2969 739 3032 possumus,
792 2950 1097 3031 quoniam
1146 2951 1586 3031 magnitudine
1636 2970 1748 3013 sua
1806 2959 1867 3013 et

1982 1988 2089 2029 sus
2116 1986 2129 2029 ε
2154 1968 2377 2030 Beatus
2398 1966 2575 2027 dives
2597 1963 2708 2045 qui
2731 1970 2873 2043 post
2891 1980 3116 2023 aurum
3140 1978 3267 2023 non
3289 1960 3465 2022 abiit.
3541 1982 3658 2025 ιωιι.
3685 1985 3726 2025 ε.

1980 2068 2066 2127 Ec
2094 2067 2311 2126 obrizo
2341 2066 2515 2133 a'z‘oei,
2548 2063 2826 2122 Fiducia
2861 2079 2996 2119 mea
3025 2080 3088 2118 es
3173 2057 3236 2120 id
3265 2066 3381 2133 est,
3404 2058 3468 2119 in

1980 2182 2133 2226 auro
2174 2162 2338 2237 rudi,
2389 2160 2685 2223 videlicet
2742 2158 2806 2219 in
2859 2175 2972 2219 sua
3023 2156 3300 2238 puritate
3339 2174 3470 2217 ma·

1980 2261 2178 2338 nenti,
2212 2261 2382 2342 quod
2415 2257 2947 2341 pretiosissimum
2983 2263 3080 2317 est
3107 2255 3286 2335 juxta
3313 2272 3472 2336 prae-
3521 2276 3607 2319 Iob
3621 2290 3762 2329 xxx-111,

1980 2361 2194 2423 habita
2231 2377 2245 2421 ε
2279 2359 2346 2421 in
2391 2377 2488 2433 eo,
2533 2359 2818 2438 inquam,
2871 2373 3048 2437 spem
3091 2371 3296 2415 meam
3339 2372 3468 2416 non
3499 2341 3564 2381 ¹⁵·

1980 2459 2310 2534 collocavi,
2353 2458 2459 2521 sed
2511 2458 2575 2517 in
2623 2457 2748 2518 Deo
2796 2453 3210 2518 beatitudinis
3259 2471 3464 2515 meae:

1977 2556 2516 2639 quemadmodum
2579 2554 2670 2615 ait
2725 2552 3089 2635 ApostoluS,
3152 2550 3468 2615 Divitibus
3499 2568 3758 2619 mmm.

1978 2656 2172 2736 hujus
2217 2655 2434 2717 saeculi
2474 2653 2768 2736 praecipe,
2813 2669 2939 2714 non
2977 2651 3178 2711 altum
3221 2668 3463 2730 sapere,

1977 2772 2095 2817 nec
2134 2772 2390 2835 sperare
2430 2752 2497 2813 in
2539 2752 2780 2813 incerto
2823 2748 3212 2825 divitiarum,
3251 2749 3359 2809 sed
3401 2746 3466 2808 in

1977 2853 2102 2914 Deo
2132 2852 2301 2915 vive.

2058 2952 2135 3010 82·
2165 2953 2417 3009 laetatus
2444 2968 2584 3007 sum
2617 2966 2812 3023 super
2839 2946 3098 3005 divitiis
3129 2946 3287 3005 meis
3307 2948 3468 3003 mul-

370 3047 772 3131 perfectione
794 3067 907 3111 sua
930 3050 1239 3113 immensa
1260 3049 1519 3111 infinite
1538 3050 1785 3113 excedit
1804 3058 1868 3112 et
1894 3052 1937 3115 C
1977 3050 2059 3107 tis
2089 3067 2111 3107 .·
2141 3046 2206 3108 id
2239 3053 2356 3123 est,
2383 3043 2742 3107 inordinate
2772 3044 2851 3105 dc
2881 3043 2974 3105 eis
3001 3041 3308 3122 gloriatus
3338 3060 3466 3104 non

370 3156 631 3229 superat
658 3166 798 3225 nOS,
832 3166 951 3210 nec
981 3148 1059 3209 ad
1092 3149 1231 3229 ejus
1261 3148 1865 3228 contemplationem

370 3244 767 3307 sufficimus
803 3246 870 3308 In
900 3246 1041 3326 ejus
1070 3246 1261 3309 etiam
1292 3245 1633 3308 dilectione
1662 3255 1725 3309 et
1753 3265 1866 3326 gu-

122 3358 189 3398 m.
216 3372 333 3407 mn,
368 3351 471 3405 stu
502 3342 867 3421 deficimuS,
886 3344 1065 3425 juxta
1094 3344 1254 3405 illud
1288 3343 1354 3404 in
1381 3343 1629 3405 Psalmo
1663 3361 1677 3405 :
1710 3344 1865 3418 Quia

86 3422 314 3464 ²¹·²²·²⁶·
368 3440 846 3503 inflammatum
887 3450 983 3503 est
1019 3444 1374 3505 cor'mcum
1410 3449 1473 3503 et
1513 3460 1697 3505 renes
1738 3442 1863 3504 mei

365 3538 744 3601 commutati
784 3546 954 3615 sunt,
988 3546 1052 3600 et
1094 3556 1211 3618 ego
1247 3539 1326 3599 ad
1367 3537 1644 3600 nihilum
1688 3540 1866 3601 reda-

365 3645 509 3699 ctus
538 3656 704 3698 sum.
738 3636 984 3699 Defecit
1020 3655 1167 3699 caro
1205 3655 1343 3699 mea
1384 3644 1447 3698 et
1486 3648 1858 3700 cormeum.

108 3743 333 3797 Pam-n,
365 3736 653 3816 Itemque
687 3752 701 3796 :
736 3733 981 3797 Defecit
1016 3735 1084 3796 in
1117 3736 1392 3796 salutare
1432 3743 1611 3797 tuum
1649 3736 1861 3797 anima

367 3851 531 3895 mea.
563 3831 875 3904 Quoniam
920 3850 1070 3912 ergo
1120 3832 1309 3894 timor
1357 3833 1465 3895 Dei
1517 3833 1781 3895 retrahit
1825 3851 1861 3894 a

366 3938 651 4013 peccato,
713 3932 911 3993 Deum
967 3932 1203 4011 jugiter
1248 3932 1607 4009 timeamuS,
1668 3952 1857 4012 quam

369 4028 679 4091 terribilia
712 4029 841 4091 sint
879 4030 1020 4110 ejus
1048 4029 1311 4110 judicia,
1349 4048 1541 4110 quam
1572 4030 1861 4091 intolera-

362 4126 523 4188 bilia
565 4145 711 4207 quae
759 4126 1001 4207 infligit
1050 4126 1288 4189 inferni
1339 4127 1673 4210 supplicia,
1719 4147 1860 4209 per-

116 3869 243 3912 Pron.
262 3886 334 3923 xv,

84 3934 141 3979 Ξῗς
155 3946 235 3981 xri,
253 3938 293 3977 6.

1975 3166 2133 3221 sum,
2183 3144 2336 3226 quia
2379 3162 2500 3206 nec
2545 3162 2652 3203 eas
2701 3142 3195 3203 immoderanter
3231 3140 3460 3215 amavi,
3511 3170 3520 3177 -

1976 3263 2092 3306 nec
2124 3244 2191 3304 in
2223 3243 2314 3305 eis
2339 3240 2628 3304 confisus
2649 3258 2815 3315 sum,
2851 3240 2959 3301 sed
2993 3239 3282 3301 ordinate
3314 3257 3465 3299 usus

1974 3360 2113 3403 sum
2154 3341 2268 3416 εἰς,
2305 3348 2604 3419 tanquam
2644 3336 3085 3398 instrumentis
3128 3343 3191 3398 et
3238 3335 3465 3398 mediis

1972 3440 2052 3501 ad
2081 3438 2538 3501 beatitudinem
2571 3454 2809 3499 veram.
2827 3434 3145 3514 Scriptum
3168 3443 3264 3496 est
3291 3434 3464 3497 enim

1973 3538 2039 3599 in
2069 3535 2510 3600 Ecclesiastico
2537 3532 2742 3597 :Nihil
2775 3532 3058 3613 iniquius
3081 3552 3270 3613 quam
3305 3552 3468 3595 ama·
3498 3563 3754 3615 3001;,„‚‚0,
3817 3546 3831 3559 ·

1973 3654 2041 3699 re
2072 3634 2442 3718 pecuniam3
2479 3632 2584 3695 hic
2616 3632 2787 3694 enim
2831 3631 3108 3692 animam
3149 3650 3328 3692 suam
3361 3631 3466 3693 ha-

1972 3736 2077 3797 bet
2118 3733 2432 3796 venalem.
2483 3731 2560 3791 Et
2610 3730 2675 3791 in
2723 3728 2968 3789 Psalmo
3013 3746 3027 3789 ε
3069 3726 3270 3810 Super
3315 3748 3460 3791 eum
3492 3760 3754 3811 p,‚.,.‚g‚9‚

1970 3832 2243 3911 (scilicet
2280 3829 2550 3912 impium
2595 3837 2658 3890 et
2695 3829 2984 3905 avarum)
3028 3825 3326 3888 ridebunt
3361 3827 3464 3907 ju-

1970 3930 2073 4005 sti,
2106 3938 2170 3992 et
2208 3929 2419 3991 dicent
2456 3946 2468 3989 :
2505 3927 2664 3990 Ecce
2690 3924 2882 3987 homo
2925 3924 3035 4005 qui
3078 3943 3203 3987 non
3246 3925 3462 4004 posuit

1970 4029 2164 4091 Deum
2221 4026 2579 4107 adjutorem
2639 4042 2848 4096 suum,
2904 4024 3010 4085 sed
3063 4022 3342 4102 speravit
3392 4022 3456 4083 in

1968 4125 2379 4187 multitudine
2437 4122 2802 4187 divitiarum
2865 4139 3143 4181 suarum.
3197 4120 3282 4181 De
3339 4120 3458 4182 hu·-

364 4225 757 4306 pendentes;
792 4244 983 4305 quam
1020 4226 1172 4289 item
1202 4226 1442 4287 malum
1475 4226 1559 4287 sit
1586 4246 1731 4289 eum
1764 4226 1859 4289 of·
1888 4236 1937 4297 D
1964 4224 2244 4306 jusmodi
2273 4223 2494 4297 divite,
2519 4230 2770 4283 terrena
2797 4218 3184 4294 coelcstibuS,
3221 4226 3462 4281 creatu-

366 4322 651 4400 fendere,
700 4343 845 4386 eum
884 4324 1197 4400 amittere,
1237 4324 1319 4387 ab
1359 4344 1433 4387 eo
1476 4325 1859 4387 aeternaliter

364 4422 671 4505 separari.
708 4422 939 4503 Sicque
970 4423 1126 4485 illud
1160 4424 1333 4485 lsaiae
1367 4423 1632 4503 implere
1672 4442 1858 4486 cone-

98 4527 331 4581 12.=-m,13.
364 4540 511 4581 mur
543 4538 557 4581 :
594 4519 933 4581 Dominum
979 4520 1370 4582 exercituum
1412 4520 1851 4595 sanctificate3

366 4618 505 4699 ipse
534 4636 735 4698 pavor
762 4627 993 4694 vester,
1026 4627 1089 4680 et
1118 4618 1255 4699 ipse
1286 4626 1487 4680 terror
1515 4626 1724 4681 vester
1748 4644 1762 4692 ;
1796 4628 1858 4681 et

106 4724 335 4782 Philipp-¹¹.
365 4716 537 4797 quod
580 4716 671 4777 ait
699 4716 1039 4797 Apostolus
1074 4734 1087 4777 :
1120 4715 1275 4777 Cum
1312 4724 1487 4777 metu
1528 4724 1592 4777 et
1631 4716 1857 4779 timore

110 4792 129 4813 ⁴
364 4832 439 4876 ac
496 4822 769 4876 tremore
819 4822 1092 4876 vestram
1142 4814 1497 4895 operamini
1559 4815 1851 4877 salutem.

364 4912 524 4974 Hinc
562 4920 782 4974 monet
808 4911 1131 4973 Psalmista
1168 4930 1183 4973 τ
1218 4911 1461 4975 Servite
1487 4912 1756 4975 Domino
1788 4914 1854 4975 in

365 5010 616 5085 timore,
648 5018 713 5071 et
741 5010 1051 5072 exsultate
1080 5010 1138 5072 ei
1169 5029 1313 5072 cum
1350 5018 1640 5083 tremore.

441 5110 546 5179 Si,
562 5126 681 5189 pro
700 5126 853 5184 non,
868 5111 1105 5184 putavi
1122 5128 1359 5168 aurum
1386 5111 1583 5167 robur
1604 5129 1813 5168 meum
1831 5128 1855 5169 .·

361 5206 425 5268 id
454 5214 573 5283 est,
602 5206 667 5267 in
696 5224 854 5267 auro
883 5205 1329 5268 fortitudinem
1362 5225 1567 5267 meam
1600 5224 1726 5267 non
1750 5225 1855 5287 po-

358 5304 481 5380 sui,
526 5304 637 5365 sed
683 5304 747 5364 in
790 5304 937 5366 Deo.
978 5304 1027 5364 A
1068 5303 1429 5385 pretiosiori
1474 5311 1688 5364 autem
1732 5322 1853 5366 me-

110 4922 177 4965 1²2.
196 4928 316 4969 uit.

1966 4342 2100 4383 ram
2130 4321 2410 4384 Creatori
2451 4318 2852 4401 praeferente,
2889 4317 2977 4378 ait
3019 4316 3084 4378 in
3114 4315 3457 4396 Evangelio

1964 4418 2251 4505 Christus
2287 4436 2300 4479 ε
2333 4416 2706 4480 Possibilius
2745 4423 2839 4477 est
2869 4413 3179 4477 camelum
3222 4433 3336 4496 per
3365 4414 3460 4477 fo·
3487 4441 3748 4491 mamm,

1966 4536 2184 4579 ramen
2214 4536 2365 4579 acus
2405 4514 2697 4607 trapsire,
2735 4532 2924 4594 quam
2965 4513 3230 4575 divitem
3272 4513 3460 4574 intra·
3486 4510 3553 4548 ²⁴·

1965 4636 2033 4677 re
2073 4616 2137 4676 in
2185 4633 2450 4695 regnum
2495 4612 2826 4674 coelorum.
2862 4614 2948 4671 Et
2977 4614 3136 4689 quia
3159 4614 3455 4687 plurima

1962 4717 2198 4791 reperit
2243 4734 2472 4774 mames
2517 4732 2658 4771 mea
2690 4710 2808 4771 :id
2850 4719 2967 4786 est,
3003 4710 3080 4771 de
3121 4709 3240 4771 hoc
3286 4710 3456 4789 quod

1962 4813 2164 4874 multa
2193 4810 2462 4893 possedi,
2485 4808 2843 4871 inordinate
2872 4808 3115 4869 laetatus
3143 4825 3274 4868 non
3295 4827 3453 4882 sum,

1965 4930 2080 4972 nec
2129 4910 2195 4970 in
2246 4909 2376 4970 illis
2425 4906 2754 4988 superflue
2805 4923 3079 4985 occupor
3123 4922 3138 4965 ε
3184 4904 3456 4984 implens

1964 5007 2121 5069 illud
2151 5003 2648 5085 psalmographi,
2675 5002 2924 5067 Divitiae
2952 5002 3007 5063 si
3026 5000 3330 5077 affluant,
3351 5021 3458 5064 no·
3487 5030 3563 5071 ρ..
3583 5042 3663 5079 m,
3681 5031 3746 5071 η,

1962 5106 2075 5168 lite
2107 5124 2216 5168 cor
2245 5120 2590 5185 apponere.
2623 5101 2838 5182 ltaque
2869 5100 2935 5161 in
2966 5098 3209 5162 affectu
3242 5107 3305 5162 et
3337 5120 3455 5162 usu

1963 5203 2331 5269 divitiarum
2399 5199 2798 5262 inordinatus
2857 5217 2981 5260 non
3043 5197 3188 5259 fuit.
3251 5197 3456 5270 Quum

1962 5297 2530 5380 enimcorporalia
2573 5297 2738 5359 bona
2779 5297 2858 5363 ad
2893 5295 3254 5376 spiritualia
3293 5294 3458 5357 fina-
