4309 6259
844 496 961 558 274

1153 512 1500 560 mannum
1543 512 1606 557 IN
1649 512 1785 557 cn.
1833 511 2025 557 xxxvl
2067 510 2226 555 unm
2269 509 2522 555 sssanm
2561 509 3093 557 PARALIPOHENON.
3138 528 3221 539 --
3261 509 3401 554 Am.
3448 507 3637 553 xxxvl

843 686 1031 743 nulla
1077 685 1327 743 curatio
1371 680 1803 743 afflictionum
1861 690 1924 743 et
1971 700 2330 763 pomarum,
2363 680 2413 741 Α
2440 679 2615 742 Unde
2644 679 3006 760 conjicitur,
3040 680 3303 741 Esdram
3342 677 3619 741 edidisse
3654 676 3829 741 hunc
3859 676 3935 740 li-

845 800 1000 861 quas
1047 779 1265 842 intulit
1305 779 1432 841 illis
1482 798 1595 861 per
1622 778 1970 854 Chaldaeos,
2015 798 2128 860 per
2176 796 2335 859 quos

843 880 1076 958 gladio,
1104 879 1272 941 fame
1293 888 1356 941 et
1375 887 1551 961 peste
1573 878 1934 959 consumpti
1966 886 2136 939 sunt.
2161 878 2337 938 Unde

552 997 884 1049 Jer.xiv‚19.a
918 977 1188 1040 Ieremia
1223 977 1457 1039 dicitur
1507 977 1630 1039 Deo
1668 994 1681 1037 :
1724 975 1925 1049 Quare
1966 974 2337 1057 percussisti

851 1095 987 1152 nOS,
1020 1075 1109 1138 ita
1139 1084 1206 1137 ut
1240 1075 1412 1136 nulla
1445 1073 1523 1135 sit
1557 1074 1793 1136 sanitas
1815 1080 1839 1134 ’Β

925 1176 1226 1235 Adduxit
1246 1175 1420 1232 enim
1448 1192 1640 1249 super
1659 1192 1758 1231 eos
1784 1192 1996 1249 reqem
2021 1174 2339 1232 01ιαῖιίαό-

845 1292 1016 1343 rum,
1041 1282 1100 1331 et
1129 1272 1455 1348 interfecit
1471 1272 1560 1347 ju
1573 1291 1748 1329 venes
1779 1291 1999 1330 eorum
2019 1272 2243 1345 {lladio
2264 1269 2337 1325 in

847 1373 1033 1430 domo
1061 1372 1450 1429 sanctuarii.
1489 1371 1634 1431 Non.
1664 1378 1752 1428 est
1797 1371 2094 1429 misertus
2125 1370 2339 1427 adole-

846 1470 1077 1528 scentis
1115 1476 1174 1527 et
1222 1469 1501 1543 viryinis
1543 1478 1603 1527 et
1647 1468 1843 1535 senis,
1871 1487 1985 1526 nec
2029 1466 2339 1540 decrepiti

848 1566 1153 1646 quidem:
1184 1563 1302 1626 hoc
1331 1564 1468 1641 sest,
1519 1572 1646 1625 tam
1692 1563 1978 1625 districtc
2029 1563 2201 1624 ultus
2244 1567 2343 1621 est

849 1665 1012 1724 Deus
1049 1662 1322 1725 crimina
1365 1662 1585 1744 populi
1631 1662 1752 1736 sui,
1797 1662 1966 1743 quod
2007 1680 2123 1722 nec
2151 1659 2339 1721 mise-

852 1760 1159 1823 rabilibus
1207 1760 1519 1844 personiS,
1565 1761 1800 1841 quibus
1849 1760 2008 1823 solet
2046 1758 2222 1841 parci
2272 1758 2335 1817 in

2444 777 2650 838 hrum.
2678 778 2915 858 ltaque,
2943 777 3123 840 Anno
3154 777 3361 859 primo
3384 777 3547 856 regis
3574 776 3929 849 Persarum,

2444 894 2571 937 non
2596 876 2815 957 utique
2837 894 3003 937 anno
3026 876 3231 956 primo
3255 875 3401 937 vitae
3420 894 3565 949 suae,
3588 892 3703 936 uec
3726 874 3933 955 primo

2442 993 2575 1035 suae
2622 974 2848 1053 regalis
2889 974 3311 1055 praesidentiae
3350 992 3539 1049 anno,
3574 973 3682 1035 sed
3725 972 3935 1053 primo

2446 1092 2612 1135 anno
2652 1092 2781 1135 suae
2828 1073 3233 1149 monarchiae,
3269 1091 3419 1153 qu0,
3450 1071 3767 1136 avunculo
3818 1090 3934 1135 suo

2448 1171 2631 1232 Dario
2662 1180 2934 1247 mortuo,
2974 1170 3177 1233 factus
3209 1179 3303 1233 est
3333 1170 3698 1245 monarcha,
3736 1170 3937 1253 impe-

2450 1268 2543 1331 rio
2574 1268 3012 1330 Chaldaeorum
3042 1268 3398 1342 destruct03
3424 1272 3511 1328 acl
3528 1271 3933 1345 capiendum,

2452 1367 2515 1428 id
2543 1374 2638 1429 est
2676 1385 2867 1447 opere
2908 1366 3401 1447 adimplendum,
3436 1386 3780 1426 sermonem
3817 1370 3937 1426 Do-

2450 1467 2640 1535 mini,
2664 1486 2849 1543 quem
2872 1469 3117 1524 locutus
3144 1467 3368 1543 fuerat
3380 1485 3501 1541 per
3530 1484 3595 1524 os
3614 1466 3933 1535 Jeremioe,

2451 1564 2619 1643 quod
2651 1562 2893 1625 scilicet
2922 1564 3321 1644 septuaginta
3340 1561 3525 1624 annis
3548 1562 3937 1644 captivitatis
4011 1580 4115 1621 ser.
4142 1593 4241 1623 m.

2450 1662 2783 1742 completis
2830 1662 3280 1723 reducerentur
3308 1661 3506 1724 Judaei
3544 1662 3621 1722 ad
3650 1661 3931 1742 propria,
3968 1644 4243 1688 ¹²³¹¹¹¹·¹⁰·

2448 1762 2783 1820 suscitavit
2831 1761 3151 1820 Dominus
3205 1762 3513 1836 spiritum
3566 1762 3721 1836 Cyri
3768 1762 3939 1835 reyis

849 1859 1058 1937 bellis,
1112 1859 1436 1941 pepercit3
1497 1862 1608 1919 sed
1669 1879 1884 1918 omnes
1933 1860 2213 1917 tracliclit
2268 1858 2335 1915 in
2373 1858 2419 1918 B
2449 1861 2832 1925 Persarum,
2880 1858 2997 1919 hoc
3050 1865 3147 1919 est
3194 1857 3478 1919 animum
3530 1876 3641 1919 seu
3690 1857 3939 1919 intelle-

853 1960 1148 2018 manibus
1167 1960 1328 2034 ejus,
1352 1957 1650 2021 videlicet
1673 1956 1835 2035 regis
1857 1956 2291 2019 Chaldaeorum
2320 1978 2335 2029 3

849 2058 1277 2136 universaque
1299 2076 1454 2116 vasa
1484 2058 1712 2115 domus
1734 2057 2028 2125 Domini,
2054 2062 2187 2114 tam
2208 2075 2340 2113 ma-

834 2154 992 2230 jora
1019 2174 1216 2233 quam
1251 2157 1532 2224 minora,
1562 2163 1620 2213 et
1662 2156 1986 2213 thesauros
2029 2154 2253 2227 templi
2282 2161 2338 2210 et

848 2254 1018 2327 reyis
1063 2260 1122 2310 et
1161 2253 1571 2328 principum,
1621 2254 1958 2312 transtulit
2005 2253 2073 2309 in
2125 2252 2341 2327 Baby-

851 2354 1080 2411 lonem.
1135 2352 1567 2411 Incenderunt
1623 2352 1822 2409 leostes
1876 2352 2140 2408 domum
2193 2351 2339 2417 Dei,

847 2452 1430 2527 destruxeruntque
1469 2468 1731 2508 murum
1760 2449 2140 2507 Jerusalem.
2186 2450 2340 2506 Uni-

852 2566 1062 2606 versas
1114 2556 1321 2606 turres
1369 2546 1866 2615 combusserunt,
1908 2554 1968 2603 et
2013 2546 2341 2622 quidquid

842 2646 1199 2721 pretiosum
1236 2645 1483 2719 fuerat,
1515 2643 1808 2702 demoliti
1848 2650 2021 2701 sunt.
2067 2645 2146 2703 Si
2194 2645 2340 2721 quis

847 2751 1132 2803 evaserat
1152 2744 1480 2819 gladium,
1515 2740 1579 2801 id
1625 2748 1718 2801 est
1749 2759 1970 2802 necem
2016 2760 2129 2822 per
2160 2738 2341 2802 Chal-

848 2841 1015 2903 daeos
1045 2840 1309 2915 illatam,
1332 2843 1564 2900 ductus
1599 2842 1669 2899 in
1689 2842 2114 2917 Babylonem,
2145 2843 2341 2900 servi—

850 2941 944 2998 vit
971 2941 1113 3015 reqi
1153 2937 1608 3014 Chaldaeorum‚
1637 2947 1696 2996 et
1724 2940 1888 3015 filiis
1925 2939 2092 3014 ejus,
2123 2938 2235 3019 qui
2280 2938 2337 3000 ei

2449 1964 2644 2031 ctum,
2670 1955 2768 2017 vel
2799 1973 2907 2018 cor
2930 1955 3071 2036 Cyri
3104 1955 3431 2035 instigavit
3457 1956 3535 2017 ad
3570 1954 3937 2018 faciendum

2450 2054 2619 2134 quod
2656 2053 2965 2117 divinitus
3000 2053 3122 2116 suit
3149 2054 3523 2135 praedictum
3551 2078 3566 2128 ς
3598 2057 3716 2134 qui
3726 2056 3937 2131 jussit

2439 2153 2798 2229 praedicari
2821 2154 2885 2211 in
2910 2154 3209 2211 universo
3239 2171 3433 2228 reyno
3462 2173 3576 2212 suo
3605 2154 3803 2212 etiam
3816 2172 3937 2229 per

2447 2252 2865 2328 scripturam,
2900 2250 2964 2311 id
2992 2259 3109 2325 est,
3144 2268 3255 2331 per
3285 2259 3485 2312 totum
3520 2269 3703 2312 suum
3736 2250 3938 2331 impe-

2452 2348 2615 2409 rium
2648 2346 2842 2410 verbo
2886 2355 2949 2409 et
2976 2348 3214 2429 scripto
3252 2347 3543 2411 celeriter
3586 2348 3935 2411 insinuavit

2450 2465 2521 2507 ac
2550 2445 2923 2525 divulgavit,
2956 2448 3176 2506 dicens
3202 2467 3224 2506 .·

2529 2548 2683 2606 Hcec
2712 2546 2876 2605 dicit
2910 2547 3115 2621 Cyrus
3145 2564 3262 2603 rea:
3281 2548 3633 2605 Persarum
3654 2566 3677 2604 .·
3700 2547 3933 2607 Omnia
3964 2557 4245 2601 {Esar-,as

2450 2662 2647 2719 reyna
2680 2653 2863 2703 terrae
2893 2644 3072 2703 dedit
3104 2644 3269 2701 milei
3288 2644 3604 2703 Dominus
3630 2645 3801 2703 Deus
3820 2664 3937 2704 ca>-

2450 2743 2521 2799 li.
2550 2739 2718 2801 Istud
2750 2748 2845 2801 est
2874 2738 3325 2821 hyperbolicus
3355 2758 3582 2802 sermO.
3608 2739 3671 2801 ld
3704 2748 3820 2818 est,
3846 2749 3938 2802 tot

2448 2846 2511 2899 et
2533 2846 2625 2899 tot
2657 2855 2849 2917 regna
2872 2837 3033 2898 mihi
3056 2836 3331 2917 subjecit
3349 2856 3635 2899 summus
3664 2845 3729 2899 et
3748 2857 3937 2901 verus

2451 2936 2634 3011 DeuS‚
2669 2956 2744 2997 cu
2749 2936 2853 3015 jus
2886 2936 3121 2998 virtute
3150 2935 3480 3017 praevalui,
3506 2937 3675 3015 quod
3706 2946 3937 2998 cuncta

845 3044 1292 3099 successerunt
1339 3035 1405 3096 in
1455 3052 1669 3114 regnO.
1715 3034 1928 3116 Aliqui
1981 3044 2187 3097 tamen
2237 3035 2341 3097 Ju-
2373 3039 2416 3101 C
2450 3034 2665 3095 mundi
2690 3052 2879 3113 regna
2899 3052 3000 3095 me
3023 3052 3159 3096 reor
3180 3033 3937 3115 quasiobtinuissetquia

851 3133 991 3211 daei,
1044 3134 1155 3215 qui
1205 3152 1333 3196 non
1384 3134 1748 3196 restiterunt
1797 3134 2103 3196 Chaldaeis
2152 3135 2342 3215 perti-

555 3240 822 3296 wneqaxv,
851 3233 1114 3308 naciter,
1160 3240 1231 3293 ut
1274 3232 1588 3309 GodoliaS,
1641 3240 1702 3295 et
1749 3232 1860 3314 qui
1910 3232 1968 3294 ei
2015 3233 2337 3294 commissi

555 3306 698 3347 ²²⁴⁴·
850 3330 1132 3409 fuerunt,
1162 3340 1226 3393 et
1271 3330 1383 3411 qui
1432 3330 1858 3410 confugerunt
1906 3331 1982 3393 ad
2033 3350 2202 3408 eum,
2252 3352 2341 3393 re-

849 3436 1220 3493 manserunt
1251 3428 1318 3489 in
1355 3438 1518 3490 terra
1542 3428 1770 3491 Judaeae
1798 3429 1876 3490 ad
1913 3436 2184 3510 tempus,
2220 3432 2340 3490 Do-

847 3548 960 3587 nec
989 3528 1334 3604 imperaret
1363 3548 1478 3586 rex
1497 3530 1872 3598 Persarum,
1899 3528 2018 3589 hoo
2047 3536 2158 3603 est,
2181 3546 2339 3607 quo-

849 3644 1052 3706 usque
1098 3624 1294 3707 Cyrus
1352 3624 1788 3686 monarchiam
1843 3624 2225 3704 acquireret,
2278 3636 2337 3685 et

845 3726 1266 3800 compleretur
1319 3742 1521 3782 sermo
1572 3724 1841 3783 Domini
1889 3744 1970 3781 etc
2017 3742 2124 3782 ore
2170 3726 2337 3783 Jere-

602 3839 696 3883 Jer.
719 3853 814 3887 xxv,
846 3824 1015 3892 mite,
1048 3821 1330 3903 prolatus
1360 3821 1438 3883 de
1466 3820 1824 3883 Judaeorum
1871 3820 2237 3884 detentione
2271 3821 2333 3882 in

555 3904 814 3953 ¹¹³'‘¹'’‘’¹⁰·
843 3919 1225 4002 Babylonem
1253 3938 1367 4001 per
1395 3938 1596 3981 annos
1628 3918 2053 3999 septuaginta,
2098 3929 2157 3980 ec
2187 3925 2337 3980 cete-

846 4021 1056 4078 braret
1088 4027 1266 4078 terra
1285 4020 1551 4077 sabbata
1578 4037 1723 4086 sua,
1768 4016 1830 4077 id
1869 4025 1987 4093 est,
2030 4026 2195 4079 terra
2231 4018 2337 4079 Ju-

842 4117 993 4179 daeae
1021 4135 1202 4178 suam
1223 4123 1502 4177 servaret
1523 4114 1805 4195 quictem
1827 4123 1890 4177 et
1913 4116 2329 4180 cessationem

2451 3140 2512 3193 et
2544 3152 2685 3213 quae
2727 3132 3300 3195 nondumobtinui
3341 3132 3405 3193 in
3438 3152 3525 3208 re,
3558 3132 3689 3213 jam
3737 3132 3939 3195 habeo

2452 3232 2614 3293 bona
2663 3239 2725 3293 et
2772 3230 3088 3313 probabili
3138 3249 3272 3312 spe.
3320 3231 3767 3294 Verumtamen
3818 3248 3939 3295 nec

2448 3331 2709 3412 Assyrii,
2744 3350 2861 3393 nec
2909 3330 3209 3406 Chaldaei,
3243 3349 3362 3393 nec
3400 3330 3600 3393 Persae
3648 3338 3711 3393 et
3750 3330 3935 3407 Medi,

2448 3447 2566 3491 nec
2592 3428 2813 3505 Graeci,
2859 3428 2986 3489 imo
3034 3446 3152 3489 nec
3199 3427 3489 3505 Romani,
3545 3428 3657 3509 qui
3704 3428 3933 3491 ceteris

2449 3528 2699 3607 longius
2747 3547 2821 3589 ac
2870 3526 3056 3588 latius
3110 3527 3607 3608 imperaverunt,
3640 3527 3937 3590 absolute

2450 3627 2788 3707 loquend0‚
2838 3625 3253 3688 obtinuerunt
3300 3626 3513 3688 omnia
3561 3626 3783 3689 mundi
3838 3646 3937 3688 re-

2443 3742 2583 3803 gna,
2618 3744 2760 3805 quae
2788 3724 2921 3785 suis
2954 3722 3213 3786 fuerunt
3234 3723 3647 3805 temporibus.
3684 3728 3767 3787 Et
3798 3728 3933 3801 ipse

2436 3825 2744 3901 proeceptc
2792 3824 2982 3891 mihi,
3030 3840 3143 3904 per
3193 3822 3675 3903 inspirationem
3722 3822 3935 3885 occul-

2445 3930 2594 3998 tam,
2621 3930 2683 3984 et
2701 3940 2813 4003 per
2834 3920 3436 4002 praenuntiationem
3457 3920 3895 4003 propheticam
3910 3969 3926 3998 ,

2442 4030 2515 4079 ut
2541 4023 2854 4096 cedifi'cem
2894 4022 2954 4079 ei
2982 4022 3275 4089 domum,
3305 4019 3425 4081 hoc
3472 4027 3587 4096 est,
3612 4019 3930 4101 tempium

2444 4118 2502 4179 ei
2534 4117 2820 4181 construi
2863 4116 3114 4193 faciam,
3151 4120 3223 4176 in
3251 4121 3633 4187 ‚tems-alem,
3661 4138 3803 4197 qua·
3842 4127 3933 4177 est

842 4215 1148 4278 acultura
1167 4224 1230 4277 et
1250 4214 1712 4276 inhabitatione
1733 4213 2035 4276 humana.
2061 4215 2215 4277 Nam
2238 4216 2333 4277 in-
2366 4222 2415 4283 D
2448 4220 2512 4276 in
2534 4221 2793 4286 Judoea,
2815 4217 2879 4278 id
2908 4225 3005 4280 est
3033 4216 3099 4277 in
3132 4217 3270 4279 loco
3291 4216 3402 4277 ubi
3428 4215 3771 4278 Jerusalem
3794 4216 3931 4296 jam

843 4313 1032 4375 terim
1059 4332 1174 4394 pro
1216 4311 1490 4373 maxima
1522 4318 1700 4392 parte
1731 4312 1968 4373 mansit
1999 4313 2241 4375 inculta
2269 4324 2334 4376 et

550 4428 815 4480 mama.
845 4429 1066 4487 vacua,
1091 4410 1440 4491 praesertim
1462 4409 1722 4473 Godolia
1752 4410 1983 4473 occiso.
2009 4412 2166 4474 Hinc
2188 4413 2333 4475 sub-

842 4508 1017 4571 ditur
1061 4524 1075 4569 :
1121 4510 1378 4570 Cunctis
1424 4511 1600 4569 enim
1647 4512 1872 4569 diebus
1917 4512 2329 4572 desolationis

840 4608 971 4683 eyit
995 4607 1349 4677 sabbatum,
1383 4606 1503 4669 hoc
1533 4613 1648 4681 est,
1683 4606 1963 4687 quietern
1996 4607 2323 4689 praefatam

841 4705 1127 4781 retinuit,
1159 4725 1356 4784 usque
1381 4710 1542 4767 dum
1581 4710 2053 4782 complerentur
2079 4718 2331 4784 septua-

831 4805 1022 4880 9inta
1053 4805 1240 4865 anni.

933 4905 1124 4963 Anno
1169 4911 1384 4963 autem
1423 4904 1640 4980 primo
1690 4905 1846 4980 Cyri
1890 4905 2060 4979 re9is
2101 4906 2327 4965 Persa-

836 5020 1008 5062 rum.
1063 5000 1234 5062 Istud
1281 5008 1376 5063 est
1420 4999 1575 5061 finis
1618 5000 1812 5080 hujus
1863 4999 2228 5078 voluminiS,
2264 5010 2325 5065 et

545 5069 803 5177 1i2f⁸d’'‘¹’
836 5098 1140 5162 coincidit
1167 5117 1312 5161 cum
1354 5098 1612 5161 exordio
1650 5098 1798 5160 libri
1831 5099 2064 5176 Esdrae,
2110 5119 2325 5180 quem-

566 5198 677 5240 Lw·
695 5210 805 5247 mv·
833 5198 1177 5261 admodum
1211 5196 1363 5259 finis
1386 5197 1700 5277 evangelii
1724 5198 1784 5259 S.
1811 5198 1994 5261 Lucae
2015 5199 2323 5262 coincidit

540 5260 804 5309 52.⁵³;Acae.
1227 5296 1240 5307 .
1361 5294 1373 5307 .
1463 5295 1476 5307 .

537 5322 751 5371 1‚12,14.
835 5316 982 5359 cum
1027 5296 1285 5360 exordio
1332 5295 1480 5357 libri
1526 5295 1796 5358 Actuum
1842 5298 2314 5378 Apostolorum.

2442 4324 2629 4377 antea
2656 4316 2850 4393 stetit,
2886 4324 2949 4378 et
2980 4314 3090 4376 ubi
3131 4333 3206 4377 ex
3244 4332 3383 4376 mea
3412 4313 3671 4376 licentia
3708 4332 3928 4376 rursus

2438 4415 2570 4495 jam
2610 4422 3017 4477 construetur
3052 4431 3064 4474 :
3106 4431 3235 4494 quo
3276 4412 3467 4490 facto,
3500 4411 3929 4475 aedil'icabitur

2440 4513 2529 4573 ibi
2575 4511 2904 4593 templum.
2947 4512 3123 4588 Nam,
3162 4519 3231 4572 ut
3267 4510 3490 4573 dicunt
3530 4510 3591 4572 S.
3624 4509 3927 4591 Hierony-

2440 4630 2579 4673 mus
2610 4620 2673 4673 et
2707 4610 2973 4686 Hebraei,
3005 4609 3202 4672 Judaei
3234 4609 3301 4671 in
3330 4608 3695 4690 captivitate
3724 4608 3921 4690 positi
3980 4633 4165 4679 mm,
4184 4640 4235 4681 ᾗ,

2436 4710 2850 4773 ostenderunt
2876 4708 3035 4790 Cyro
3074 4708 3309 4771 librum
3350 4708 3525 4770 Isaiae
3567 4706 3914 4789 prophetae,
3948 4696 4233 4803 ffifflffl‘

2436 4815 2497 4870 et
2541 4806 2849 4887 scriptum
2893 4806 2961 4867 in
3003 4823 3077 4868 eo
3122 4822 3136 4865 :
3184 4805 3459 4887 qualiter
3500 4813 3755 4867 sanctus
3807 4803 3919 4866 ille

2432 4904 2737 4985 Propheta
2801 4922 2913 4985 per
2972 4912 3063 4965 tot
3116 4921 3317 4965 annos
3376 4902 3669 4984 praedixit
3724 4901 3916 4964 etiam

2432 5003 2761 5085 proprium
2794 5020 3026 5065 nomen
3048 5002 3249 5083 ipsius
3269 5001 3435 5084 Cyri,
3460 5010 3523 5063 et
3552 5001 3689 5082 ejus
3721 5000 3919 5065 victo·

2434 5101 2558 5161 rias
2588 5100 2711 5162 sibi
2743 5102 3016 5181 desuper
3050 5100 3289 5161 dandas
3317 5106 3428 5161 aut
3456 5099 3631 5161 datas
3656 5122 3672 5173 3
3717 5096 3919 5179 quali-

2431 5208 2525 5261 ter
2558 5199 2707 5261 item
2741 5198 3051 5279 populum
3069 5198 3428 5260 Judaeorum
3452 5197 3805 5261 licentiaret
3832 5195 3914 5257 ad

2430 5298 2873 5361 revertendum
2910 5306 3103 5377 atque
3144 5296 3223 5357 ad
3264 5294 3779 5359 reaedificandum
3826 5292 3917 5357 ci·—
