4309 6259
1317 523 1664 575 sumnum
1707 522 1947 573 mear.
1996 522 2039 573 11
2079 523 2206 573 son.
2254 546 2335 557 -
2373 524 2517 575 aar.
2550 528 2656 576 vm
3416 511 3534 577 339

423 692 728 772 debeam,
763 714 882 779 pro
918 715 1192 778 quorum
1232 698 1437 761 salute
1477 700 1929 782 recuperanda,
1965 696 2015 758 A
2044 707 2107 760 et
2137 708 2341 762 morte
2368 698 2648 778 vitanda,
2684 720 2763 764 ne
2796 702 3011 764 audiat
3040 704 3212 783 quod
3241 702 3528 765 Christus

419 790 618 855 Pater
647 801 740 856 tot
769 794 940 857 bona
966 795 1126 858 mihi
1159 798 1510 859 secundum
1542 805 1933 878 assumptam
2041 795 2223 858 Petro
2252 797 2567 878 passionis
2598 797 2968 861 vitationem
3002 799 3407 881 persuadenti
3438 799 3530 862 lo-

419 889 900 955 humanitatem
945 894 1248 957 donavit?
1293 895 1428 957 Non
1473 914 1622 976 ergo
1673 903 1932 977 propter
2041 902 2225 956 cutus
2270 904 2365 957 est
2413 913 2427 956 :
2473 895 2646 958 Vade
2690 905 2856 959 retro
2907 915 3027 973 me,
3078 897 3348 972 Satana3
3399 917 3525 960 non
3576 917 3819 975 ,nauhu-1,

417 1008 770 1070 poenarum
802 991 1212 1056 acerbitatem
1247 1012 1284 1055 a
1322 993 1490 1055 bona
1520 994 1929 1075 simplicitate
2041 992 2212 1073 sapis
2246 1012 2387 1074 quae
2421 994 2527 1055 Dei
2558 1002 2726 1070 sunt,
2764 996 2873 1057 sed
2906 1014 3048 1075 quae
3078 995 3433 1057 hominum.
3555 984 3635 1088 {2⁸³
3661 984 3818 1087 garo.

415 1106 578 1150 mea
619 1090 914 1151 recedere
958 1090 1182 1166 debe0,
1217 1099 1288 1152 ut
1327 1092 1647 1153 Christum
1688 1093 1929 1173 Deique
2117 1091 2423 1155 Praeterea
2459 1112 2603 1174 quae
2642 1094 2719 1155 de
2761 1093 3152 1175 tropologico
3197 1094 3389 1175 hujus
3430 1115 3527 1157 ca·
3607 1078 3769 1153 S'ens‘u·

417 1185 664 1248 Filium
702 1206 844 1250 esse
883 1208 987 1252 me
1025 1208 1272 1270 negem,
1307 1208 1346 1253 o
1386 1190 1696 1272 insipiens
1737 1190 1930 1272 Syna·
2038 1190 2229 1271 pituli
2260 1191 2586 1254 intellectu
2617 1192 2742 1255 dici
2776 1200 3055 1273 possent,
3081 1192 3379 1256 videntur
3410 1194 3527 1255 mi·
3554 1173 3790 1229 “⁰⁹⁰¹⁰⁸³'

411 1301 614 1365 goga.
2037 1287 2105 1349 hi
2145 1308 2222 1351 ex
2259 1289 2445 1351 dictis
2487 1298 2737 1371 patere3
2770 1291 3193 1371 congruitque
3227 1291 3523 1355 brevitati
3552 1248 3644 1279 m·

517 1387 742 1460 Iyitur
787 1388 1124 1447 audientes
1173 1397 1294 1447 tres
1343 1390 1544 1449 amici
1582 1391 1696 1449 Job
1745 1408 1931 1449 omne

2037 1388 2306 1450 studere.
2327 1387 2603 1450 Cuilibet
2630 1388 2927 1469 equidem
2955 1388 3125 1469 justo
3152 1408 3343 1470 quem
3363 1390 3525 1453 Deus

415 1486 684 1543 malum
712 1488 886 1563 quod
915 1487 1250 1547 accidisset
1277 1488 1361 1547 ei.
1395 1485 1662 1560 Quidam
1705 1506 1816 1568 per
1847 1487 1930 1548 is-

2037 1485 2381 1567 aliquando
2413 1487 2706 1569 permisit
2735 1487 2988 1563 tentari,
3024 1505 3140 1551 nec
3169 1487 3359 1551 desiit
3397 1488 3529 1550 suf-

417 1590 532 1644 tes
561 1581 678 1645 Job
707 1584 912 1646 sancti
943 1584 1183 1647 amicos
1215 1585 1664 1664 intelligendos
1702 1594 1930 1667 putant
2039 1585 2295 1666 fragari,
2316 1587 2425 1647 sed
2446 1585 2703 1650 vincere
2734 1585 2906 1663 fecit,
2928 1595 3199 1667 possunt
3230 1587 3533 1669 praedicta

417 1679 766 1744 haereticos
801 1698 816 1743 :
852 1684 1024 1764 quod
1057 1682 1206 1745 licet
1234 1684 1300 1745 in
1333 1684 1748 1765 sequentibus
1781 1693 1923 1761 stet,

2039 1684 2387 1746 secundum
2430 1703 2687 1746 sensum
2729 1685 2807 1746 de
2842 1684 2958 1747 Job
3005 1685 3284 1766 positum
3329 1684 3533 1768 appli-

415 1788 648 1841 tamen
680 1780 800 1844 hoc
830 1780 972 1843 loco
1005 1799 1133 1844 non
1165 1782 1440 1845 multum
1470 1790 1753 1865 apparet,
1776 1802 1930 1865 prae-
2038 1782 2191 1844 cari.
2215 1782 2453 1845 Videns
2482 1782 2718 1845 etenim
2752 1782 2940 1845 Satan
2972 1783 3253 1864 aliquem
3283 1782 3536 1846 divitia-

411 1878 651 1941 sertim
679 1897 875 1960 quum
909 1879 1191 1943 haeretici
1214 1900 1342 1943 non
1369 1881 1493 1944 sint
1517 1882 1748 1944 Christi
1781 1882 1930 1943 ami·
1965 1882 2011 1944 B
2041 1902 2182 1943 rum
2228 1900 2483 1943 suarum
2530 1901 2603 1944 ac
2648 1882 2935 1945 omnium
2981 1883 3058 1944 ad
3102 1901 3171 1945 se
3212 1882 3537 1964 pertinen-

409 1976 508 2051 οἱ,
547 1995 666 2040 nec
705 1977 761 2039 ei
802 1996 952 2041 vere
991 1979 1396 2055 condoleant,
1435 1998 1644 2062 neque
1683 1999 1751 2043 se
1787 1999 1929 2062 pas-
2045 1979 2200 2041 tium
2221 1979 2607 2043 ablationem
2636 1978 2783 2043 forti
2806 1980 3115 2062 patientia
3140 1979 3327 2057 serre,
3345 1990 3534 2062 atque

409 2076 597 2138 sioni
627 2075 832 2158 ipsius
862 2095 1011 2140 vere
1035 2077 1448 2141 conforment.
1464 2078 1689 2160 Aptius
1713 2078 1928 2160 itaque
2042 2077 2106 2139 in
2137 2078 2245 2139 Dei
2279 2078 2635 2141 reverentia
2663 2096 3058 2159 permanere,
3078 2080 3237 2161 petit
3267 2098 3304 2141 a
3334 2078 3536 2143 Domi-

413 2192 596 2249 reor,
632 2193 745 2257 per
774 2175 930 2237 istos
962 2175 1201 2238 amicos
1232 2176 1353 2239 hoc
1387 2176 1546 2253 loce,
1570 2177 1635 2239 in
1667 2196 1796 2258 quo
1826 2177 1930 2240 bo·
2043 2194 2124 2239 no
2164 2185 2234 2239 ut
2271 2175 2597 2258 permittat
2638 2176 2827 2239 talem
2866 2176 2932 2238 in
2974 2178 3231 2258 propria
3262 2196 3535 2260 persona

403 2292 510 2335 na
539 2272 750 2355 egisse
779 2273 1170 2351 scribuntur,
1207 2275 1480 2353 intelligi
1512 2275 1926 2353 ChristianOS,
2044 2274 2528 2337 infirmitatibus
2570 2294 2643 2336 ac
2687 2273 3014 2337 doloribus
3059 2274 3283 2338 intime
3321 2274 3527 2353 affici,

407 2371 538 2454 qui
569 2390 648 2435 ex
667 2372 1036 2454 evangelica
1057 2372 1323 2436 historia
1345 2393 1456 2437 seu
1483 2375 1932 2456 praedicatione
2044 2392 2435 2455 praesumens
2464 2374 2635 2455 quod
2675 2372 2827 2435 talia
2866 2373 3004 2435 sine
3038 2373 3441 2455 impatientia
3470 2381 3533 2437 et

404 2470 726 2534 Ecclesiae
757 2472 1088 2534 audientes
1123 2471 1422 2535 universa
1453 2492 1596 2554 quae
1627 2492 1742 2555 pro
1775 2474 1931 2555 ipsis
2045 2472 2546 2534 murmuratione
2588 2489 2715 2535 non
2756 2471 3071 2553 patietur3
3114 2472 3533 2554 conceditque

407 2570 714 2633 Christus
743 2570 1102 2652 pertulerit,
1125 2571 1363 2652 pariter
1395 2580 1681 2634 statuunt
1701 2582 1765 2635 et
1785 2593 1936 2637 con·
2043 2568 2347 2632 Dominus
2390 2569 2482 2631 sic
2526 2568 2693 2631 sieri.
2739 2568 2929 2632 Porro
2972 2570 3071 2632 vir
3106 2570 3317 2649 justus
3354 2579 3418 2633 et
3458 2572 3534 2633 ti-

405 2670 671 2745 dicunt,
693 2678 762 2731 ut
791 2670 871 2731 ad
905 2670 1043 2733 loca
1073 2688 1252 2732 sacra
1280 2670 1391 2732 ubi
1423 2671 1762 2735 dominicae
1797 2692 1934 2755 pas·
2044 2678 2325 2732 moratus
2376 2668 2582 2731 sciens
2631 2669 2827 2731 Deum
2881 2669 3137 2744 dixisse,
3192 2669 3320 2749 Ego
3368 2688 3530 2752 quos
3604 2692 3821 2747 simam,

407 2767 628 2831 sionis
673 2768 1196 2832 commemoratio
1245 2768 1477 2848 agitur,
1528 2771 1816 2848 veniant,
1870 2780 1933 2834 et
2043 2788 2209 2844 amo,
2241 2785 2435 2847 arguo
2465 2775 2527 2829 et
2556 2767 2815 2846 castig0‚
2853 2774 2915 2829 et
2953 2768 3125 2847 quod
3164 2768 3367 2829 multa
3393 2785 3533 2847 gra·
3563 2756 3627 2799 ¹⁹·

403 2866 657 2931 Christi
677 2868 1058 2949 passionem,
1073 2868 1258 2949 quasi
1280 2869 1771 2950 praesentialiter
1794 2869 1821 2930 s
1826 2871 1926 2947 iat,
2044 2867 2222 2932 viora
2264 2865 2396 2947 pati
2436 2865 2744 2928 meruerit
2783 2883 2910 2927 uno
2951 2873 3209 2945 peccato
3253 2865 3529 2942 mortali,

405 2966 630 3030 oculis
675 2986 808 3029 suae
853 2967 1088 3029 mentis
1141 2976 1545 3049 proponant3
1596 2969 1932 3032 consolen-
2043 2985 2232 3047 quam
2266 2964 2397 3027 sint
2426 2971 2655 3026 cuncta
2694 2963 2917 3025 mundi
2956 2963 3151 3045 hujus
3191 2964 3528 3046 supplicia,

407 3074 658 3146 turque
687 3063 1034 3140 Christum,
1061 3064 1435 3129 confitendo
1461 3066 1600 3147 ejus
1633 3067 1931 3130 innocen·
1968 3072 2010 3134 C
2043 3064 2416 3146 patientiam
2436 3071 2615 3142 grata
2644 3070 2857 3124 mente
2881 3070 3535 3140 conservat‚manum-·

411 3164 582 3226 tiam
613 3172 676 3225 et
712 3182 862 3225 suas
901 3164 1201 3239 malitiaS‚
1235 3165 1407 3245 quod
1449 3165 1600 3227 item
1646 3184 1772 3228 non
1813 3184 1928 3247 pro
2040 3182 2167 3244 que
2194 3163 2378 3244 juvat
2404 3160 2727 3238 caedentiS,
2748 3169 2811 3223 et
2842 3179 2957 3243 pro
2987 3161 3257 3239 viribus,
3286 3161 3534 3224 actibus

411 3262 584 3337 suiS,
609 3262 721 3324 sed
752 3280 870 3344 pro
897 3280 1122 3326 eorum
1155 3261 1278 3323 ista
1306 3263 1585 3344 patiatur
1614 3264 1922 3345 peccatis,

407 3360 616 3441 eique
653 3360 892 3440 gratias
927 3368 1138 3441 agant,
1172 3370 1237 3422 et
1274 3362 1782 3442 compassionem
1824 3382 1928 3425 ex-

411 3460 694 3522 hibeant
723 3458 1092 3522 cordialem.
1127 3460 1178 3522 A
1208 3459 1394 3540 longe
1422 3479 1680 3543 quoque
1711 3462 1927 3525 viden-

413 3568 518 3621 tes
553 3558 902 3637 imaginem
931 3559 1070 3639 ejus
1100 3558 1167 3621 in
1199 3577 1389 3621 cruce
1418 3568 1714 3637 erectam,
1739 3561 1924 3641 quasi

411 3658 640 3739 ipsum
692 3656 760 3718 in
804 3674 994 3719 cruce
1037 3656 1296 3718 videant
1341 3656 1684 3734 elevatum,
1735 3659 1926 3721 vcsti-

409 3762 642 3819 menta
685 3772 804 3815 sua
844 3772 994 3816 mox
1037 3754 1353 3832 scindant,
1391 3754 1454 3817 id
1500 3764 1616 3831 est,
1655 3756 1927 3837 pristina

411 3872 622 3937 opera
647 3851 1154 3934 vitiosa,quibus
1185 3872 1253 3915 se
1285 3851 1482 3935 impie
1511 3863 1921 3936 operuerunt,

415 3972 692 4037 prorsus
741 3950 1073 4033 abjiciant,
1127 3950 1627 4033 poenitendoque
1682 3953 1928 4015 destru-

413 4061 558 4129 ant,
577 4060 642 4114 et
673 4068 806 4133 prae
834 4050 1276 4131 compassione
1307 4050 1662 4114 exclament
1693 4072 1766 4115 ac
1797 4052 1928 4134 plo-

415 4160 594 4215 rent.
648 4150 770 4213 Sed
819 4157 882 4211 et
931 4166 1123 4230 super
1171 4149 1382 4231 capita
1429 4170 1544 4211 sua
1593 4151 1921 4232 pulverem

2040 3260 2434 3343 poenitentiae
2464 3279 2532 3322 se
2564 3268 2834 3335 exercet,
2870 3259 3061 3322 simul
3094 3267 3157 3322 et
3188 3259 3345 3322 illud
3376 3260 3534 3342 Apo-

2042 3359 2188 3423 stoli
2220 3378 2497 3441 pensans
2523 3375 2537 3418 :
2560 3356 2717 3430 Quia
2736 3357 2789 3419 si
2820 3358 3268 3439 compatimur,
3293 3366 3357 3420 et
3388 3378 3533 3421 con·
3586 3381 3621 3423 ιι
3645 3380 3755 3424 πω.
3776 3394 3817 3433 ιι,

2046 3457 2473 3538 regnabimuS,
2519 3464 2582 3518 et
2620 3456 2789 3537 quod
2830 3474 2958 3518 non
3002 3464 3151 3517 sunt
3198 3457 3531 3537 condignae
3560 3444 3812 3559 ffissmsg

2042 3556 2367 3639 passiones
2398 3554 2589 3635 hujus
2620 3553 2925 3635 temporis
2965 3554 3042 3617 ad
3085 3552 3369 3617 futuram
3404 3555 3533 3635 glo-

2041 3656 2199 3717 riam
2236 3652 2627 3736 patientibus
2667 3652 2960 3714 dandam.
2994 3653 3212 3735 Itaque
3247 3663 3399 3715 testa
3428 3676 3531 3713 sa-

2037 3756 2214 3815 niem
2252 3753 2437 3828 radit,
2482 3752 2545 3812 id
2582 3759 2699 3828 est,
2743 3751 3170 3832 poenitentiali
3210 3751 3417 3830 rigore
3455 3772 3529 3815 ac

2036 3852 2209 3934 justa
2247 3850 2643 3913 districtione
2684 3848 2983 3913 vitiorum
3022 3867 3275 3911 suorum
3316 3859 3531 3931 putre—

2038 3950 2254 4013 dinem
2286 3948 2489 4026 delet;
2519 3952 2738 4009 sedens
2769 3950 2840 4007 in
2864 3949 3299 4027 sterquilinio,
3320 3948 3383 4010 id
3406 3956 3521 4025 est,

2039 4048 2104 4109 in
2166 4047 2439 4130 propriae
2498 4044 2759 4111 vilitatis
2816 4044 2917 4108 vel
2978 4045 3325 4108 immunda)
3380 4046 3525 4111 vitae

2039 4145 2271 4228 prioris
2329 4142 2601 4206 carnalis
2652 4140 2967 4222 profunda
3016 4141 3527 4206 consideratione

414 4255 753 4332 spargant,
791 4247 857 4310 id
893 4255 1010 4323 est,
1043 4247 1482 4326 cogitationeS‚
1521 4248 1922 4328 affectioneS,
1959 4258 2006 4319 ι)
2038 4244 2395 4325 quiescenS,
2440 4258 2567 4303 non
2616 4240 2683 4301 in
2733 4239 2861 4302 alto
2900 4239 3195 4301 elationis
3234 4259 3309 4304 ac
3351 4240 3528 4304 vani-

415 4358 486 4412 et
525 4356 710 4411 actus
750 4346 1135 4408 humilitatis
1179 4365 1250 4409 ac
1291 4347 1686 4428 poenitentiae
1724 4349 1928 4411 cruci-

419 4445 790 4527 sormisque
833 4446 1360 4521 conversationiS,
1406 4446 1539 4508 suis
1580 4448 1926 4529 superjaci-

415 4554 536 4609 ant
567 4543 888 4609 cordibus.
909 4544 1175 4626 Insuper
1197 4545 1460 4606 sedeant
1491 4564 1724 4621 secum,
1751 4546 1828 4608 de
1859 4566 1926 4609 se

417 4644 588 4727 ipsis
627 4642 903 4706 humilia
938 4641 1292 4719 sentiendo,
1330 4662 1367 4704 a
1410 4644 1632 4705 mundi
1681 4644 1929 4726 inquie-

419 4740 764 4805 tudinibus
796 4740 1174 4817 recedendo,
1209 4740 1730 4804 meditationibus
1768 4742 1929 4805 insi-

419 4840 678 4917 stendo,
691 4849 928 4918 septem
948 4841 1173 4900 diebus
1194 4849 1256 4900 et
1271 4848 1506 4917 septem
1535 4842 1841 4912 noctibuS,
1862 4840 1927 4904 id

419 4948 524 5001 est
551 4957 670 5021 per
707 4955 900 5001 omne
939 4945 1192 5018 tempus
1231 4937 1380 5003 vitae
1419 4956 1551 5001 suae
1588 4937 1654 4999 in
1695 4940 1928 5003 saeculo

423 5037 578 5113 isto,
619 5034 797 5099 omni
841 5035 1144 5099 videlicet
1184 5036 1289 5098 die
1337 5044 1401 5099 et
1451 5044 1634 5099 nocte
1677 5046 1741 5099 et
1781 5056 1930 5101 con-

421 5134 810 5217 gruentibus
851 5134 1025 5197 horis
1063 5152 1076 5196 :
1115 5134 1476 5216 septenario
1515 5154 1746 5217 nempe
1791 5136 1931 5197 uni-

423 5232 702 5295 versitas
729 5231 1115 5311 designatur.
1133 5231 1329 5295 Nemo
1360 5250 1617 5313 quoque
1647 5232 1932 5313 loquitur

421 5331 490 5394 ei
527 5330 800 5395 verbum
835 5331 916 5392 de
953 5348 1085 5394 non
1124 5330 1426 5413 patiendo
1469 5349 1580 5393 seu
1624 5330 1923 5412 passione

2039 4342 2185 4405 tatis
2224 4360 2291 4404 se
2331 4358 2597 4422 ponenS,
2632 4338 2741 4400 sed
2778 4337 3087 4418 cogitanS,
3119 4337 3279 4411 Quid
3310 4359 3530 4421 super·
3556 4360 3822 4415 Rectam.

2039 4440 2132 4503 bit
2160 4449 2329 4502 terra
2364 4446 2428 4501 et
2464 4436 2671 4499 cinis?
2711 4435 2835 4498 Cur
2873 4444 3095 4498 contra
3128 4436 3325 4499 Deum
3365 4438 3529 4501 insa—

2039 4541 2136 4603 nit
2176 4539 2509 4621 peccator?
2539 4535 2663 4597 Cur
2691 4534 2923 4597 vermis
2960 4544 3087 4596 tam
3121 4534 3368 4615 fragilis
3404 4537 3527 4599 sibi

2038 4640 2389 4721 quidquam
2418 4635 2543 4697 nisi
2574 4632 3121 4698 defectuositatem
3151 4654 3405 4699 omnem
3430 4638 3533 4699 ad·

2037 4736 2261 4799 scribit
2282 4738 2307 4795 ‘t

2116 4833 2231 4898 Cui
2262 4832 2629 4913 frequenter
2658 4828 2945 4911 loquitur
2974 4847 3132 4892 uxor
3162 4849 3295 4908 sua,
3331 4831 3395 4893 id
3430 4840 3529 4894 est

2037 4930 2312 4997 carnalis
2340 4928 2655 5012 cognatio,
2674 4936 2785 4990 aut
2813 4927 3134 4991 saecularis
3164 4929 3522 5009 prudentia,

2040 5052 2150 5095 seu
2186 5030 2397 5112 passio
2427 5026 2791 5110 appetitivae
2820 5025 3117 5107 potentias
3155 5028 3475 5091 sensitiva)
3507 5046 3523 5090 ε

2039 5135 2275 5193 Adhuc
2294 5147 2635 5206 permanes
2665 5128 2735 5185 in
2766 5127 3181 5201 simplicitate
3212 5127 3531 5188 tua?Car·

2041 5230 2219 5293 nales
2269 5243 2543 5305 namque
2580 5231 2644 5285 et
2680 5221 3012 5284 saeculares
3056 5222 3531 5307 passionatique

2041 5326 2242 5391 animi
2286 5332 2518 5399 motus,
2571 5339 2699 5384 non
2748 5318 3175 5400 intelligentes
3226 5340 3373 5404 quae
3417 5324 3529 5387 Dei
