4309 6259
599 4419 614 4463 l
633 4420 737 4464 Par.
752 4433 860 4463 xxiv.

894 483 1012 547 258

1241 504 1588 551 RNARRATIO
1630 504 1693 549 IN
1735 504 1871 550 GAP.
1917 502 2068 549 XXXI
2110 500 2267 548 LIBRI
2312 500 2563 548 SECUNDI
2602 502 3132 547 PARALIPOMENON.
3176 520 3258 529 —
3296 501 3439 546 ΛΒΤ.
3486 499 3638 545 xxxl

891 693 1017 733 voa>
1042 693 1282 746 eorum,
1311 677 1732 754 pervenitque
1764 677 1970 736 oratio
2011 677 2098 734 ad
2137 676 2380 734 habita·
2410 674 2461 734 A
2488 674 2649 736 coelo
2693 681 2874 735 crant
2918 671 3239 754 placentes
3267 695 3282 745 3
3317 678 3379 733 et
3411 669 3563 732 item
3595 668 3832 733 ratione
3868 666 3951 731 θῖ-

888 774 1108 831 culum
1143 783 1438 833 sanctum
1466 776 1633 843 coeli,
1665 772 1728 834 id
1769 780 1885 849 est,
1922 772 2124 834 nubes
2168 779 2230 833 et
2258 790 2381 833 coe·

893 868 1024 931 lum
1068 872 1446 952 penetravit,
1481 880 1542 933 et
1587 890 1790 952 usque
1831 872 1910 933 ad
1940 870 2047 933 Dei
2080 870 2376 931 thronum

891 969 1183 1049 pervenit
1207 969 1273 1030 in
1295 970 1529 1031 coelum
1548 988 1942 1051 empyreum,
1971 968 2036 1030 in
2067 986 2197 1050 quo
2216 969 2379 1033 Deus

893 1066 1255 1147 specialiter
1286 1087 1447 1145 esse,
1483 1068 1791 1145 habitare,
1823 1067 2071 1150 operari
2105 1076 2166 1129 et
2194 1086 2382 1129 exau-

892 1164 1029 1226 dire
1057 1166 1385 1229 asseritur.
1411 1167 1658 1229 Etenim
1690 1166 1898 1247 angeli
1921 1166 2123 1228 sancti
2153 1164 2380 1227 oratio-

893 1282 1005 1325 nes
1036 1264 1410 1328 devotorum
1449 1266 1707 1328 illorum
1742 1266 1867 1329 Deo
1901 1266 1966 1326 in
2005 1263 2169 1327 coelo
2199 1263 2382 1326 obtu-

892 1360 1124 1439 lerunt,
1161 1372 1223 1426 et
1253 1365 1378 1428 Deo
1423 1366 1742 1429 orationes
1787 1364 1913 1427 illae
1958 1364 2376 1445 placuerunt:

892 1469 1150 1542 propter
1169 1464 1340 1543 quod
1361 1465 1440 1526 ad
1461 1462 1897 1525 habitaculum
1919 1470 2208 1524 sanctum
2233 1460 2378 1523 coeli

889 1560 1255 1639 pervenisse
1283 1562 1606 1638 dicuntur,
1639 1561 1942 1642 quoniam
1975 1560 2279 1623 residenti
2313 1560 2378 1622 in

2491 771 2717 847 sectuS,
2752 771 3055 853 quoniam
3089 790 3125 832 a
3164 788 3310 849 rege
3354 768 3659 831 coelorum
3694 776 3835 829 sunt
3860 786 3952 829 ex-

2489 871 2741 933 auditae.

2577 969 2655 1030 At
2704 986 2854 1031 vcro
2896 968 2975 1030 de
3022 965 3341 1048 spirituali
3398 963 3819 1043 intelligentia
3862 982 3951 1025 eo·

2490 1087 2630 1129 rum
2655 1087 2799 1149 quae
2822 1066 2886 1128 in
2910 1067 3031 1127 isto
3062 1072 3398 1145 tanguntur
3418 1062 3713 1145 capitulo,
3729 1062 3953 1125 scilicet

2488 1168 2567 1230 de
2598 1166 2869 1249 mystica
2892 1163 3365 1245 significatione
3396 1162 3545 1243 agni
3568 1161 3873 1243 paschalis
3902 1169 3953 1222 et

2489 1264 3010 1329 concernentium
3060 1264 3245 1325 istam
3292 1261 3646 1335 materiam,
3701 1259 3955 1341 plurima

2488 1364 2615 1428 dici
2659 1371 2913 1445 possent
2958 1380 2972 1423 :
3020 1363 3100 1425 de
3134 1361 3368 1444 quibus
3400 1368 3790 1443 pertranseO,
3822 1376 3956 1438 quo-

2490 1464 2661 1526 niam
2708 1481 2897 1543 super
2924 1461 3209 1523 Exodum
3240 1468 3301 1523 et
3330 1458 3507 1534 alibi,
3543 1457 3691 1520 inde
3730 1455 3955 1519 diffuse
4001 1473 4176 1515 amam:

2489 1570 2825 1625 tractatum
2856 1568 2972 1622 est.

1929 1982 2578 2069 ARTICULUS
2656 1983 2941 2067 XXXI

969 2298 976 2305 .
1064 2259 1439 2305 DECLARATIO
1483 2259 1756 2304 carl'rutl
1799 2258 2100 2303 TRlcEslffl
2143 2256 2312 2301 Pmffl
2356 2256 2369 2299 :

2417 2256 2698 2310 QUUMQUE
2742 2258 2875 2302 lia-:c
2918 2258 3204 2303 FUISSENT
3244 2259 3384 2303 mrss
3425 2260 3798 2305 CELEBRATA.

1042 2538 1116 2601 IC
1147 2545 1478 2600 enarratur
1499 2536 1776 2618 qualiter
1801 2544 2055 2598 sanctus
2081 2533 2375 2596 Ezechias
2418 2534 2461 2595 B
2489 2536 2921 2598 sacerdotibus
2976 2536 3451 2600 ministrabant.
3518 2542 3594 2601 Ut
3642 2540 3968 2599 ministra-

1060 2636 1304 2699 cultum
1326 2636 1434 2698 Dei
1459 2636 1709 2717 plenius
1743 2634 2073 2698 renovavit
2093 2652 2205 2715 per
2229 2642 2379 2695 tem-

892 2735 984 2818 pli
1025 2736 1373 2798 ministros,
1411 2739 1748 2814 Quumque
1774 2738 1931 2804 Izoec,
1961 2752 2103 2814 quae
2146 2751 2380 2814 praece-

892 2834 1069 2896 denti
1126 2833 1406 2915 capitulo
1457 2841 1606 2894 sunt
1663 2832 1881 2908 relata,
1931 2834 2209 2909 fuissent
2256 2833 2380 2891 rite

889 2934 1227 3001 celebrata,
1249 2951 1532 3008 eyressus
1560 2941 1648 2991 est
1677 2932 1886 2991 omnis
1908 2932 2114 2992 Israel
2143 2930 2261 3007 qui
2286 2930 2380 2987 in-

891 3040 1117 3089 ventus
1150 3032 1370 3107 fuerat
1408 3032 1482 3089 in
1513 3031 1782 3089 urbibus
1817 3031 2014 3097 Iuda,
2058 3026 2377 3109 praecipuc

891 3127 1037 3204 viri,
1069 3138 1128 3187 et
1154 3129 1492 3206 fregerunt
1521 3130 1900 3196 simulacra,
1932 3145 2074 3207 quae
2117 3126 2379 3188 invene-

889 3234 1040 3287 runt
1068 3224 1133 3287 in
1179 3244 1375 3307 regno
1406 3226 1584 3301 Juda,
1620 3234 1684 3287 et
1721 3224 1784 3286 in
1831 3226 2048 3287 decem
2092 3224 2375 3286 tribuum

889 3332 1074 3401 terra,
1107 3326 1640 3403 succideruntque
1672 3328 1867 3393 lu-COS,
1895 3325 2188 3383 demoliti
2225 3333 2378 3383 sunt

887 3426 1152 3493 excelsa,
1171 3432 1229 3483 et
1249 3424 1492 3483 altaria
1513 3426 1996 3492 destruxerunt,
2019 3442 2148 3482 non
2168 3425 2376 3481 solu-m

887 3522 965 3580 de
1003 3522 1300 3581 universo
1329 3524 1505 3583 Iuda
1543 3531 1600 3581 et
1638 3522 2021 3597 Benjamin,
2050 3523 2161 3579 secl
2199 3530 2257 3580 et
2298 3524 2377 3579 de

889 3620 1210 3696 Ephraim
1238 3640 1486 3699 quoque
1525 3629 1582 3680 et
1619 3622 1938 3687 Manasse,
1969 3622 2168 3678 donec
2190 3620 2376 3694 peni-

2486 2644 2629 2693 rent
2660 2632 2901 2715 quique
2942 2634 3007 2696 in
3050 2635 3182 2696 suis
3214 2634 3480 2711 officiis,
3514 2647 3573 2697 et
3601 2641 3968 2714 confiteren-

2488 2742 2595 2791 tur
2623 2744 3069 2811 canerentque,
3105 2733 3225 2796 hoc
3265 2742 3381 2811 est,
3415 2733 3610 2796 Deum
3645 2734 3969 2797 laudarent

2485 2848 2557 2892 ac
2590 2830 2955 2911 psallerent,
2983 2833 3056 2891 in
3082 2835 3289 2909 portis
3308 2842 3665 2894 castrorum
3686 2835 3969 2901 Domini,

2486 2927 2551 2989 id
2579 2938 2674 2991 est
2705 2930 2768 2990 in
2799 2930 3107 2992 atriorum
3141 2931 3454 3010 ingressu.

2582 3032 2749 3089 Pars
2796 3040 3011 3090 antem
3060 3031 3229 3106 reyis
3274 3051 3495 3091 eorum
3542 3041 3707 3099 erat,
3756 3030 3819 3092 id
3878 3038 3971 3093 est

2486 3125 2693 3206 portio
2745 3144 2954 3206 regem
3005 3128 3403 3209 contingenS,
3454 3147 3567 3191 seu
3615 3147 3779 3190 onus
3828 3148 3970 3191 eum

2484 3242 2896 3299 concernenS,
2932 3236 3003 3285 ut
3032 3229 3113 3286 de
3133 3228 3408 3303 propria
3437 3228 3577 3303 ejus
3611 3228 3971 3287 substantia

2482 3328 2818 3401 offerretur
2845 3325 3283 3385 holocaustum
3306 3344 3493 3385 mane
3524 3345 3771 3402 semper
3799 3336 3859 3385 et
3880 3346 3972 3385 ve.-

2479 3441 2679 3498 spere,
2712 3422 2775 3484 id
2824 3430 2920 3485 est
2960 3423 3110 3503 juge
3154 3422 3569 3499 sacrificium,
3617 3442 3747 3504 quo
3794 3423 3969 3487 omni

2483 3539 2669 3583 mane
2711 3520 3157 3584 immolabatur
3202 3541 3368 3584 unus
3412 3539 3636 3600 agnuS,
3672 3530 3736 3585 et
3778 3522 3971 3584 etiam

2482 3618 2772 3697 quolibet
2803 3637 3102 3700 vespere:
3137 3620 3252 3700 qui
3294 3620 3440 3700 agni
3486 3621 3765 3684 totaliter
3803 3640 3974 3685 com-

891 3726 992 3776 tus
1019 3724 1387 3777 everterent.
1412 3719 1801 3794 Reum-sique
1827 3724 1978 3775 sunt
1996 3735 2212 3775 omnes
2242 3718 2376 3792 ficii
2410 3714 2455 3778 C
2484 3715 2873 3778 burcbantur
2903 3717 2968 3778 in
2999 3718 3184 3779 altari
3230 3718 3769 3795 holocaustorum,
3804 3740 3974 3782 unus

887 3818 1093 3875 Israel
1123 3817 1195 3874 in
1218 3816 1632 3893 possessiones
1660 3824 1719 3874 et
1744 3815 2036 3874 civitates
2065 3834 2237 3873 suas.

898 3972 902 3977 .
967 3914 1276 3973 Ezechias
1304 3923 1520 3973 autem
1549 3914 1880 3973 constituit
1904 3921 2150 3971 turmas
2179 3932 2375 3971 sacer-

884 4014 1125 4071 dotales
1167 4021 1226 4071 et
1266 4012 1614 4080 Levitieas,
1647 4032 1768 4088 per
1806 4012 2157 4069 divisiones
2199 4031 2374 4079 susm,

886 4128 1408 4187 unumquemque
1438 4111 1509 4169 in
1553 4111 1754 4183 officio
1779 4109 2070 4186 proprio,
2107 4118 2239 4169 tum
2276 4129 2376 4167 sa-

887 4208 1212 4266 cerdotum
1261 4207 1577 4275 videlicet,
1609 4226 1807 4283 qua-m
1837 4207 2219 4265 Levicamm
2250 4225 2273 4263 .·
2310 4204 2371 4266 id

889 4309 1006 4376 est,
1043 4310 1169 4364 tam
1199 4303 1556 4365 sacerdotes
1587 4321 1778 4383 quam
1807 4301 2055 4364 Levitas
2085 4302 2375 4365 ordinate

890 4400 1181 4461 distinxit
1222 4408 1413 4481 atque
1451 4400 1690 4476 divisit,
1738 4400 1903 4463 sicut
1946 4400 2224 4463 instituit
2255 4401 2374 4463 Da-

892 4497 1020 4574 vid,
1053 4498 1407 4561 ordinando
1437 4498 1663 4577 viginti
1703 4508 1977 4579 quatuor
2009 4507 2249 4561 turmas
2281 4519 2376 4562 sa-

889 4597 1255 4659 cerdotum:
1294 4596 1379 4657 ita
1417 4597 1585 4677 quod
1631 4596 1978 4677 unicuique
2024 4605 2373 4659 turmarum

890 4694 1142 4756 illarum
1184 4693 1443 4776 praefuit
1485 4713 1652 4757 unus
1697 4714 2032 4776 supremus
2082 4698 2373 4759 sacerdos

889 4793 958 4855 in
989 4811 1083 4869 ea,
1106 4792 1348 4856 habens
1381 4793 1499 4856 sub
1525 4813 1591 4857 se
1613 4793 1838 4872 viginti
1869 4802 2144 4874 quatuor
2176 4814 2375 4857 sacer-

2484 3832 2596 3895 per
2627 3814 2819 3889 diem,
2853 3815 3013 3877 alter
3043 3835 3155 3896 per
3185 3825 3435 3879 noctem
3463 3840 3479 3889 3
3512 3820 3792 3878 sabbatis
3822 3840 3977 3897 quo-

2482 3934 2623 3992 que,
2670 3911 2733 3975 id
2778 3920 2873 3974 est
2910 3914 3201 3994 quolibet
3246 3914 3532 3990 sabbato,
3566 3926 3624 3975 e!
3656 3919 3975 3987 calendis,

2485 4006 2547 4069 id
2578 4016 2673 4070 est
2703 4008 2978 4069 exordiis
3012 4008 3353 4085 mensium,
3388 4019 3445 4068 et
3482 4014 3980 4073 solennitatibus

2482 4108 2724 4175 oetavis,
2756 4105 3001 4168 scilicet
3042 4107 3463 4183 PentecosteS,
3502 4107 3973 4173 Tabernaculo-

2486 4222 2625 4264 rum
2662 4212 2726 4265 et
2762 4203 3177 4285 ExpiationiS,
3213 4204 3367 4285 quia
3414 4206 3479 4267 in
3523 4205 3622 4267 his
3664 4207 3975 4288 tempori-

2483 4302 2603 4364 bus
2635 4302 2935 4383 specialia
2965 4301 3286 4364 sacrificia
3316 4301 3781 4381 offerebantur,
3806 4308 3977 4365 sicut

2480 4402 2795 4477 scri-'ptum
2824 4411 2912 4460 est
2950 4402 3023 4461 in
3060 4404 3191 4477 leye
3212 4404 3477 4479 Moysis,
3510 4403 3865 4483 praesertim
3910 4404 3977 4465 in

2481 4498 2783 4575 Levitico,
2805 4498 3040 4561 etitem
3062 4499 3127 4559 in
3153 4499 3318 4562 libro
3340 4500 3779 4564 Numerorum.
3802 4506 3983 4564 Prat-

2482 4600 2644 4674 cepit
2664 4600 2859 4657 etiam
2872 4602 3113 4674 populo
3134 4600 3572 4659 habitantium
3591 4602 3980 4671 Jerusalem,

2484 4708 2556 4757 ut
2582 4700 2814 4757 darent
2838 4706 3055 4771 partes
3082 4700 3513 4757 sacerdotibus
3534 4708 3591 4759 et
3612 4700 3893 4768 Levitis,
3915 4699 3983 4761 id

2484 4804 2579 4857 cst
2636 4795 2913 4858 decimas
2972 4803 3163 4875 atque
3217 4794 3557 4877 primitiaS,
3604 4806 3675 4856 ut
3716 4809 3983 4874 possent

887 4892 1086 4967 doteS,
1120 4892 1510 4972 totidemque
1538 4891 1810 4968 LevitaS,
1850 4899 1938 4953 tot
1981 4892 2173 4953 etiam
2211 4894 2374 4974 jani—
2407 4900 2455 4960 D
2490 4915 2714 4955 vacare
2742 4898 2869 4970 lessi
2888 4896 3180 4965 Domini,
3214 4894 3334 4957 hoc
3365 4903 3462 4956 est
3490 4892 3709 4959 divino
3738 4894 3977 4973 cultui,

887 4998 1077 5066 toreS,
1104 4998 1171 5051 ut
1203 4990 1268 5051 in
1302 4988 1687 5053 Scholastica
1713 4990 1915 5052 fertur
1947 4990 2254 5066 historia3
2288 4997 2373 5054 ad

887 5090 1252 5149 holocausta
1290 5098 1350 5149 et
1385 5089 1687 5166 pacifica,
1729 5088 1793 5149 id
1837 5096 1931 5149 est
1973 5090 2047 5150 ad
2095 5088 2373 5153 offeren-

885 5188 1034 5249 dum
1069 5186 1596 5263 holocautomata,
1633 5186 2002 5267 hostiasque
2038 5187 2363 5268 pacificaS,

885 5304 1046 5365 quas
1076 5286 1430 5348 sacerdotes
1461 5285 1880 5347 immolabant
1905 5309 1919 5357 ;
1955 5285 2188 5349 Levitae
2218 5305 2366 5351 vero

2485 5001 2547 5054 et
2577 4990 2914 5053 sacrificiis
2946 4992 3126 5071 legiS‚
3162 5011 3233 5054 ac
3264 5011 3445 5055 orare
3476 5011 3591 5074 pro
3621 4992 3885 5074 populo,
3920 5004 3985 5057 et

2483 5091 2707 5151 docere
2736 5110 2808 5152 ac
2840 5089 3111 5173 psallere
3139 5108 3152 5150 :
3190 5089 3331 5152 ideo
3362 5090 3759 5153 sustentandi
3794 5100 3987 5155 erant

2478 5209 2515 5249 a
2559 5190 2816 5270 popule.
2850 5190 2973 5252 Nec
3017 5190 3135 5253 soli
3180 5190 3567 5253 habitatores
3592 5190 3980 5267 Jerusalem,

2479 5288 2588 5349 sed
2619 5288 2811 5349 ceteri
2842 5308 3099 5370 quoque
3127 5288 3327 5352 Judaei
3359 5288 3737 5353 tenebantur
3778 5290 3866 5352 ad
3899 5290 3987 5353 is-

3978 1538 4063 1579 La:
4080 1551 4161 1577 xm.

3998 3439 4213 3482 Esodaxn.

3998 3505 4123 3545 3342.

4034 4424 4129 4465 Let.
4144 4426 4246 4471 11:112}

4008 4486 4230 4529 Numantia
4245 4500 4246 4533 3
