4309 6259
95 1102 120 1145 11
131 1103 216 1144 Par.

83 1364 128 1401 ib.

689 531 1040 578 ENARRATIO
1083 533 1146 577 IN
1187 533 1325 578 CAP.
1370 532 1500 577 xvu
1541 530 1699 578 LIBRI
1741 532 1994 578 SEGUNDI
2035 533 2567 581 PARALIPOMRNON.
2613 555 2695 564 —
2734 534 2874 581 ΛΒΤ.
2922 528 3051 580 xvn

3296 518 3415 581 225

321 702 792 762 combusserunt
845 722 1040 780 super
1102 723 1252 763 eam
1311 704 1662 763 ambitione
1709 703 1810 763 ni·
1839 698 1890 763 A
1919 702 2130 778 cessit,
2166 702 2330 765 sicut
2368 712 2433 766 et
2462 703 2680 781 David,
2716 714 2779 768 et
2821 724 2935 787 pro
2980 706 3112 768 suis
3152 705 3415 768 excessi·
3470 722 3705 778 uncam.

324 800 478 867 mia,
509 798 627 861 hoc
669 807 767 862 est
809 809 1178 881 arroganter
1219 809 1284 863 et
1326 800 1598 862 nimium
1647 819 1811 862 sum-

320 904 560 977 ptuose,
595 916 672 961 eo
703 899 874 979 quod
910 906 1038 960 tam
1066 898 1344 978 gloriose
1381 899 1764 979 regnaverit.

393 994 568 1058 Circa
599 997 906 1078 praedicta
934 998 1138 1059 oritur
1164 998 1454 1079 quaestio.
1491 998 1808 1079 Scriptum

231 1116 291 1151 xv.
317 1101 406 1154 est
437 1093 608 1156 enim
641 1096 1026 1177 praecedenti
1057 1096 1362 1177 capitulo,
1385 1096 1506 1158 Cor
1535 1094 1656 1157 Asa
1677 1103 1812 1157 erat

319 1188 666 1271 perfectum
691 1194 942 1256 cunctis
964 1194 1190 1257 diebus
1212 1194 1350 1274 ejus
1373 1218 1388 1269 ς
1413 1201 1476 1258 et
1497 1192 1682 1256 tertio
1704 1194 1811 1255 Re-

89 1296 125 1339 ¹¹¹
137 1298 288 1353 Ber-nu.
314 1306 482 1368 gum,
517 1290 640 1353 Cor
673 1293 794 1353 Asa
823 1292 1179 1373 perfectum
1209 1300 1346 1354 erat
1375 1312 1520 1354 eum
1542 1292 1810 1355 Domino

313 1389 434 1450 Deo
464 1408 580 1451 suo
613 1390 864 1453 cunctis
895 1390 1122 1453 diebus
1153 1391 1308 1453 suiS.
1341 1390 1520 1453 Nunc
1550 1408 1702 1453 vero
1730 1390 1808 1453 de

313 1486 526 1547 multis
572 1487 752 1549 vitiis
801 1496 899 1549 est
947 1496 1222 1564 notatus,
1257 1496 1328 1549 ut
1376 1489 1547 1569 quod
1597 1506 1809 1567 regem

311 1584 495 1646 {srael
530 1586 895 1648 inordinate
918 1586 1268 1667 pertimuit,
1292 1586 1461 1666 quod
1485 1586 1562 1647 ad
1597 1604 1808 1666 regem

316 1682 502 1763 Syriae
547 1683 888 1747 infidelem
928 1684 1244 1765 confugit,
1279 1686 1452 1765 quod
1497 1702 1624 1747 non
1665 1702 1807 1765 spe-

315 1781 472 1842 ravit
503 1782 570 1843 in
605 1783 897 1857 Domino,
933 1783 1102 1863 quod
1138 1783 1636 1863 increpationem
1669 1782 1809 1844 Pro-

1921 800 2038 862 bus
2085 800 2210 863 fuit
2252 802 2317 863 in
2350 803 2481 865 vita
2529 801 2647 866 hac
2696 804 3061 884 castigatuS,
3095 812 3161 866 et
3209 803 3414 886 poeni-

1923 898 2118 961 tuisse
2162 900 2515 962 credendus
2554 909 2671 976 est,
2707 909 2771 963 et
2800 902 2949 964 laeso
2998 901 3407 965 satisfecisse.

1919 995 2227 1070 Quoniam
2260 1014 2410 1077 ergo
2464 1005 2553 1059 tot
2595 998 2782 1060 annis
2810 999 2977 1080 juste
3008 1000 3187 1074 vixit,
3223 1007 3413 1080 atque

1919 1102 2048 1156 tam
2080 1096 2284 1157 multa
2314 1096 2483 1158 bona
2511 1116 2582 1159 ac
2605 1098 2847 1178 optima
2876 1116 3066 1179 opera
3095 1098 3244 1177 egit,
3272 1097 3413 1161 ideo

1919 1192 2154 1254 dicitur
2185 1212 2293 1255 cor
2322 1194 2461 1273 ejus
2492 1213 2741 1275 semper
2776 1194 2973 1257 fuisse
3010 1194 3366 1277 perfectum
3394 1216 3408 1259 ε

1913 1291 2072 1371 quia
2108 1292 2280 1372 quod
2327 1292 2647 1354 modicum
2681 1302 2797 1370 est,
2834 1312 2949 1375 pro
2983 1294 3185 1355 nihilo
3230 1312 3415 1375 repu-

1918 1397 2108 1451 tatur.
2153 1390 2231 1450 Et
2278 1390 2571 1471 quamvis
2621 1399 2920 1471 praetacta
2972 1391 3110 1470 ejus
3156 1400 3414 1472 peecata

1919 1505 2048 1549 non
2108 1486 2370 1550 fuerunt
2424 1508 2619 1569 parva
2668 1489 2733 1549 in
2796 1508 2884 1564 se,
2940 1497 3151 1551 tamen
3202 1508 3411 1571 respe—

1919 1593 2024 1648 ctu
2055 1585 2361 1647 virtutum
2404 1594 2467 1647 et
2503 1586 3114 1649 virtuosissimorum
3153 1594 3408 1650 actuum

1917 1684 2081 1764 ejuS‚
2116 1703 2312 1765 parva
2346 1682 2544 1747 fuisse
2576 1693 2939 1747 censentur.

1996 1780 2199 1855 Quum
2242 1800 2393 1863 ergo
2422 1782 2521 1845 vir
2550 1791 2762 1844 tantus
2807 1790 2951 1864 post
2995 1789 3197 1844 tantas
3224 1783 3411 1863 justi-

311 1879 512 1961 phetae
555 1881 966 1963 contempsit,
1002 1880 1361 1962 increpanti
1409 1880 1608 1942 iratus
1655 1879 1800 1955 fuit,
1845 1878 1891 1940 B
1919 1880 2060 1957 tiaS,
2094 1880 2263 1943 circa
2306 1889 2588 1942 extrema
2619 1881 2765 1943 vitae
2797 1901 2926 1943 suae
2960 1882 3047 1942 ita
3082 1880 3407 1957 ceciderit,

311 1986 372 2038 et
417 1996 564 2039 eum
613 1978 923 2060 injuriose
969 1978 1190 2056 ligavit
1237 1984 1299 2039 et
1349 1977 1598 2053 elausit,
1633 1979 1804 2058 quod

315 2094 422 2137 nec
464 2076 528 2136 in
565 2075 950 2137 infirmitate
995 2094 1111 2137 sua
1147 2076 1483 2137 Dominum
1534 2074 1805 2156 requisi-

313 2174 418 2248 vit,
470 2174 696 2254 sicque
744 2174 1076 2236 induratus
1142 2173 1337 2235 fuisse
1385 2174 1657 2236 videtur.
1711 2173 1806 2234 Ad

313 2271 436 2335 baec
483 2274 742 2335 videtur
788 2273 1154 2345 dicendum,
1189 2272 1361 2353 quod
1410 2272 1634 2353 utique
1682 2272 1805 2333 fuit

311 2370 402 2431 vir
429 2370 616 2433 valde
642 2372 876 2453 jusum,
903 2370 1198 2452 quamvis
1230 2370 1552 2433 interdum
1584 2370 1672 2433 ita
1701 2389 1805 2433 ex-

1917 1978 2223 2040 debemus
2252 1978 2488 2058 jugiter
2518 1998 2656 2041 esse
2688 1978 2986 2041 custoditi
3010 1988 3071 2041 et
3104 1979 3404 2055 timorati,

1919 2095 2035 2139 nec
2065 2077 2144 2138 de
2175 2076 2498 2158 prioribus
2539 2078 2782 2139 meritis
2826 2077 3078 2139 incaute
3108 2078 3405 2157 gaudere,

1914 2182 2024 2235 aut
2055 2193 2335 2255 unquam
2362 2192 2765 2255 praesumere,
2792 2175 2899 2237 sed
2922 2175 3211 2255 quotidie
3234 2184 3407 2238 tanto

1917 2272 2060 2354 plus
2094 2274 2161 2333 in
2206 2272 2382 2334 omni
2412 2273 2647 2335 virtute
2692 2272 3023 2353 proficere,
3060 2281 3297 2354 quanto
3330 2272 3407 2334 fi-

1917 2371 2018 2431 nis
2046 2377 2262 2432 noster
2291 2370 2491 2449 magis
2523 2371 2813 2432 imminet
2846 2370 3053 2432 nobiS.

1375 2794 2028 2882 ARTICULUS
2104 2797 2353 2879 XVII

421 3070 736 3117 Expostrto
781 3069 1056 3114 castrum
1101 3067 1546 3112 SEPTmmEcnul
1596 3068 1609 3111 :
1660 3066 1962 3111 REGNAvl'r
2007 3066 2212 3110 Auri-:M
2251 3066 2563 3111 JOSAPHAT
2606 3067 2799 3111 FlLlUS
2846 3067 2981 3111 mus
3026 3066 3140 3111 PRO
3185 3066 3279 3111 EO.

439 3346 690 3409 GlTUR
730 3366 901 3409 nunc
942 3366 1057 3428 per
1094 3354 1367 3427 quatuor
1401 3344 1680 3427 capitula
1718 3344 1798 3406 de
1831 3342 1874 3404 C
1905 3344 2231 3427 Ephraim,
2254 3366 2415 3425 quas
2444 3356 2692 3422 ceperat
2722 3350 2855 3406 Asa
2869 3356 3061 3422 pater
3088 3348 3248 3422 ejus,
3284 3346 3397 3407 Su-

1905 3462 2018 3525 pra
2051 3443 2283 3523 legitur
2311 3443 2469 3505 Abia
2500 3463 2607 3505 rex
2635 3443 2791 3505 Juda
2812 3443 3059 3524 cepisse
3088 3443 3391 3524 quasdam
3424 3458 3457 3501 ιι
3483 3458 3689 3509 Panna,

457 3445 830 3521 virtutibuS‚
864 3445 1131 3521 divitiis,
1175 3453 1506 3527 potestate,
1539 3461 1798 3526 prospe-

313 3544 504 3621 ritate,
541 3545 882 3627 regimine,
909 3554 972 3607 et
1003 3543 1180 3607 felici
1213 3544 1347 3606 fine
1373 3544 1674 3625 Josaphat
1704 3562 1799 3604 re—

313 3642 436 3722 gis;
469 3652 533 3707 et
563 3644 632 3705 in
666 3644 876 3725 primo
909 3643 1030 3705 isto
1069 3643 1352 3725 capitulo
1384 3650 1690 3704 tractatur
1717 3640 1796 3702 de

313 3742 439 3821 ejus
483 3743 760 3821 justitia,
815 3750 1126 3823 potestate
1173 3749 1236 3803 et
1283 3740 1636 3822 opulentia.
1681 3743 1798 3800 Re-

311 3860 428 3914 ,qna
441 3842 528 3901 vit
572 3852 794 3902 autem
821 3844 1130 3917 Josaplzac
1155 3842 1342 3917 filius
1370 3840 1537 3917 ejus,
1581 3836 1798 3900 videli-

315 3945 402 3999 cet
422 3938 562 4013 Asa,
579 3960 707 4017 pro
737 3958 829 4010 eo,
857 3938 918 4001 id
949 3946 1046 3999 est
1075 3945 1221 4020 post
1250 3956 1419 4012 eum,
1446 3944 1508 3999 et
1537 3936 1604 3998 in
1636 3936 1796 3998 solio

314 4034 462 4113 ejus,
485 4047 544 4097 et
575 4038 870 4097 invaluit
897 4045 1122 4096 contra
1152 4040 1380 4105 Israel,
1416 4034 1480 4095 id
1509 4042 1624 4111 est,
1651 4051 1798 4112 rego

317 4131 486 4196 lsrael
525 4133 654 4196 fuit
698 4134 1043 4216 potentior,
1077 4141 1139 4195 et
1168 4133 1227 4195 ei
1268 4132 1624 4214 praevaluit.
1659 4133 1794 4195 Non

314 4238 511 4295 tamen
531 4232 837 4314 leguntur
867 4232 1172 4315 specialia
1194 4231 1365 4294 bella
1396 4230 1794 4312 interipsum

315 4336 370 4391 et
403 4350 622 4412 regem
652 4331 844 4394 Israel
886 4330 1076 4405 faeta,
1118 4331 1228 4393 sed
1259 4330 1361 4410 (ut
1390 4328 1561 4392 infra
1599 4328 1797 4393 habe-

317 4432 432 4511 tur)
471 4429 764 4494 civitates
811 4448 970 4511 quas
1011 4435 1192 4511 pater
1227 4428 1368 4510 ejus
1405 4428 1550 4509 jure
1589 4426 1795 4509 praelii

1904 3540 2193 3604 civitates
2226 3541 2403 3620 regni
2437 3541 2645 3603 israel.
2684 3542 2767 3603 De
2800 3543 2923 3603 Asa
2950 3556 3101 3604 vero
3125 3540 3396 3622 Scriptu-

1905 3659 1976 3701 ra
2005 3658 2134 3702 non
2166 3639 2347 3715 dixit,
2373 3640 2543 3719 quod
2574 3639 2815 3721 ceperit
2848 3639 3035 3701 urbes
3068 3638 3391 3719 Ephraim3

1904 3738 2012 3800 sed
2043 3748 2287 3801 certum
2318 3746 2415 3799 est
2444 3756 2519 3799 ex
2550 3737 2669 3800 hoc
2701 3756 2914 3818 passu,
2942 3738 3111 3817 quod
3145 3736 3393 3817 aliquas

1904 3836 2168 3918 ceperit.
2202 3836 2659 3917 Sapienterque
2702 3836 2851 3913 egit,
2895 3835 3067 3915 quod
3108 3854 3213 3896 eas
3256 3852 3396 3914 spe-

1903 3934 2151 3997 cialiter
2181 3934 2459 3996 munivit
2487 3932 2801 4014 praesidiis
2833 3941 3025 4014 atque
3054 3931 3391 4007 militibus,

1903 4033 2057 4114 quia
2104 4031 2436 4115 probabile
2482 4038 2637 4107 erat,
2688 4030 2859 4111 quod
2907 4048 3016 4093 rex
3050 4029 3238 4092 lsrael
3288 4048 3395 4091 eas

1906 4151 2281 4214 recuperare
2310 4138 2639 4211 satageret.

1984 4232 2070 4291 Ec
2120 4232 2258 4307 fuit
2296 4232 2613 4292 Dominus
2660 4250 2807 4289 cum
2856 4230 3182 4306 Josaphac,
3235 4228 3392 4306 quia

1904 4330 2267 4391 ambulavit
2297 4332 2369 4388 in
2395 4329 2520 4389 viis
2540 4330 2759 4389 David
2774 4329 2990 4405 patris
3008 4330 3115 4387 sui
3130 4327 3395 4405 primi-3,

1903 4437 1963 4488 et
1991 4447 2121 4489 non
2150 4429 2436 4506 speravit
2464 4428 2537 4486 in
2567 4428 2859 4496 Baalim,
2888 4429 2999 4486 sed
3028 4427 3101 4487 in
3133 4429 3260 4486 Deo
3278 4444 3397 4503 pa·

314 4524 565 4589 abstulit
593 4527 728 4607 regi
748 4527 962 4605 Israel,
987 4526 1252 4589 retinuit
1277 4534 1343 4589 et
1371 4525 1664 4589 defendit
1688 4545 1797 4607 po-
1822 4520 1873 4583 D
1907 4528 2026 4586 tris
2050 4527 2195 4597 sui;
2233 4535 2293 4586 et
2313 4527 2606 4603 perrexit
2632 4526 2705 4585 in
2726 4526 3067 4602 praeceptis
3099 4525 3306 4595 illius,
3334 4532 3397 4583 et

320 4630 527 4703 tenter,
562 4634 636 4689 ut
665 4625 858 4708 paulo
889 4634 1034 4708 post
1063 4623 1379 4688 subditur.
1419 4627 1796 4686 Constituit-

315 4742 424 4799 qne
441 4727 736 4787 militum
754 4744 1082 4794 numeros,
1103 4723 1168 4787 id
1199 4732 1296 4787 est
1315 4722 1794 4785 multitudinem

319 4820 652 4901 copiosam,
691 4824 766 4883 in
813 4824 1064 4883 cunctis
1111 4824 1382 4882 urbibus
1419 4822 1622 4891 Juda,
1653 4842 1796 4899 quoe

317 4930 488 4980 erant
507 4924 768 4983 vallatoe
795 4922 1030 4992 muris,
1055 4926 1126 4981 ut
1155 4918 1344 4981 urbes
1377 4919 1548 5000 ipsas
1579 4917 1660 4980 ab
1690 4919 1798 4983 ho-

320 5014 508 5079 stibus
561 5017 1012 5091 defensarent3
1067 5019 1536 5097 praesidiaque,
1587 5016 1652 5079 id
1701 5024 1798 5079 est

319 5113 714 5193 munitioneS,
747 5117 1069 5193 dispo-wil
1095 5117 1170 5175 in
1201 5124 1372 5175 terra
1399 5116 1598 5185 Iuda,
1631 5124 1692 5174 et
1722 5116 1797 5174 in

317 5212 674 5275 civitatibus
705 5214 1059 5293 Ephraim,
1087 5212 1150 5275 id
1189 5221 1286 5276 est
1314 5213 1382 5275 in
1412 5212 1670 5295 oppidis
1701 5230 1797 5275 re-

317 5308 415 5385 gni
445 5311 660 5375 decem
701 5312 1012 5389 tribuum,
1047 5330 1160 5391 seu
1188 5311 1550 5394 specialiter
1585 5308 1792 5374 tribus

550 5445 615 5495 T.
649 5446 695 5496 4.

1902 4644 2028 4686 non
2069 4625 2279 4702 juxta
2312 4631 2572 4701 peccata
2614 4624 2822 4683 Israel
2859 4643 2881 4682 .·
2925 4621 2986 4684 id
3038 4630 3154 4698 est,
3204 4636 3396 4703 opera

1901 4722 2186 4785 virtuosa
2214 4740 2357 4802 quae
2387 4719 2583 4783 David
2627 4718 2779 4782 feeit
2814 4718 2881 4781 in
2924 4720 3185 4783 exordio
3217 4716 3395 4798 regni

1903 4820 2026 4897 sui,
2071 4828 2325 4883 secutus
2368 4827 2486 4895 est,
2530 4826 2595 4881 et
2644 4836 2771 4881 non
2814 4818 2881 4879 in
2932 4817 3208 4899 peccatis
3252 4817 3395 4897 ejus

3442 787 3549 836 4-17;
3568 788 3703 837 xvh&

3442 860 3552 898 xxiv,
3579 851 3617 899 1,
3639 851 3679 891 2.

3428 3524 3490 3563 19.

1901 4938 2044 5001 quae
2074 4917 2186 4980 diu
2233 4923 2451 4999 postea
2496 4914 2650 4978 fecit
2691 4915 2860 4979 circa
2888 4916 3101 4977 Uriam
3148 4922 3211 4977 et
3254 4915 3393 4995 ejus
3452 4933 3685 4987 umam.

1901 5017 2264 5098 conjugem.
2300 5013 2437 5091 Vel,
2471 5014 2537 5075 ln
2582 5014 2707 5077 viis
2738 5015 2879 5095 ejus
2918 5014 3165 5095 primiS,
3203 5012 3266 5074 id
3298 5018 3395 5075 est
3421 5001 3539 5041 “¹⁷-

1902 5113 2150 5177 actibus
2200 5113 2509 5177 virtutum
2556 5111 2696 5192 ejus
2742 5111 3103 5193 praecipuiS.
3152 5113 3395 5187 Confir-

1903 5212 2231 5289 mavicque
2255 5210 2573 5269 Dominus
2594 5228 2865 5285 reynum
2896 5210 2969 5269 in
2992 5229 3193 5269 manu
3223 5210 3386 5285 ejus,

1903 5319 1963 5371 et
1989 5309 2169 5369 dedic
2196 5307 2406 5366 omnis
2435 5304 2535 5367 vir
2562 5308 2737 5366 Juda
2767 5326 3043 5367 munera
3060 5308 3391 5383 losapkat.

3084 5440 3148 5489 15
