<?xml version="1.0" encoding="UTF-8"?>
<!DOCTYPE html PUBLIC "-//W3C//DTD XHTML 1.0 Transitional//EN"
    "http://www.w3.org/TR/xhtml1/DTD/xhtml1-transitional.dtd">
<html xmlns="http://www.w3.org/1999/xhtml" xml:lang="en" lang="en">
 <head>
  <title>
</title>
<meta http-equiv="Content-Type" content="text/html;charset=utf-8" />
  <meta name='ocr-system' content='tesseract 3.04.00' />
  <meta name='ocr-capabilities' content='ocr_page ocr_carea ocr_par ocr_line ocrx_word'/>
</head>
<body>
  <div class='ocr_page' id='page_1' title='image "./doctorisecstati06unkngoog_0174.png"; bbox 0 0 4309 6259; ppageno 0'>
   <div class='ocr_carea' id='block_1_1' title="bbox 618 1483 866 1538">
    <p class='ocr_par' dir='ltr' id='par_1_1' title="bbox 618 1483 866 1538">
     <span class='ocr_line' id='line_1_1' title="bbox 618 1483 866 1538; baseline -0.004 -11"><span class='ocrx_word' id='word_1_1' title='bbox 618 1483 653 1527; x_wconf 87' lang='lat'><strong>11</strong></span> <span class='ocrx_word' id='word_1_2' title='bbox 662 1484 866 1538; x_wconf 54' lang='lat' dir='ltr'><strong>Reus-tt.</strong></span> 
     </span>
    </p>
   </div>
   <div class='ocr_carea' id='block_1_2' title="bbox 892 495 4273 958">
    <p class='ocr_par' dir='ltr' id='par_1_2' title="bbox 896 495 3552 558">
     <span class='ocr_line' id='line_1_2' title="bbox 896 495 3552 558; baseline -0.004 -2"><span class='ocrx_word' id='word_1_3' title='bbox 896 495 1014 558; x_wconf 72' lang='lat'><strong>{50</strong></span> <span class='ocrx_word' id='word_1_4' title='bbox 1322 508 1669 556; x_wconf 59' lang='lat' dir='ltr'><strong>manuario</strong></span> <span class='ocrx_word' id='word_1_5' title='bbox 1712 509 1773 554; x_wconf 70' lang='lat' dir='ltr'><strong>m</strong></span> <span class='ocrx_word' id='word_1_6' title='bbox 1816 509 1951 554; x_wconf 69' lang='lat' dir='ltr'><strong>mr.</strong></span> <span class='ocrx_word' id='word_1_7' title='bbox 2000 507 2128 552; x_wconf 83' lang='lat' dir='ltr'><strong>xm·</strong></span> <span class='ocrx_word' id='word_1_8' title='bbox 2149 505 2308 550; x_wconf 73' lang='lat' dir='ltr'><strong>mant</strong></span> <span class='ocrx_word' id='word_1_9' title='bbox 2351 504 2518 549; x_wconf 76' lang='grc' dir='ltr'><strong>Ριιιιιι</strong></span> <span class='ocrx_word' id='word_1_10' title='bbox 2561 503 3090 549; x_wconf 60' lang='lat' dir='ltr'><strong>mummolinum.</strong></span> <span class='ocrx_word' id='word_1_11' title='bbox 3133 520 3214 531; x_wconf 91' lang='lat'><em>-</em></span> <span class='ocrx_word' id='word_1_12' title='bbox 3254 500 3394 546; x_wconf 63' lang='lat' dir='ltr'><strong>aar.</strong></span> <span class='ocrx_word' id='word_1_13' title='bbox 3441 500 3552 546; x_wconf 86' lang='lat' dir='ltr'><strong>xm</strong></span> 
     </span>
    </p>

    <p class='ocr_par' dir='ltr' id='par_1_3' title="bbox 892 668 4273 958">
     <span class='ocr_line' id='line_1_3' title="bbox 895 668 4273 765; baseline -0.005 -22"><span class='ocrx_word' id='word_1_14' title='bbox 895 681 1318 765; x_wconf 84' lang='lat' dir='ltr'><strong>prudentibus</strong></span> <span class='ocrx_word' id='word_1_15' title='bbox 1353 688 1619 743; x_wconf 85' lang='lat' dir='ltr'><strong>tractare</strong></span> <span class='ocrx_word' id='word_1_16' title='bbox 1640 677 1979 742; x_wconf 88' lang='lat' dir='ltr'><strong>consilium</strong></span> <span class='ocrx_word' id='word_1_17' title='bbox 2013 693 2141 738; x_wconf 91' lang='lat' dir='ltr'><strong>non</strong></span> <span class='ocrx_word' id='word_1_18' title='bbox 2163 676 2381 756; x_wconf 88' lang='lat' dir='ltr'><strong>despe-</strong></span> <span class='ocrx_word' id='word_1_19' title='bbox 2409 673 2460 734; x_wconf 87' lang='grc' dir='ltr'><strong>Α</strong></span> <span class='ocrx_word' id='word_1_20' title='bbox 2495 673 2672 736; x_wconf 85' lang='lat' dir='ltr'><strong>totali</strong></span> <span class='ocrx_word' id='word_1_21' title='bbox 2721 671 3042 735; x_wconf 85' lang='lat' dir='ltr'><strong>territorio</strong></span> <span class='ocrx_word' id='word_1_22' title='bbox 3093 672 3205 734; x_wconf 91' lang='lat' dir='ltr'><strong>illo</strong></span> <span class='ocrx_word' id='word_1_23' title='bbox 3262 671 3528 735; x_wconf 80' lang='lat' dir='ltr'><strong>diversae</strong></span> <span class='ocrx_word' id='word_1_24' title='bbox 3575 668 3866 748; x_wconf 84' lang='lat' dir='ltr'><strong>regiones</strong></span> <span class='ocrx_word' id='word_1_25' title='bbox 3913 677 3976 731; x_wconf 84' lang='lat' dir='ltr'><strong>et</strong></span> <span class='ocrx_word' id='word_1_26' title='bbox 4272 739 4273 750; x_wconf 9' lang='grc' dir='ltr'>χ</span> 
     </span>
     <span class='ocr_line' id='line_1_4' title="bbox 894 767 4273 862; baseline -0.004 -21"><span class='ocrx_word' id='word_1_27' title='bbox 894 780 986 842; x_wconf 84' lang='lat' dir='ltr'><strong>xit</strong></span> <span class='ocrx_word' id='word_1_28' title='bbox 1028 798 1041 841; x_wconf 94' lang='lat'><strong>:</strong></span> <span class='ocrx_word' id='word_1_29' title='bbox 1096 798 1225 862; x_wconf 89' lang='lat' dir='ltr'><strong>quo</strong></span> <span class='ocrx_word' id='word_1_30' title='bbox 1279 779 1625 842; x_wconf 88' lang='lat' dir='ltr'><strong>multorum</strong></span> <span class='ocrx_word' id='word_1_31' title='bbox 1671 774 2104 858; x_wconf 80' lang='lat' dir='ltr'><strong>praesumptio,</strong></span> <span class='ocrx_word' id='word_1_32' title='bbox 2159 771 2384 853; x_wconf 90' lang='lat' dir='ltr'><strong>insipi-</strong></span> <span class='ocrx_word' id='word_1_33' title='bbox 2491 771 2677 833; x_wconf 89' lang='lat' dir='ltr'><strong>multi</strong></span> <span class='ocrx_word' id='word_1_34' title='bbox 2713 789 2912 851; x_wconf 80' lang='lat' dir='ltr'><strong>regeS.</strong></span> <span class='ocrx_word' id='word_1_35' title='bbox 2950 770 3275 852; x_wconf 83' lang='lat' dir='ltr'>Siquidem</span> <span class='ocrx_word' id='word_1_36' title='bbox 3310 770 3376 832; x_wconf 90' lang='lat' dir='ltr'><strong>in</strong></span> <span class='ocrx_word' id='word_1_37' title='bbox 3418 768 3579 831; x_wconf 92' lang='lat' dir='ltr'><strong>libro</strong></span> <span class='ocrx_word' id='word_1_38' title='bbox 3607 767 3794 830; x_wconf 89' lang='lat' dir='ltr'><strong>Josue</strong></span> <span class='ocrx_word' id='word_1_39' title='bbox 3823 767 3979 847; x_wconf 88' lang='lat' dir='ltr'><strong>legi-</strong></span> <span class='ocrx_word' id='word_1_40' title='bbox 4027 783 4236 826; x_wconf 59' lang='lat' dir='ltr'><strong>domm.</strong></span> <span class='ocrx_word' id='word_1_41' title='bbox 4272 807 4273 814; x_wconf 26' lang='grc' dir='ltr'><strong>ι</strong></span> 
     </span>
     <span class='ocr_line' id='line_1_5' title="bbox 892 866 3977 958; baseline -0.005 -17"><span class='ocrx_word' id='word_1_42' title='bbox 892 878 1086 954; x_wconf 81' lang='lat' dir='ltr'><strong>entia,</strong></span> <span class='ocrx_word' id='word_1_43' title='bbox 1123 877 1484 957; x_wconf 81' lang='lat' dir='ltr'><strong>arrogantia</strong></span> <span class='ocrx_word' id='word_1_44' title='bbox 1529 875 1972 958; x_wconf 80' lang='lat' dir='ltr'><strong>reprobantur,</strong></span> <span class='ocrx_word' id='word_1_45' title='bbox 2006 872 2118 954; x_wconf 89' lang='lat' dir='ltr'><strong>qui</strong></span> <span class='ocrx_word' id='word_1_46' title='bbox 2164 871 2382 934; x_wconf 89' lang='lat' dir='ltr'><strong>omnia</strong></span> <span class='ocrx_word' id='word_1_47' title='bbox 2491 878 2615 946; x_wconf 92' lang='lat' dir='ltr'><strong>tur,</strong></span> <span class='ocrx_word' id='word_1_48' title='bbox 2650 871 2821 952; x_wconf 91' lang='lat' dir='ltr'><strong>quod</strong></span> <span class='ocrx_word' id='word_1_49' title='bbox 2854 868 2977 931; x_wconf 87' lang='lat' dir='ltr'><strong>filii</strong></span> <span class='ocrx_word' id='word_1_50' title='bbox 3011 869 3198 931; x_wconf 87' lang='lat' dir='ltr'><strong>lsrael</strong></span> <span class='ocrx_word' id='word_1_51' title='bbox 3231 874 3682 951; x_wconf 85' lang='lat' dir='ltr'><strong>percusserunt</strong></span> <span class='ocrx_word' id='word_1_52' title='bbox 3711 866 3778 928; x_wconf 91' lang='lat' dir='ltr'><strong>in</strong></span> <span class='ocrx_word' id='word_1_53' title='bbox 3809 874 3977 928; x_wconf 85' lang='lat' dir='ltr'><strong>terra</strong></span> 
     </span>
    </p>
   </div>
   <div class='ocr_carea' id='block_1_3' title="bbox 882 967 3979 1058">
    <p class='ocr_par' dir='ltr' id='par_1_4' title="bbox 882 967 3979 1058">
     <span class='ocr_line' id='line_1_6' title="bbox 882 967 3979 1058; baseline -0.005 -20"><span class='ocrx_word' id='word_1_54' title='bbox 882 976 1069 1058; x_wconf 85' lang='lat' dir='ltr'><strong>-juxta</strong></span> <span class='ocrx_word' id='word_1_55' title='bbox 1122 975 1363 1058; x_wconf 90' lang='lat' dir='ltr'><strong>proprii</strong></span> <span class='ocrx_word' id='word_1_56' title='bbox 1416 975 1643 1056; x_wconf 89' lang='lat' dir='ltr'><strong>capitis</strong></span> <span class='ocrx_word' id='word_1_57' title='bbox 1694 971 2267 1056; x_wconf 82' lang='lat' dir='ltr'><strong>apprehensionem</strong></span> <span class='ocrx_word' id='word_1_58' title='bbox 2317 978 2381 1031; x_wconf 86' lang='lat' dir='ltr'><strong>et</strong></span> <span class='ocrx_word' id='word_1_59' title='bbox 2495 968 2603 1031; x_wconf 89' lang='lat' dir='ltr'><strong>illa</strong></span> <span class='ocrx_word' id='word_1_60' title='bbox 2635 968 2896 1047; x_wconf 87' lang='lat' dir='ltr'><strong>triginta</strong></span> <span class='ocrx_word' id='word_1_61' title='bbox 2925 977 2988 1031; x_wconf 90' lang='lat' dir='ltr'><strong>et</strong></span> <span class='ocrx_word' id='word_1_62' title='bbox 3021 987 3220 1030; x_wconf 89' lang='lat' dir='ltr'><strong>unum</strong></span> <span class='ocrx_word' id='word_1_63' title='bbox 3253 985 3452 1047; x_wconf 81' lang='lat' dir='ltr'><strong>regeS.</strong></span> <span class='ocrx_word' id='word_1_64' title='bbox 3485 969 3630 1029; x_wconf 84' lang='lat' dir='ltr'><strong>Non</strong></span> <span class='ocrx_word' id='word_1_65' title='bbox 3669 967 3848 1026; x_wconf 70' lang='lat' dir='ltr'><strong>enim</strong></span> <span class='ocrx_word' id='word_1_66' title='bbox 3883 986 3979 1024; x_wconf 83' lang='lat' dir='ltr'><strong>re-</strong></span> 
     </span>
    </p>
   </div>
   <div class='ocr_carea' id='block_1_4' title="bbox 4270 93 4276 1110">
    <p class='ocr_par' dir='ltr' id='par_1_5' title="bbox 4270 93 4276 1110">
     <span class='ocr_line' id='line_1_7' title="bbox 4270 93 4276 1110; baseline 0 0"><span class='ocrx_word' id='word_1_67' title='bbox 4270 93 4276 1110; x_wconf 95' lang='lat' dir='ltr'><strong> </strong></span> 
     </span>
    </p>
   </div>
   <div class='ocr_carea' id='block_1_5' title="bbox 893 1068 2385 1254">
    <p class='ocr_par' dir='ltr' id='par_1_6' title="bbox 893 1068 2385 1254">
     <span class='ocr_line' id='line_1_8' title="bbox 893 1068 2385 1156; baseline -0.005 -19"><span class='ocrx_word' id='word_1_68' title='bbox 893 1075 1293 1156; x_wconf 86' lang='lat' dir='ltr'><strong>phantasiam</strong></span> <span class='ocrx_word' id='word_1_69' title='bbox 1326 1092 1514 1155; x_wconf 87' lang='lat' dir='ltr'><strong>agere</strong></span> <span class='ocrx_word' id='word_1_70' title='bbox 1543 1073 1786 1150; x_wconf 86' lang='lat' dir='ltr'><strong>volunt,</strong></span> <span class='ocrx_word' id='word_1_71' title='bbox 1824 1091 1939 1134; x_wconf 90' lang='lat' dir='ltr'><strong>nec</strong></span> <span class='ocrx_word' id='word_1_72' title='bbox 1976 1089 2121 1133; x_wconf 91' lang='lat' dir='ltr'><strong>cum</strong></span> <span class='ocrx_word' id='word_1_73' title='bbox 2164 1068 2385 1130; x_wconf 78' lang='lat' dir='ltr'><strong>inseri-</strong></span> 
     </span>
     <span class='ocr_line' id='line_1_9' title="bbox 893 1169 2340 1254; baseline -0.005 -19"><span class='ocrx_word' id='word_1_74' title='bbox 893 1172 1112 1236; x_wconf 87' lang='lat' dir='ltr'><strong>orihus</strong></span> <span class='ocrx_word' id='word_1_75' title='bbox 1142 1191 1333 1254; x_wconf 90' lang='lat' dir='ltr'><strong>super</strong></span> <span class='ocrx_word' id='word_1_76' title='bbox 1363 1172 1624 1252; x_wconf 84' lang='lat' dir='ltr'><strong>agendis</strong></span> <span class='ocrx_word' id='word_1_77' title='bbox 1652 1170 1945 1235; x_wconf 80' lang='lat' dir='ltr'><strong>conferre</strong></span> <span class='ocrx_word' id='word_1_78' title='bbox 1975 1169 2340 1249; x_wconf 84' lang='lat' dir='ltr'><strong>dignantur.</strong></span> 
     </span>
    </p>
   </div>
   <div class='ocr_carea' id='block_1_6' title="bbox 2491 1067 3980 1244">
    <p class='ocr_par' dir='ltr' id='par_1_7' title="bbox 2491 1067 3980 1244">
     <span class='ocr_line' id='line_1_10' title="bbox 2492 1067 3980 1147; baseline -0.003 -19"><span class='ocrx_word' id='word_1_79' title='bbox 2492 1069 2884 1147; x_wconf 81' lang='lat' dir='ltr'><strong>quisivimus</strong></span> <span class='ocrx_word' id='word_1_80' title='bbox 2929 1088 3072 1129; x_wconf 86' lang='lat' dir='ltr'><strong>eam</strong></span> <span class='ocrx_word' id='word_1_81' title='bbox 3125 1069 3194 1127; x_wconf 81' lang='lat' dir='ltr'><strong>in</strong></span> <span class='ocrx_word' id='word_1_82' title='bbox 3243 1069 3466 1127; x_wconf 82' lang='lat' dir='ltr'><strong>diebus</strong></span> <span class='ocrx_word' id='word_1_83' title='bbox 3509 1069 3697 1127; x_wconf 87' lang='lat' dir='ltr'><strong>Saul.</strong></span> <span class='ocrx_word' id='word_1_84' title='bbox 3755 1067 3840 1126; x_wconf 75' lang='lat' dir='ltr'><strong>Ec</strong></span> <span class='ocrx_word' id='word_1_85' title='bbox 3881 1085 3980 1124; x_wconf 85' lang='lat' dir='ltr'><strong>re-</strong></span> 
     </span>
     <span class='ocr_line' id='line_1_11' title="bbox 2491 1165 3980 1244; baseline -0.001 -18"><span class='ocrx_word' id='word_1_86' title='bbox 2491 1168 2751 1244; x_wconf 78' lang='lat' dir='ltr'><strong>spondit</strong></span> <span class='ocrx_word' id='word_1_87' title='bbox 2781 1167 3089 1226; x_wconf 82' lang='lat' dir='ltr'><strong>universa</strong></span> <span class='ocrx_word' id='word_1_88' title='bbox 3117 1168 3492 1237; x_wconf 81' lang='lat' dir='ltr'><strong>multituda,</strong></span> <span class='ocrx_word' id='word_1_89' title='bbox 3527 1175 3600 1224; x_wconf 90' lang='lat' dir='ltr'><strong>ut</strong></span> <span class='ocrx_word' id='word_1_90' title='bbox 3629 1165 3724 1224; x_wconf 82' lang='lat' dir='ltr'><strong>ita</strong></span> <span class='ocrx_word' id='word_1_91' title='bbox 3753 1169 3936 1242; x_wconf 77' lang='lat' dir='ltr'><strong>fieret</strong></span> <span class='ocrx_word' id='word_1_92' title='bbox 3956 1182 3980 1222; x_wconf 92' lang='lat'><strong>.·</strong></span> 
     </span>
    </p>
   </div>
   <div class='ocr_carea' id='block_1_7' title="bbox 976 1263 3981 1344">
    <p class='ocr_par' dir='ltr' id='par_1_8' title="bbox 976 1263 3981 1344">
     <span class='ocr_line' id='line_1_12' title="bbox 976 1263 3981 1344; baseline -0.004 -9"><span class='ocrx_word' id='word_1_93' title='bbox 976 1277 1060 1335; x_wconf 85' lang='lat' dir='ltr'><strong>E&#39;t</strong></span> <span class='ocrx_word' id='word_1_94' title='bbox 1098 1274 1194 1333; x_wconf 81' lang='lat' dir='ltr'><strong>ait</strong></span> <span class='ocrx_word' id='word_1_95' title='bbox 1233 1275 1321 1332; x_wconf 84' lang='lat' dir='ltr'><strong>ad</strong></span> <span class='ocrx_word' id='word_1_96' title='bbox 1360 1292 1610 1332; x_wconf 83' lang='lat' dir='ltr'><strong>omnem</strong></span> <span class='ocrx_word' id='word_1_97' title='bbox 1649 1280 1879 1332; x_wconf 85' lang='lat' dir='ltr'><strong>coetum</strong></span> <span class='ocrx_word' id='word_1_98' title='bbox 1919 1272 2147 1340; x_wconf 84' lang='lat' dir='ltr'><strong>Israel,</strong></span> <span class='ocrx_word' id='word_1_99' title='bbox 2184 1267 2250 1328; x_wconf 88' lang='lat' dir='ltr'><strong>id</strong></span> <span class='ocrx_word' id='word_1_100' title='bbox 2289 1274 2387 1329; x_wconf 88' lang='lat' dir='ltr'><strong>est</strong></span> <span class='ocrx_word' id='word_1_101' title='bbox 2485 1270 2824 1344; x_wconf 76' lang='lat' dir='ltr'><strong>placuerat</strong></span> <span class='ocrx_word' id='word_1_102' title='bbox 2867 1267 3043 1326; x_wconf 82' lang='lat' dir='ltr'><strong>enim</strong></span> <span class='ocrx_word' id='word_1_103' title='bbox 3084 1285 3286 1325; x_wconf 86' lang='lat' dir='ltr'><strong>sermo</strong></span> <span class='ocrx_word' id='word_1_104' title='bbox 3327 1266 3510 1325; x_wconf 83' lang='lat' dir='ltr'><strong>omni</strong></span> <span class='ocrx_word' id='word_1_105' title='bbox 3545 1266 3810 1341; x_wconf 79' lang='lat' dir='ltr'><strong>popula.</strong></span> <span class='ocrx_word' id='word_1_106' title='bbox 3863 1263 3981 1324; x_wconf 85' lang='lat' dir='ltr'><strong>lta-</strong></span> 
     </span>
    </p>
   </div>
   <div class='ocr_carea' id='block_1_8' title="bbox 894 1365 2388 1842">
    <p class='ocr_par' dir='ltr' id='par_1_9' title="bbox 894 1365 2388 1842">
     <span class='ocr_line' id='line_1_13' title="bbox 896 1365 2380 1451; baseline -0.005 -17"><span class='ocrx_word' id='word_1_107' title='bbox 896 1372 975 1434; x_wconf 90' lang='lat' dir='ltr'><strong>ad</strong></span> <span class='ocrx_word' id='word_1_108' title='bbox 1014 1389 1235 1434; x_wconf 91' lang='lat' dir='ltr'><strong>omnes</strong></span> <span class='ocrx_word' id='word_1_109' title='bbox 1277 1369 1367 1432; x_wconf 90' lang='lat' dir='ltr'><strong>ibi</strong></span> <span class='ocrx_word' id='word_1_110' title='bbox 1409 1377 1751 1451; x_wconf 86' lang='lat' dir='ltr'><strong>praesentes</strong></span> <span class='ocrx_word' id='word_1_111' title='bbox 1784 1385 1945 1449; x_wconf 91' lang='lat' dir='ltr'><strong>quos</strong></span> <span class='ocrx_word' id='word_1_112' title='bbox 1984 1365 2380 1430; x_wconf 88' lang='lat' dir='ltr'><strong>convocavit.</strong></span> 
     </span>
     <span class='ocr_line' id='line_1_14' title="bbox 894 1464 2388 1548; baseline -0.005 -16"><span class='ocrx_word' id='word_1_113' title='bbox 894 1470 1073 1532; x_wconf 89' lang='lat' dir='ltr'><strong>Unde</strong></span> <span class='ocrx_word' id='word_1_114' title='bbox 1123 1476 1186 1531; x_wconf 90' lang='lat' dir='ltr'><strong>et</strong></span> <span class='ocrx_word' id='word_1_115' title='bbox 1231 1468 1511 1530; x_wconf 89' lang='lat' dir='ltr'><strong>secundo</strong></span> <span class='ocrx_word' id='word_1_116' title='bbox 1560 1468 1795 1548; x_wconf 84' lang='lat' dir='ltr'><strong>Regum</strong></span> <span class='ocrx_word' id='word_1_117' title='bbox 1849 1465 2119 1528; x_wconf 89' lang='lat' dir='ltr'><strong>habetur</strong></span> <span class='ocrx_word' id='word_1_118' title='bbox 2167 1482 2180 1526; x_wconf 93' lang='lat'><strong>:</strong></span> <span class='ocrx_word' id='word_1_119' title='bbox 2226 1464 2388 1527; x_wconf 92' lang='lat' dir='ltr'><strong>Con-</strong></span> 
     </span>
     <span class='ocr_line' id='line_1_15' title="bbox 895 1563 2388 1648; baseline -0.004 -19"><span class='ocrx_word' id='word_1_120' title='bbox 895 1567 1182 1648; x_wconf 88' lang='lat' dir='ltr'><strong>gregavit</strong></span> <span class='ocrx_word' id='word_1_121' title='bbox 1211 1567 1409 1632; x_wconf 87' lang='lat' dir='ltr'><strong>David</strong></span> <span class='ocrx_word' id='word_1_122' title='bbox 1440 1585 1663 1629; x_wconf 91' lang='lat' dir='ltr'><strong>omnes</strong></span> <span class='ocrx_word' id='word_1_123' title='bbox 1693 1565 1927 1629; x_wconf 89' lang='lat' dir='ltr'><strong>electos</strong></span> <span class='ocrx_word' id='word_1_124' title='bbox 1958 1583 2034 1626; x_wconf 88' lang='lat' dir='ltr'><strong>ex</strong></span> <span class='ocrx_word' id='word_1_125' title='bbox 2062 1563 2251 1626; x_wconf 86' lang='lat' dir='ltr'><strong>Israel</strong></span> <span class='ocrx_word' id='word_1_126' title='bbox 2286 1563 2388 1624; x_wconf 90' lang='lat' dir='ltr'><strong>tri-</strong></span> 
     </span>
     <span class='ocr_line' id='line_1_16' title="bbox 896 1664 2387 1747; baseline -0.005 -18"><span class='ocrx_word' id='word_1_127' title='bbox 896 1667 1075 1747; x_wconf 83' lang='lat' dir='ltr'><strong>ginta</strong></span> <span class='ocrx_word' id='word_1_128' title='bbox 1113 1665 1337 1727; x_wconf 87' lang='lat' dir='ltr'><strong>millia.</strong></span> <span class='ocrx_word' id='word_1_129' title='bbox 1372 1667 1453 1728; x_wconf 74' lang='lat' dir='ltr'><strong>Si</strong></span> <span class='ocrx_word' id='word_1_130' title='bbox 1474 1669 1684 1742; x_wconf 81' lang='lat' dir='ltr'><strong>placet</strong></span> <span class='ocrx_word' id='word_1_131' title='bbox 1716 1667 1912 1734; x_wconf 81' lang='lat' dir='ltr'><strong>vobis,</strong></span> <span class='ocrx_word' id='word_1_132' title='bbox 1942 1672 2002 1723; x_wconf 87' lang='lat' dir='ltr'><strong>et</strong></span> <span class='ocrx_word' id='word_1_133' title='bbox 2035 1685 2075 1723; x_wconf 85' lang='lat' dir='ltr'><strong>a</strong></span> <span class='ocrx_word' id='word_1_134' title='bbox 2108 1664 2387 1724; x_wconf 81' lang='lat' dir='ltr'><strong>Domino</strong></span> 
     </span>
     <span class='ocr_line' id='line_1_17' title="bbox 895 1765 2380 1842; baseline -0.004 -15"><span class='ocrx_word' id='word_1_135' title='bbox 895 1769 1025 1827; x_wconf 87' lang='lat' dir='ltr'><strong>Deo</strong></span> <span class='ocrx_word' id='word_1_136' title='bbox 1056 1775 1267 1825; x_wconf 77' lang='lat' dir='ltr'><strong>nostro</strong></span> <span class='ocrx_word' id='word_1_137' title='bbox 1304 1766 1635 1842; x_wconf 73' lang='lat' dir='ltr'><strong>eyreditur</strong></span> <span class='ocrx_word' id='word_1_138' title='bbox 1670 1783 1872 1824; x_wconf 84' lang='lat' dir='ltr'><strong>sermo</strong></span> <span class='ocrx_word' id='word_1_139' title='bbox 1910 1782 2095 1841; x_wconf 80' lang='lat' dir='ltr'><strong>quem</strong></span> <span class='ocrx_word' id='word_1_140' title='bbox 2136 1765 2380 1840; x_wconf 81' lang='lat' dir='ltr'><strong>loquor.</strong></span> 
     </span>
    </p>
   </div>
   <div class='ocr_carea' id='block_1_9' title="bbox 2493 1361 3984 1836">
    <p class='ocr_par' dir='ltr' id='par_1_10' title="bbox 2493 1361 3984 1836">
     <span class='ocr_line' id='line_1_18' title="bbox 2493 1361 3978 1445; baseline -0.002 -19"><span class='ocrx_word' id='word_1_141' title='bbox 2493 1383 2641 1445; x_wconf 89' lang='lat' dir='ltr'><strong>que,</strong></span> <span class='ocrx_word' id='word_1_142' title='bbox 2676 1363 2787 1444; x_wconf 91' lang='lat' dir='ltr'><strong>qui</strong></span> <span class='ocrx_word' id='word_1_143' title='bbox 2818 1363 2957 1424; x_wconf 89' lang='lat' dir='ltr'><strong>vult</strong></span> <span class='ocrx_word' id='word_1_144' title='bbox 2987 1363 3145 1426; x_wconf 89' lang='lat' dir='ltr'><strong>alios</strong></span> <span class='ocrx_word' id='word_1_145' title='bbox 3177 1364 3258 1426; x_wconf 85' lang='lat' dir='ltr'><strong>ad</strong></span> <span class='ocrx_word' id='word_1_146' title='bbox 3288 1362 3412 1425; x_wconf 89' lang='lat' dir='ltr'><strong>sibi</strong></span> <span class='ocrx_word' id='word_1_147' title='bbox 3451 1361 3978 1424; x_wconf 88' lang='lat' dir='ltr'><strong>consentiendum</strong></span> 
     </span>
     <span class='ocr_line' id='line_1_19' title="bbox 2493 1460 3982 1544; baseline 0 -20"><span class='ocrx_word' id='word_1_148' title='bbox 2493 1461 2772 1539; x_wconf 83' lang='lat' dir='ltr'><strong>allicere,</strong></span> <span class='ocrx_word' id='word_1_149' title='bbox 2817 1463 3025 1544; x_wconf 87' lang='lat' dir='ltr'><strong>primo</strong></span> <span class='ocrx_word' id='word_1_150' title='bbox 3068 1470 3278 1543; x_wconf 83' lang='lat' dir='ltr'><strong>captet</strong></span> <span class='ocrx_word' id='word_1_151' title='bbox 3322 1460 3834 1524; x_wconf 83' lang='lat' dir='ltr'><strong>benevolentiam</strong></span> <span class='ocrx_word' id='word_1_152' title='bbox 3881 1480 3982 1524; x_wconf 85' lang='lat' dir='ltr'><strong>eo-</strong></span> 
     </span>
     <span class='ocr_line' id='line_1_20' title="bbox 2495 1559 3651 1641; baseline -0.003 -19"><span class='ocrx_word' id='word_1_153' title='bbox 2495 1560 2808 1636; x_wconf 91' lang='lat' dir='ltr'><strong>rumdem,</strong></span> <span class='ocrx_word' id='word_1_154' title='bbox 2843 1559 3302 1641; x_wconf 84' lang='lat' dir='ltr'><strong>humiliterque</strong></span> <span class='ocrx_word' id='word_1_155' title='bbox 3332 1560 3651 1640; x_wconf 83' lang='lat' dir='ltr'><strong>loquatur.</strong></span> 
     </span>
     <span class='ocr_line' id='line_1_21' title="bbox 2578 1660 3984 1737; baseline -0.001 -17"><span class='ocrx_word' id='word_1_156' title='bbox 2578 1662 3000 1737; x_wconf 71' lang='lat' dir='ltr'><strong>Conyreyavit</strong></span> <span class='ocrx_word' id='word_1_157' title='bbox 3028 1679 3174 1736; x_wconf 70' lang='lat' dir='ltr'><strong>erqo</strong></span> <span class='ocrx_word' id='word_1_158' title='bbox 3195 1661 3415 1720; x_wconf 83' lang='lat' dir='ltr'><strong>David</strong></span> <span class='ocrx_word' id='word_1_159' title='bbox 3441 1668 3746 1719; x_wconf 83' lang='lat' dir='ltr'><strong>cunctum</strong></span> <span class='ocrx_word' id='word_1_160' title='bbox 3773 1660 3984 1720; x_wconf 84' lang='lat' dir='ltr'><strong>Israel</strong></span> 
     </span>
     <span class='ocr_line' id='line_1_22' title="bbox 2494 1759 3983 1836; baseline -0.002 -17"><span class='ocrx_word' id='word_1_161' title='bbox 2494 1780 2535 1819; x_wconf 91' lang='lat' dir='ltr'><strong>a</strong></span> <span class='ocrx_word' id='word_1_162' title='bbox 2575 1760 2775 1822; x_wconf 75' lang='lat' dir='ltr'><strong>Sikor</strong></span> <span class='ocrx_word' id='word_1_163' title='bbox 2810 1761 3110 1836; x_wconf 72' lang='lat' dir='ltr'><strong>AEyypti,</strong></span> <span class='ocrx_word' id='word_1_164' title='bbox 3145 1778 3344 1836; x_wconf 81' lang='lat' dir='ltr'><strong>usque</strong></span> <span class='ocrx_word' id='word_1_165' title='bbox 3383 1761 3542 1818; x_wconf 84' lang='lat' dir='ltr'><strong>dum</strong></span> <span class='ocrx_word' id='word_1_166' title='bbox 3585 1759 3983 1834; x_wconf 56' lang='lat' dir='ltr'><strong>ingrediaris</strong></span> 
     </span>
    </p>
   </div>
   <div class='ocr_carea' id='block_1_10' title="bbox 898 1855 3984 1945">
    <p class='ocr_par' dir='ltr' id='par_1_11' title="bbox 898 1855 3984 1945">
     <span class='ocr_line' id='line_1_23' title="bbox 898 1855 3984 1945; baseline -0.004 -17"><span class='ocrx_word' id='word_1_167' title='bbox 898 1865 1059 1928; x_wconf 90' lang='lat' dir='ltr'><strong>Ecce</strong></span> <span class='ocrx_word' id='word_1_168' title='bbox 1089 1883 1279 1945; x_wconf 89' lang='lat' dir='ltr'><strong>quam</strong></span> <span class='ocrx_word' id='word_1_169' title='bbox 1319 1863 1649 1926; x_wconf 88' lang='lat' dir='ltr'><strong>humiliter</strong></span> <span class='ocrx_word' id='word_1_170' title='bbox 1689 1862 1973 1944; x_wconf 87' lang='lat' dir='ltr'><strong>loquitur</strong></span> <span class='ocrx_word' id='word_1_171' title='bbox 2012 1859 2284 1922; x_wconf 89' lang='lat' dir='ltr'><strong>subditis</strong></span> <span class='ocrx_word' id='word_1_172' title='bbox 2323 1869 2386 1923; x_wconf 87' lang='lat' dir='ltr'><strong>et</strong></span> <span class='ocrx_word' id='word_1_173' title='bbox 2423 1861 2466 1922; x_wconf 88' lang='grc' dir='ltr'><strong>Β</strong></span> <span class='ocrx_word' id='word_1_174' title='bbox 2499 1860 2762 1928; x_wconf 78' lang='lat' dir='ltr'><strong>Emath,</strong></span> <span class='ocrx_word' id='word_1_175' title='bbox 2794 1857 2859 1919; x_wconf 90' lang='lat' dir='ltr'><strong>id</strong></span> <span class='ocrx_word' id='word_1_176' title='bbox 2899 1865 3015 1933; x_wconf 87' lang='lat' dir='ltr'><strong>est,</strong></span> <span class='ocrx_word' id='word_1_177' title='bbox 3049 1858 3130 1920; x_wconf 88' lang='lat' dir='ltr'><strong>de</strong></span> <span class='ocrx_word' id='word_1_178' title='bbox 3168 1856 3436 1936; x_wconf 89' lang='lat' dir='ltr'><strong>singulis</strong></span> <span class='ocrx_word' id='word_1_179' title='bbox 3477 1855 3770 1918; x_wconf 87' lang='lat' dir='ltr'><strong>tribubus</strong></span> <span class='ocrx_word' id='word_1_180' title='bbox 3803 1855 3984 1918; x_wconf 87' lang='lat' dir='ltr'><strong>nobi-</strong></span> 
     </span>
    </p>
   </div>
   <div class='ocr_carea' id='block_1_11' title="bbox 897 1960 2390 3025">
    <p class='ocr_par' dir='ltr' id='par_1_12' title="bbox 897 1960 2389 3025">
     <span class='ocr_line' id='line_1_24' title="bbox 897 1960 2386 2044; baseline -0.003 -18"><span class='ocrx_word' id='word_1_181' title='bbox 897 1963 1211 2026; x_wconf 90' lang='lat' dir='ltr'><strong>ministris</strong></span> <span class='ocrx_word' id='word_1_182' title='bbox 1247 1981 1261 2024; x_wconf 89' lang='lat'><strong>:</strong></span> <span class='ocrx_word' id='word_1_183' title='bbox 1296 1982 1424 2026; x_wconf 91' lang='lat' dir='ltr'><strong>non</strong></span> <span class='ocrx_word' id='word_1_184' title='bbox 1472 1961 1822 2044; x_wconf 85' lang='lat' dir='ltr'><strong>procaciter</strong></span> <span class='ocrx_word' id='word_1_185' title='bbox 1861 1960 2065 2042; x_wconf 86' lang='lat' dir='ltr'><strong>jubet,</strong></span> <span class='ocrx_word' id='word_1_186' title='bbox 2113 1979 2231 2022; x_wconf 90' lang='lat' dir='ltr'><strong>nec</strong></span> <span class='ocrx_word' id='word_1_187' title='bbox 2272 1978 2386 2041; x_wconf 92' lang='lat' dir='ltr'><strong>per</strong></span> 
     </span>
     <span class='ocr_line' id='line_1_25' title="bbox 898 2058 2384 2137; baseline -0.003 -13"><span class='ocrx_word' id='word_1_188' title='bbox 898 2080 967 2125; x_wconf 90' lang='lat' dir='ltr'><strong>se</strong></span> <span class='ocrx_word' id='word_1_189' title='bbox 997 2061 1287 2124; x_wconf 88' lang='lat' dir='ltr'><strong>absolute</strong></span> <span class='ocrx_word' id='word_1_190' title='bbox 1306 2060 1833 2137; x_wconf 86' lang='lat' dir='ltr'><strong>determinat,sed</strong></span> <span class='ocrx_word' id='word_1_191' title='bbox 1866 2059 1985 2121; x_wconf 91' lang='lat' dir='ltr'><strong>sub</strong></span> <span class='ocrx_word' id='word_1_192' title='bbox 2015 2058 2384 2122; x_wconf 88' lang='lat' dir='ltr'><strong>conditione</strong></span> 
     </span>
     <span class='ocr_line' id='line_1_26' title="bbox 897 2156 2386 2241; baseline -0.003 -19"><span class='ocrx_word' id='word_1_193' title='bbox 897 2158 1583 2241; x_wconf 79' lang='lat' dir='ltr'><strong>loquens,inferiorum</strong></span> <span class='ocrx_word' id='word_1_194' title='bbox 1602 2158 1844 2240; x_wconf 87' lang='lat' dir='ltr'><strong>judicio</strong></span> <span class='ocrx_word' id='word_1_195' title='bbox 1864 2156 2059 2220; x_wconf 88' lang='lat' dir='ltr'><strong>verba</strong></span> <span class='ocrx_word' id='word_1_196' title='bbox 2086 2157 2188 2219; x_wconf 90' lang='lat' dir='ltr'><strong>sui</strong></span> <span class='ocrx_word' id='word_1_197' title='bbox 2219 2175 2386 2218; x_wconf 90' lang='lat' dir='ltr'><strong>com-</strong></span> 
     </span>
     <span class='ocr_line' id='line_1_27' title="bbox 897 2254 2386 2339; baseline -0.001 -19"><span class='ocrx_word' id='word_1_198' title='bbox 897 2257 1097 2320; x_wconf 85' lang='lat' dir='ltr'><strong>mittit</strong></span> <span class='ocrx_word' id='word_1_199' title='bbox 1138 2257 1472 2339; x_wconf 87' lang='lat' dir='ltr'><strong>propositi.</strong></span> <span class='ocrx_word' id='word_1_200' title='bbox 1515 2255 1647 2331; x_wconf 90' lang='lat' dir='ltr'><strong>Quo</strong></span> <span class='ocrx_word' id='word_1_201' title='bbox 1691 2255 2037 2318; x_wconf 87' lang='lat' dir='ltr'><strong>multorum</strong></span> <span class='ocrx_word' id='word_1_202' title='bbox 2085 2254 2386 2318; x_wconf 85' lang='lat' dir='ltr'><strong>indiscre-</strong></span> 
     </span>
     <span class='ocr_line' id='line_1_28' title="bbox 900 2353 2384 2437; baseline -0.002 -19"><span class='ocrx_word' id='word_1_203' title='bbox 900 2356 989 2418; x_wconf 89' lang='lat' dir='ltr'><strong>tio</strong></span> <span class='ocrx_word' id='word_1_204' title='bbox 1036 2363 1228 2437; x_wconf 87' lang='lat' dir='ltr'><strong>atque</strong></span> <span class='ocrx_word' id='word_1_205' title='bbox 1275 2355 1468 2418; x_wconf 86' lang='lat' dir='ltr'><strong>elatio</strong></span> <span class='ocrx_word' id='word_1_206' title='bbox 1510 2354 1965 2436; x_wconf 85' lang='lat' dir='ltr'><strong>reprimuntur,</strong></span> <span class='ocrx_word' id='word_1_207' title='bbox 2011 2353 2124 2435; x_wconf 89' lang='lat' dir='ltr'><strong>qui</strong></span> <span class='ocrx_word' id='word_1_208' title='bbox 2171 2353 2384 2415; x_wconf 89' lang='lat' dir='ltr'><strong>statim</strong></span> 
     </span>
     <span class='ocr_line' id='line_1_29' title="bbox 898 2451 2384 2537; baseline -0.003 -19"><span class='ocrx_word' id='word_1_209' title='bbox 898 2455 965 2518; x_wconf 89' lang='lat' dir='ltr'><strong>in</strong></span> <span class='ocrx_word' id='word_1_210' title='bbox 996 2455 1192 2518; x_wconf 89' lang='lat' dir='ltr'><strong>verba</strong></span> <span class='ocrx_word' id='word_1_211' title='bbox 1215 2454 1523 2537; x_wconf 92' lang='lat' dir='ltr'><strong>jussionis</strong></span> <span class='ocrx_word' id='word_1_212' title='bbox 1556 2461 1995 2535; x_wconf 76' lang='lat' dir='ltr'><strong>prorumpunt,</strong></span> <span class='ocrx_word' id='word_1_213' title='bbox 2021 2461 2083 2515; x_wconf 92' lang='lat' dir='ltr'><strong>et</strong></span> <span class='ocrx_word' id='word_1_214' title='bbox 2102 2451 2384 2532; x_wconf 85' lang='lat' dir='ltr'><strong>gladium</strong></span> 
     </span>
     <span class='ocr_line' id='line_1_30' title="bbox 900 2550 2381 2628; baseline -0.002 -12"><span class='ocrx_word' id='word_1_215' title='bbox 900 2572 1029 2616; x_wconf 84' lang='lat' dir='ltr'><strong>suae</strong></span> <span class='ocrx_word' id='word_1_216' title='bbox 1060 2553 1339 2616; x_wconf 89' lang='lat' dir='ltr'><strong>educunt</strong></span> <span class='ocrx_word' id='word_1_217' title='bbox 1366 2551 1761 2615; x_wconf 84' lang='lat' dir='ltr'><strong>auctoritatis</strong></span> <span class='ocrx_word' id='word_1_218' title='bbox 1804 2550 1943 2614; x_wconf 88' lang='lat' dir='ltr'><strong>sine</strong></span> <span class='ocrx_word' id='word_1_219' title='bbox 1984 2550 2381 2628; x_wconf 84' lang='lat' dir='ltr'><strong>necessitate,</strong></span> 
     </span>
     <span class='ocr_line' id='line_1_31' title="bbox 900 2647 2388 2732; baseline -0.002 -19"><span class='ocrx_word' id='word_1_220' title='bbox 900 2651 1031 2714; x_wconf 89' lang='lat' dir='ltr'><strong>imo</strong></span> <span class='ocrx_word' id='word_1_221' title='bbox 1064 2649 1432 2732; x_wconf 84' lang='lat' dir='ltr'><strong>frequenter</strong></span> <span class='ocrx_word' id='word_1_222' title='bbox 1472 2649 1538 2711; x_wconf 90' lang='lat' dir='ltr'><strong>in</strong></span> <span class='ocrx_word' id='word_1_223' title='bbox 1579 2649 1819 2728; x_wconf 88' lang='lat' dir='ltr'><strong>grande</strong></span> <span class='ocrx_word' id='word_1_224' title='bbox 1850 2647 2210 2730; x_wconf 88' lang='lat' dir='ltr'><strong>periculum</strong></span> <span class='ocrx_word' id='word_1_225' title='bbox 2241 2649 2388 2710; x_wconf 90' lang='lat' dir='ltr'><strong>sub-</strong></span> 
     </span>
     <span class='ocr_line' id='line_1_32' title="bbox 898 2746 2388 2812; baseline -0.003 0"><span class='ocrx_word' id='word_1_226' title='bbox 898 2749 1199 2812; x_wconf 91' lang='lat' dir='ltr'><strong>ditorum.</strong></span> <span class='ocrx_word' id='word_1_227' title='bbox 1235 2748 1501 2811; x_wconf 87' lang='lat' dir='ltr'><strong>Videtur</strong></span> <span class='ocrx_word' id='word_1_228' title='bbox 1538 2755 1749 2810; x_wconf 89' lang='lat' dir='ltr'><strong>autem</strong></span> <span class='ocrx_word' id='word_1_229' title='bbox 1789 2766 1864 2809; x_wconf 85' lang='lat' dir='ltr'><strong>ex</strong></span> <span class='ocrx_word' id='word_1_230' title='bbox 1909 2746 2388 2809; x_wconf 86' lang='lat' dir='ltr'><strong>circumstantia</strong></span> 
     </span>
     <span class='ocr_line' id='line_1_33' title="bbox 902 2845 2389 2928; baseline -0.002 -19"><span class='ocrx_word' id='word_1_231' title='bbox 902 2847 1149 2922; x_wconf 82' lang='lat' dir='ltr'><strong>litterae,</strong></span> <span class='ocrx_word' id='word_1_232' title='bbox 1184 2847 1355 2928; x_wconf 89' lang='lat' dir='ltr'><strong>quod</strong></span> <span class='ocrx_word' id='word_1_233' title='bbox 1384 2845 1581 2908; x_wconf 81' lang='lat' dir='ltr'><strong>David</strong></span> <span class='ocrx_word' id='word_1_234' title='bbox 1620 2845 1829 2927; x_wconf 91' lang='lat' dir='ltr'><strong>primo</strong></span> <span class='ocrx_word' id='word_1_235' title='bbox 1870 2863 2157 2908; x_wconf 91' lang='lat' dir='ltr'><strong>seorsum</strong></span> <span class='ocrx_word' id='word_1_236' title='bbox 2187 2845 2389 2908; x_wconf 91' lang='lat' dir='ltr'><strong>consi-</strong></span> 
     </span>
     <span class='ocr_line' id='line_1_34' title="bbox 902 2943 2390 3025; baseline -0.001 -19"><span class='ocrx_word' id='word_1_237' title='bbox 902 2945 1062 3007; x_wconf 89' lang='lat' dir='ltr'><strong>lium</strong></span> <span class='ocrx_word' id='word_1_238' title='bbox 1082 2963 1229 3007; x_wconf 89' lang='lat' dir='ltr'><strong>cum</strong></span> <span class='ocrx_word' id='word_1_239' title='bbox 1250 2944 1601 3025; x_wconf 90' lang='lat' dir='ltr'><strong>majoribus</strong></span> <span class='ocrx_word' id='word_1_240' title='bbox 1632 2943 1779 3006; x_wconf 92' lang='lat' dir='ltr'><strong>iniit</strong></span> <span class='ocrx_word' id='word_1_241' title='bbox 1808 2944 1888 3008; x_wconf 88' lang='lat' dir='ltr'><strong>de</strong></span> <span class='ocrx_word' id='word_1_242' title='bbox 1918 2961 2079 3006; x_wconf 81' lang='lat' dir='ltr'><strong>arcae</strong></span> <span class='ocrx_word' id='word_1_243' title='bbox 2110 2944 2390 3006; x_wconf 86' lang='lat' dir='ltr'><strong>adducti-</strong></span> 
     </span>
    </p>
   </div>
   <div class='ocr_carea' id='block_1_12' title="bbox 901 3025 4273 3125">
    <p class='ocr_par' dir='ltr' id='par_1_13' title="bbox 901 3025 4273 3125">
     <span class='ocr_line' id='line_1_35' title="bbox 901 3025 4273 3125; baseline 0.001 -19"><span class='ocrx_word' id='word_1_244' title='bbox 901 3062 1043 3120; x_wconf 91' lang='lat' dir='ltr'><strong>one,</strong></span> <span class='ocrx_word' id='word_1_245' title='bbox 1064 3051 1129 3106; x_wconf 90' lang='lat' dir='ltr'><strong>et</strong></span> <span class='ocrx_word' id='word_1_246' title='bbox 1156 3042 1284 3105; x_wconf 91' lang='lat' dir='ltr'><strong>illis</strong></span> <span class='ocrx_word' id='word_1_247' title='bbox 1317 3061 1430 3106; x_wconf 90' lang='lat' dir='ltr'><strong>suo</strong></span> <span class='ocrx_word' id='word_1_248' title='bbox 1464 3042 1788 3125; x_wconf 87' lang='lat' dir='ltr'><strong>proposito</strong></span> <span class='ocrx_word' id='word_1_249' title='bbox 1811 3041 2384 3119; x_wconf 80' lang='lat' dir='ltr'><strong>consentientibuS,</strong></span> <span class='ocrx_word' id='word_1_250' title='bbox 2426 3042 2471 3106; x_wconf 91' lang='lat' dir='ltr'>C</span> <span class='ocrx_word' id='word_1_251' title='bbox 2499 3043 2737 3105; x_wconf 86' lang='lat' dir='ltr'><strong>dicitur</strong></span> <span class='ocrx_word' id='word_1_252' title='bbox 2770 3040 3096 3118; x_wconf 85' lang='lat' dir='ltr'><strong>Reblatha‚</strong></span> <span class='ocrx_word' id='word_1_253' title='bbox 3143 3041 3208 3104; x_wconf 91' lang='lat' dir='ltr'><strong>in</strong></span> <span class='ocrx_word' id='word_1_254' title='bbox 3247 3061 3375 3123; x_wconf 89' lang='lat' dir='ltr'><strong>qua</strong></span> <span class='ocrx_word' id='word_1_255' title='bbox 3411 3041 3988 3105; x_wconf 87' lang='lat' dir='ltr'><strong>Nabuchodonosor</strong></span> <span class='ocrx_word' id='word_1_256' title='bbox 4019 3065 4074 3108; x_wconf 75' lang='grc' dir='ltr'><strong>ιι·</strong></span> <span class='ocrx_word' id='word_1_257' title='bbox 4083 3066 4250 3120; x_wconf 47' lang='lat' dir='ltr'><strong>fleam</strong></span> <span class='ocrx_word' id='word_1_258' title='bbox 4272 3025 4273 3036; x_wconf 9' lang='grc' dir='ltr'>ἵ</span> 
     </span>
    </p>
   </div>
   <div class='ocr_carea' id='block_1_13' title="bbox 898 3140 2394 3420">
    <p class='ocr_par' dir='ltr' id='par_1_14' title="bbox 898 3140 2394 3420">
     <span class='ocr_line' id='line_1_36' title="bbox 903 3140 2390 3224; baseline 0.001 -21"><span class='ocrx_word' id='word_1_259' title='bbox 903 3141 1233 3224; x_wconf 87' lang='lat' dir='ltr'><strong>proposuit</strong></span> <span class='ocrx_word' id='word_1_260' title='bbox 1276 3140 1592 3204; x_wconf 89' lang='lat' dir='ltr'><strong>universis</strong></span> <span class='ocrx_word' id='word_1_261' title='bbox 1634 3140 1748 3222; x_wconf 89' lang='lat' dir='ltr'><strong>qui</strong></span> <span class='ocrx_word' id='word_1_262' title='bbox 1791 3141 2053 3204; x_wconf 88' lang='lat' dir='ltr'><strong>aderant</strong></span> <span class='ocrx_word' id='word_1_263' title='bbox 2100 3140 2390 3204; x_wconf 87' lang='lat' dir='ltr'><strong>eamdem</strong></span> 
     </span>
     <span class='ocr_line' id='line_1_37' title="bbox 902 3239 2386 3322; baseline 0 -20"><span class='ocrx_word' id='word_1_264' title='bbox 902 3239 1254 3302; x_wconf 90' lang='lat' dir='ltr'><strong>materiam.</strong></span> <span class='ocrx_word' id='word_1_265' title='bbox 1289 3239 1404 3302; x_wconf 90' lang='lat' dir='ltr'><strong>Per</strong></span> <span class='ocrx_word' id='word_1_266' title='bbox 1434 3240 1605 3320; x_wconf 90' lang='lat' dir='ltr'><strong>quod</strong></span> <span class='ocrx_word' id='word_1_267' title='bbox 1638 3247 1832 3322; x_wconf 89' lang='lat' dir='ltr'><strong>patet,</strong></span> <span class='ocrx_word' id='word_1_268' title='bbox 1868 3259 2060 3321; x_wconf 89' lang='lat' dir='ltr'><strong>quam</strong></span> <span class='ocrx_word' id='word_1_269' title='bbox 2094 3241 2253 3302; x_wconf 87' lang='lat' dir='ltr'><strong>utile</strong></span> <span class='ocrx_word' id='word_1_270' title='bbox 2283 3241 2386 3318; x_wconf 91' lang='lat' dir='ltr'><strong>sit,</strong></span> 
     </span>
     <span class='ocr_line' id='line_1_38' title="bbox 898 3337 2394 3420; baseline 0.001 -20"><span class='ocrx_word' id='word_1_271' title='bbox 898 3347 975 3400; x_wconf 87' lang='lat' dir='ltr'><strong>ut</strong></span> <span class='ocrx_word' id='word_1_272' title='bbox 1003 3337 1415 3420; x_wconf 80' lang='lat' dir='ltr'><strong>praesidentes</strong></span> <span class='ocrx_word' id='word_1_273' title='bbox 1445 3338 1654 3419; x_wconf 91' lang='lat' dir='ltr'><strong>primo</strong></span> <span class='ocrx_word' id='word_1_274' title='bbox 1685 3357 1969 3402; x_wconf 89' lang='lat' dir='ltr'><strong>seorsum</strong></span> <span class='ocrx_word' id='word_1_275' title='bbox 1996 3358 2142 3400; x_wconf 87' lang='lat' dir='ltr'><strong>cum</strong></span> <span class='ocrx_word' id='word_1_276' title='bbox 2170 3339 2394 3420; x_wconf 89' lang='lat' dir='ltr'><strong>aliqui-</strong></span> 
     </span>
    </p>
   </div>
   <div class='ocr_carea' id='block_1_14' title="bbox 889 3435 2392 3518">
    <p class='ocr_par' dir='ltr' id='par_1_15' title="bbox 889 3435 2392 3518">
     <span class='ocr_line' id='line_1_39' title="bbox 889 3435 2392 3518; baseline 0 -19"><span class='ocrx_word' id='word_1_277' title='bbox 889 3437 1024 3499; x_wconf 93' lang='lat' dir='ltr'><strong>-bus</strong></span> <span class='ocrx_word' id='word_1_278' title='bbox 1056 3435 1416 3499; x_wconf 88' lang='lat' dir='ltr'><strong>senioribus</strong></span> <span class='ocrx_word' id='word_1_279' title='bbox 1448 3444 1556 3498; x_wconf 86' lang='lat' dir='ltr'><strong>aut</strong></span> <span class='ocrx_word' id='word_1_280' title='bbox 1586 3436 1937 3518; x_wconf 87' lang='lat' dir='ltr'><strong>maj0ribus</strong></span> <span class='ocrx_word' id='word_1_281' title='bbox 1972 3457 2083 3499; x_wconf 91' lang='lat' dir='ltr'><strong>seu</strong></span> <span class='ocrx_word' id='word_1_282' title='bbox 2123 3436 2392 3500; x_wconf 88' lang='lat' dir='ltr'><strong>familia-</strong></span> 
     </span>
    </p>
   </div>
   <div class='ocr_carea' id='block_1_15' title="bbox 902 3534 2398 4188">
    <p class='ocr_par' dir='ltr' id='par_1_16' title="bbox 902 3534 2398 4188">
     <span class='ocr_line' id='line_1_40' title="bbox 904 3534 2391 3613; baseline 0.003 -17"><span class='ocrx_word' id='word_1_283' title='bbox 904 3534 1181 3598; x_wconf 87' lang='lat' dir='ltr'><strong>rioribus</strong></span> <span class='ocrx_word' id='word_1_284' title='bbox 1212 3543 1485 3598; x_wconf 86' lang='lat' dir='ltr'><strong>tractent</strong></span> <span class='ocrx_word' id='word_1_285' title='bbox 1523 3535 1601 3597; x_wconf 90' lang='lat' dir='ltr'><strong>de</strong></span> <span class='ocrx_word' id='word_1_286' title='bbox 1639 3536 1853 3598; x_wconf 89' lang='lat' dir='ltr'><strong>arduis</strong></span> <span class='ocrx_word' id='word_1_287' title='bbox 1893 3536 2123 3613; x_wconf 80' lang='lat' dir='ltr'><strong>causiS‚</strong></span> <span class='ocrx_word' id='word_1_288' title='bbox 2161 3536 2391 3600; x_wconf 89' lang='lat' dir='ltr'><strong>deinde</strong></span> 
     </span>
     <span class='ocr_line' id='line_1_41' title="bbox 904 3633 2390 3714; baseline 0.001 -18"><span class='ocrx_word' id='word_1_289' title='bbox 904 3652 1048 3696; x_wconf 90' lang='lat' dir='ltr'><strong>cum</strong></span> <span class='ocrx_word' id='word_1_290' title='bbox 1092 3633 1343 3709; x_wconf 78' lang='lat' dir='ltr'><strong>ceteriS,</strong></span> <span class='ocrx_word' id='word_1_291' title='bbox 1391 3641 1706 3714; x_wconf 87' lang='lat' dir='ltr'><strong>quatenus</strong></span> <span class='ocrx_word' id='word_1_292' title='bbox 1756 3633 1902 3696; x_wconf 88' lang='lat' dir='ltr'><strong>talia</strong></span> <span class='ocrx_word' id='word_1_293' title='bbox 1944 3634 2023 3696; x_wconf 92' lang='lat' dir='ltr'><strong>de</strong></span> <span class='ocrx_word' id='word_1_294' title='bbox 2065 3635 2390 3708; x_wconf 82' lang='lat' dir='ltr'><strong>communi</strong></span> 
     </span>
     <span class='ocr_line' id='line_1_42' title="bbox 906 3730 2394 3810; baseline 0.001 -18"><span class='ocrx_word' id='word_1_295' title='bbox 906 3730 1071 3793; x_wconf 77' lang='lat' dir='ltr'><strong>fiant</strong></span> <span class='ocrx_word' id='word_1_296' title='bbox 1119 3749 1457 3794; x_wconf 82' lang='lat' dir='ltr'><strong>consensu.</strong></span> <span class='ocrx_word' id='word_1_297' title='bbox 1501 3734 1844 3793; x_wconf 69' lang='lat' dir='ltr'><strong>Mttamus</strong></span> <span class='ocrx_word' id='word_1_298' title='bbox 1880 3736 1969 3793; x_wconf 84' lang='lat' dir='ltr'><strong>ad</strong></span> <span class='ocrx_word' id='word_1_299' title='bbox 2005 3734 2246 3810; x_wconf 83' lang='lat' dir='ltr'><strong>fratres</strong></span> <span class='ocrx_word' id='word_1_300' title='bbox 2284 3755 2394 3793; x_wconf 78' lang='lat' dir='ltr'><strong>no-</strong></span> 
     </span>
     <span class='ocr_line' id='line_1_43' title="bbox 902 3831 2394 3910; baseline 0.001 -20"><span class='ocrx_word' id='word_1_301' title='bbox 902 3840 1063 3891; x_wconf 86' lang='lat' dir='ltr'><strong>stros</strong></span> <span class='ocrx_word' id='word_1_302' title='bbox 1090 3831 1367 3910; x_wconf 81' lang='lat' dir='ltr'><strong>reliquos</strong></span> <span class='ocrx_word' id='word_1_303' title='bbox 1398 3832 1470 3891; x_wconf 82' lang='lat' dir='ltr'><strong>in</strong></span> <span class='ocrx_word' id='word_1_304' title='bbox 1502 3832 1837 3890; x_wconf 80' lang='lat' dir='ltr'><strong>universas</strong></span> <span class='ocrx_word' id='word_1_305' title='bbox 1866 3833 2151 3908; x_wconf 68' lang='lat' dir='ltr'><strong>reqiones</strong></span> <span class='ocrx_word' id='word_1_306' title='bbox 2172 3834 2394 3899; x_wconf 82' lang='lat' dir='ltr'><strong>Israel,</strong></span> 
     </span>
     <span class='ocr_line' id='line_1_44' title="bbox 903 3930 2396 4008; baseline 0 -18"><span class='ocrx_word' id='word_1_307' title='bbox 903 3938 963 3990; x_wconf 87' lang='lat' dir='ltr'><strong>et</strong></span> <span class='ocrx_word' id='word_1_308' title='bbox 1000 3931 1090 3990; x_wconf 82' lang='lat' dir='ltr'><strong>ad</strong></span> <span class='ocrx_word' id='word_1_309' title='bbox 1129 3931 1477 3988; x_wconf 83' lang='lat' dir='ltr'><strong>sacerdotes</strong></span> <span class='ocrx_word' id='word_1_310' title='bbox 1520 3938 1578 3989; x_wconf 78' lang='lat' dir='ltr'><strong>et</strong></span> <span class='ocrx_word' id='word_1_311' title='bbox 1614 3930 1899 3998; x_wconf 84' lang='lat' dir='ltr'><strong>Levitas,</strong></span> <span class='ocrx_word' id='word_1_312' title='bbox 1938 3931 2055 4008; x_wconf 81' lang='lat' dir='ltr'><strong>qui</strong></span> <span class='ocrx_word' id='word_1_313' title='bbox 2096 3931 2396 3991; x_wconf 77' lang='lat' dir='ltr'><strong>habitant</strong></span> 
     </span>
     <span class='ocr_line' id='line_1_45' title="bbox 906 4028 2398 4105; baseline 0.002 -19"><span class='ocrx_word' id='word_1_314' title='bbox 906 4029 979 4088; x_wconf 78' lang='lat' dir='ltr'><strong>in</strong></span> <span class='ocrx_word' id='word_1_315' title='bbox 1025 4028 1415 4088; x_wconf 79' lang='lat' dir='ltr'><strong>suburbanis</strong></span> <span class='ocrx_word' id='word_1_316' title='bbox 1464 4028 1754 4097; x_wconf 81' lang='lat' dir='ltr'><strong>urbium,</strong></span> <span class='ocrx_word' id='word_1_317' title='bbox 1803 4037 1877 4087; x_wconf 87' lang='lat' dir='ltr'><strong>ut</strong></span> <span class='ocrx_word' id='word_1_318' title='bbox 1932 4038 2398 4105; x_wconf 43' lang='lat' dir='ltr'><strong>conare-aeritur</strong></span> 
     </span>
     <span class='ocr_line' id='line_1_46' title="bbox 906 4124 2397 4188; baseline 0.001 -2"><span class='ocrx_word' id='word_1_319' title='bbox 906 4129 993 4186; x_wconf 83' lang='lat' dir='ltr'><strong>ad</strong></span> <span class='ocrx_word' id='word_1_320' title='bbox 1013 4145 1141 4186; x_wconf 80' lang='lat' dir='ltr'><strong>nos.</strong></span> <span class='ocrx_word' id='word_1_321' title='bbox 1160 4124 1272 4186; x_wconf 85' lang='lat' dir='ltr'><strong>Hic</strong></span> <span class='ocrx_word' id='word_1_322' title='bbox 1304 4143 1521 4186; x_wconf 90' lang='lat' dir='ltr'><strong>rursus</strong></span> <span class='ocrx_word' id='word_1_323' title='bbox 1554 4125 1687 4186; x_wconf 88' lang='lat' dir='ltr'><strong>suis</strong></span> <span class='ocrx_word' id='word_1_324' title='bbox 1719 4143 1787 4188; x_wconf 89' lang='lat' dir='ltr'><strong>se</strong></span> <span class='ocrx_word' id='word_1_325' title='bbox 1817 4133 2234 4188; x_wconf 87' lang='lat' dir='ltr'><strong>connumerat</strong></span> <span class='ocrx_word' id='word_1_326' title='bbox 2253 4125 2397 4188; x_wconf 87' lang='lat' dir='ltr'><strong>sub-</strong></span> 
     </span>
    </p>
   </div>
   <div class='ocr_carea' id='block_1_16' title="bbox 2494 1953 3986 2234">
    <p class='ocr_par' dir='ltr' id='par_1_17' title="bbox 2494 1953 3986 2234">
     <span class='ocr_line' id='line_1_47' title="bbox 2495 1953 3986 2020; baseline 0 -2"><span class='ocrx_word' id='word_1_327' title='bbox 2495 1956 2685 2019; x_wconf 91' lang='lat' dir='ltr'><strong>liores</strong></span> <span class='ocrx_word' id='word_1_328' title='bbox 2705 1965 2769 2020; x_wconf 88' lang='lat' dir='ltr'><strong>et</strong></span> <span class='ocrx_word' id='word_1_329' title='bbox 2791 1955 3200 2019; x_wconf 85' lang='lat' dir='ltr'><strong>notabiliores</strong></span> <span class='ocrx_word' id='word_1_330' title='bbox 3221 1955 3584 2020; x_wconf 86' lang='lat' dir='ltr'><strong>convocavit</strong></span> <span class='ocrx_word' id='word_1_331' title='bbox 3603 1975 3642 2017; x_wconf 89' lang='lat' dir='ltr'><strong>a</strong></span> <span class='ocrx_word' id='word_1_332' title='bbox 3660 1953 3863 2018; x_wconf 85' lang='lat' dir='ltr'><strong>fluvio</strong></span> <span class='ocrx_word' id='word_1_333' title='bbox 3883 1974 3986 2018; x_wconf 91' lang='lat' dir='ltr'><strong>no—</strong></span> 
     </span>
     <span class='ocr_line' id='line_1_48' title="bbox 2494 2052 3984 2136; baseline 0 -20"><span class='ocrx_word' id='word_1_334' title='bbox 2494 2055 2669 2118; x_wconf 90' lang='lat' dir='ltr'><strong>mine</strong></span> <span class='ocrx_word' id='word_1_335' title='bbox 2689 2053 3016 2136; x_wconf 91' lang='lat' dir='ltr'><strong>Sihor,qui</strong></span> <span class='ocrx_word' id='word_1_336' title='bbox 3039 2075 3074 2116; x_wconf 88' lang='lat' dir='ltr'><strong>a</strong></span> <span class='ocrx_word' id='word_1_337' title='bbox 3093 2053 3234 2118; x_wconf 91' lang='lat' dir='ltr'><strong>Nilo</strong></span> <span class='ocrx_word' id='word_1_338' title='bbox 3263 2053 3607 2130; x_wconf 89' lang='lat' dir='ltr'><strong>derivatur,</strong></span> <span class='ocrx_word' id='word_1_339' title='bbox 3627 2061 3690 2116; x_wconf 87' lang='lat' dir='ltr'><strong>et</strong></span> <span class='ocrx_word' id='word_1_340' title='bbox 3716 2052 3984 2135; x_wconf 81' lang='lat' dir='ltr'><strong>profluit</strong></span> 
     </span>
     <span class='ocr_line' id='line_1_49' title="bbox 2495 2151 3986 2234; baseline -0.001 -18"><span class='ocrx_word' id='word_1_341' title='bbox 2495 2172 2572 2216; x_wconf 84' lang='lat' dir='ltr'><strong>ex</strong></span> <span class='ocrx_word' id='word_1_342' title='bbox 2611 2153 2878 2234; x_wconf 83' lang='lat' dir='ltr'><strong>AEgypto</strong></span> <span class='ocrx_word' id='word_1_343' title='bbox 2917 2161 3028 2215; x_wconf 89' lang='lat' dir='ltr'><strong>aut</strong></span> <span class='ocrx_word' id='word_1_344' title='bbox 3075 2153 3243 2216; x_wconf 85' lang='lat' dir='ltr'><strong>circa</strong></span> <span class='ocrx_word' id='word_1_345' title='bbox 3280 2153 3590 2228; x_wconf 79' lang='lat' dir='ltr'><strong>eamdem,</strong></span> <span class='ocrx_word' id='word_1_346' title='bbox 3627 2170 3831 2232; x_wconf 86' lang='lat' dir='ltr'><strong>usque</strong></span> <span class='ocrx_word' id='word_1_347' title='bbox 3868 2151 3986 2214; x_wconf 87' lang='lat' dir='ltr'><strong>Da-</strong></span> 
     </span>
    </p>
   </div>
   <div class='ocr_carea' id='block_1_17' title="bbox 2489 2250 4273 2432">
    <p class='ocr_par' dir='ltr' id='par_1_18' title="bbox 2489 2250 4273 2432">
     <span class='ocr_line' id='line_1_50' title="bbox 2489 2250 3986 2315; baseline -0.001 -1"><span class='ocrx_word' id='word_1_348' title='bbox 2489 2271 2802 2314; x_wconf 85' lang='lat' dir='ltr'><strong>mascum.</strong></span> <span class='ocrx_word' id='word_1_349' title='bbox 2826 2251 2931 2314; x_wconf 86' lang='lat' dir='ltr'><strong>Ait</strong></span> <span class='ocrx_word' id='word_1_350' title='bbox 2959 2251 3194 2315; x_wconf 84' lang='lat' dir='ltr'><strong>etenim</strong></span> <span class='ocrx_word' id='word_1_351' title='bbox 3225 2250 3444 2314; x_wconf 88' lang='lat' dir='ltr'><strong>Glossa</strong></span> <span class='ocrx_word' id='word_1_352' title='bbox 3471 2269 3484 2312; x_wconf 91' lang='lat'><strong>:</strong></span> <span class='ocrx_word' id='word_1_353' title='bbox 3517 2250 3741 2313; x_wconf 89' lang='lat' dir='ltr'><strong>Emath</strong></span> <span class='ocrx_word' id='word_1_354' title='bbox 3771 2259 3868 2313; x_wconf 85' lang='lat' dir='ltr'><strong>est</strong></span> <span class='ocrx_word' id='word_1_355' title='bbox 3893 2251 3986 2313; x_wconf 89' lang='lat' dir='ltr'><strong>ci-</strong></span> 
     </span>
     <span class='ocr_line' id='line_1_51' title="bbox 2497 2349 4273 2432; baseline -0.002 -18"><span class='ocrx_word' id='word_1_356' title='bbox 2497 2351 2660 2415; x_wconf 85' lang='lat' dir='ltr'><strong>vitas</strong></span> <span class='ocrx_word' id='word_1_357' title='bbox 2692 2351 3156 2431; x_wconf 82' lang='lat' dir='ltr'><strong>Damasci,quae</strong></span> <span class='ocrx_word' id='word_1_358' title='bbox 3187 2350 3253 2412; x_wconf 92' lang='lat' dir='ltr'><strong>in</strong></span> <span class='ocrx_word' id='word_1_359' title='bbox 3282 2349 3734 2426; x_wconf 73' lang='lat' dir='ltr'><strong>AmosAEmath</strong></span> <span class='ocrx_word' id='word_1_360' title='bbox 3753 2367 3984 2430; x_wconf 87' lang='lat' dir='ltr'><strong>magna</strong></span> <span class='ocrx_word' id='word_1_361' title='bbox 4015 2372 4273 2432; x_wconf 54' lang='lat' dir='ltr'><strong>Aaou-‚24</strong></span> 
     </span>
    </p>
   </div>
   <div class='ocr_carea' id='block_1_18' title="bbox 2495 2448 3990 3026">
    <p class='ocr_par' dir='ltr' id='par_1_19' title="bbox 2495 2448 3990 3026">
     <span class='ocr_line' id='line_1_52' title="bbox 2497 2448 3978 2531; baseline -0.003 -17"><span class='ocrx_word' id='word_1_362' title='bbox 2497 2459 2777 2525; x_wconf 84' lang='lat' dir='ltr'><strong>vocatur,</strong></span> <span class='ocrx_word' id='word_1_363' title='bbox 2822 2458 2886 2513; x_wconf 87' lang='lat' dir='ltr'><strong>et</strong></span> <span class='ocrx_word' id='word_1_364' title='bbox 2932 2468 3102 2512; x_wconf 91' lang='lat' dir='ltr'><strong>nunc</strong></span> <span class='ocrx_word' id='word_1_365' title='bbox 3151 2448 3508 2531; x_wconf 85' lang='lat' dir='ltr'><strong>Epiphania</strong></span> <span class='ocrx_word' id='word_1_366' title='bbox 3557 2455 3978 2530; x_wconf 86' lang='lat' dir='ltr'><strong>nuncupatur.</strong></span> 
     </span>
     <span class='ocr_line' id='line_1_53' title="bbox 2495 2546 3985 2628; baseline -0.001 -17"><span class='ocrx_word' id='word_1_367' title='bbox 2495 2550 2970 2624; x_wconf 80' lang='lat' dir='ltr'><strong>Verumtamen,</strong></span> <span class='ocrx_word' id='word_1_368' title='bbox 3027 2547 3125 2609; x_wconf 91' lang='lat' dir='ltr'><strong>his</strong></span> <span class='ocrx_word' id='word_1_369' title='bbox 3183 2547 3442 2610; x_wconf 89' lang='lat' dir='ltr'><strong>obviare</strong></span> <span class='ocrx_word' id='word_1_370' title='bbox 3488 2546 3761 2624; x_wconf 86' lang='lat' dir='ltr'><strong>videtur,</strong></span> <span class='ocrx_word' id='word_1_371' title='bbox 3809 2547 3985 2628; x_wconf 87' lang='lat' dir='ltr'><strong>quod</strong></span> 
     </span>
     <span class='ocr_line' id='line_1_54' title="bbox 2496 2645 3988 2729; baseline -0.002 -19"><span class='ocrx_word' id='word_1_372' title='bbox 2496 2647 2916 2729; x_wconf 71' lang='lat' dir='ltr'><strong>Hieronymus</strong></span> <span class='ocrx_word' id='word_1_373' title='bbox 2947 2655 3011 2708; x_wconf 87' lang='lat' dir='ltr'><strong>et</strong></span> <span class='ocrx_word' id='word_1_374' title='bbox 3039 2645 3149 2708; x_wconf 90' lang='lat' dir='ltr'><strong>alii</strong></span> <span class='ocrx_word' id='word_1_375' title='bbox 3180 2665 3372 2729; x_wconf 91' lang='lat' dir='ltr'><strong>super</strong></span> <span class='ocrx_word' id='word_1_376' title='bbox 3402 2645 3774 2727; x_wconf 89' lang='lat' dir='ltr'><strong>prophetam</strong></span> <span class='ocrx_word' id='word_1_377' title='bbox 3793 2646 3988 2708; x_wconf 83' lang='lat' dir='ltr'><strong>Amos</strong></span> 
     </span>
     <span class='ocr_line' id='line_1_55' title="bbox 2500 2744 3989 2826; baseline -0.001 -18"><span class='ocrx_word' id='word_1_378' title='bbox 2500 2745 2795 2820; x_wconf 84' lang='lat' dir='ltr'><strong>fatentur,</strong></span> <span class='ocrx_word' id='word_1_379' title='bbox 2813 2745 3098 2808; x_wconf 86' lang='lat' dir='ltr'><strong>dicente-s</strong></span> <span class='ocrx_word' id='word_1_380' title='bbox 3121 2745 3293 2826; x_wconf 88' lang='lat' dir='ltr'><strong>quod</strong></span> <span class='ocrx_word' id='word_1_381' title='bbox 3312 2744 3540 2806; x_wconf 90' lang='lat' dir='ltr'><strong>Emath</strong></span> <span class='ocrx_word' id='word_1_382' title='bbox 3564 2761 3794 2824; x_wconf 89' lang='lat' dir='ltr'><strong>magna</strong></span> <span class='ocrx_word' id='word_1_383' title='bbox 3814 2763 3989 2808; x_wconf 89' lang='lat' dir='ltr'><strong>nunc</strong></span> 
     </span>
     <span class='ocr_line' id='line_1_56' title="bbox 2499 2843 3990 2924; baseline -0.001 -17"><span class='ocrx_word' id='word_1_384' title='bbox 2499 2844 2836 2908; x_wconf 90' lang='lat' dir='ltr'><strong>Antiochia</strong></span> <span class='ocrx_word' id='word_1_385' title='bbox 2860 2844 3309 2919; x_wconf 86' lang='lat' dir='ltr'><strong>nominetur,et</strong></span> <span class='ocrx_word' id='word_1_386' title='bbox 3328 2844 3492 2924; x_wconf 92' lang='lat' dir='ltr'><strong>quod</strong></span> <span class='ocrx_word' id='word_1_387' title='bbox 3513 2843 3595 2905; x_wconf 89' lang='lat' dir='ltr'><strong>sit</strong></span> <span class='ocrx_word' id='word_1_388' title='bbox 3616 2843 3743 2905; x_wconf 88' lang='lat' dir='ltr'><strong>alia</strong></span> <span class='ocrx_word' id='word_1_389' title='bbox 3761 2843 3990 2906; x_wconf 90' lang='lat' dir='ltr'><strong>Emath</strong></span> 
     </span>
     <span class='ocr_line' id='line_1_57' title="bbox 2499 2943 3989 3026; baseline 0 -21"><span class='ocrx_word' id='word_1_390' title='bbox 2499 2943 2734 3020; x_wconf 91' lang='lat' dir='ltr'><strong>minor,</strong></span> <span class='ocrx_word' id='word_1_391' title='bbox 2751 2962 2894 3026; x_wconf 81' lang='lat' dir='ltr'><strong>quae</strong></span> <span class='ocrx_word' id='word_1_392' title='bbox 2913 2943 3272 3025; x_wconf 85' lang='lat' dir='ltr'><strong>Epiphania</strong></span> <span class='ocrx_word' id='word_1_393' title='bbox 3290 2943 3460 3006; x_wconf 88' lang='lat' dir='ltr'><strong>dicta</strong></span> <span class='ocrx_word' id='word_1_394' title='bbox 3478 2950 3571 3006; x_wconf 88' lang='lat' dir='ltr'><strong>est</strong></span> <span class='ocrx_word' id='word_1_395' title='bbox 3578 2943 3708 3024; x_wconf 89' lang='lat' dir='ltr'><strong>‚cuj</strong></span> <span class='ocrx_word' id='word_1_396' title='bbox 3718 2962 3791 3004; x_wconf 91' lang='lat' dir='ltr'><strong>us</strong></span> <span class='ocrx_word' id='word_1_397' title='bbox 3813 2943 3989 3021; x_wconf 87' lang='lat' dir='ltr'><strong>regio</strong></span> 
     </span>
    </p>
   </div>
   <div class='ocr_carea' id='block_1_19' title="bbox 2501 3131 4060 3320">
    <p class='ocr_par' dir='ltr' id='par_1_20' title="bbox 2501 3131 4060 3320">
     <span class='ocr_line' id='line_1_58' title="bbox 2503 3131 4060 3223; baseline -0.001 -20"><span class='ocrx_word' id='word_1_398' title='bbox 2503 3140 2826 3204; x_wconf 78' lang='lat' dir='ltr'><strong>interfecit</strong></span> <span class='ocrx_word' id='word_1_399' title='bbox 2867 3140 3040 3204; x_wconf 85' lang='lat' dir='ltr'><strong>filios</strong></span> <span class='ocrx_word' id='word_1_400' title='bbox 3079 3140 3375 3204; x_wconf 82' lang='lat' dir='ltr'><strong>Sedeciae.</strong></span> <span class='ocrx_word' id='word_1_401' title='bbox 3411 3141 3624 3222; x_wconf 88' lang='lat' dir='ltr'><strong>ltaque</strong></span> <span class='ocrx_word' id='word_1_402' title='bbox 3661 3159 3832 3204; x_wconf 92' lang='lat' dir='ltr'><strong>nunc</strong></span> <span class='ocrx_word' id='word_1_403' title='bbox 3871 3131 4060 3223; x_wconf 78' lang='lat' dir='ltr'><strong>per⁶</strong></span> 
     </span>
     <span class='ocr_line' id='line_1_59' title="bbox 2501 3238 3990 3320; baseline -0.001 -17"><span class='ocrx_word' id='word_1_404' title='bbox 2501 3239 2686 3303; x_wconf 91' lang='lat' dir='ltr'><strong>Sihor</strong></span> <span class='ocrx_word' id='word_1_405' title='bbox 2718 3239 2988 3302; x_wconf 82' lang='lat' dir='ltr'><strong>fluvium</strong></span> <span class='ocrx_word' id='word_1_406' title='bbox 2999 3239 3140 3320; x_wconf 89' lang='lat' dir='ltr'><strong>,qui</strong></span> <span class='ocrx_word' id='word_1_407' title='bbox 3171 3247 3267 3301; x_wconf 87' lang='lat' dir='ltr'><strong>est</strong></span> <span class='ocrx_word' id='word_1_408' title='bbox 3297 3238 3606 3301; x_wconf 89' lang='lat' dir='ltr'><strong>terminus</strong></span> <span class='ocrx_word' id='word_1_409' title='bbox 3637 3247 3820 3301; x_wconf 83' lang='lat' dir='ltr'><strong>terrae</strong></span> <span class='ocrx_word' id='word_1_410' title='bbox 3849 3257 3990 3320; x_wconf 92' lang='lat' dir='ltr'><strong>pro-</strong></span> 
     </span>
    </p>
   </div>
   <div class='ocr_carea' id='block_1_20' title="bbox 2487 3337 3988 3419">
    <p class='ocr_par' dir='ltr' id='par_1_21' title="bbox 2487 3337 3988 3419">
     <span class='ocr_line' id='line_1_60' title="bbox 2487 3337 3988 3419; baseline -0.001 -18"><span class='ocrx_word' id='word_1_411' title='bbox 2487 3338 2826 3401; x_wconf 81' lang='lat' dir='ltr'><strong>missionis</strong></span> <span class='ocrx_word' id='word_1_412' title='bbox 2857 3337 3175 3414; x_wconf 82' lang='lat' dir='ltr'><strong>australiS‚</strong></span> <span class='ocrx_word' id='word_1_413' title='bbox 3209 3345 3272 3400; x_wconf 91' lang='lat' dir='ltr'><strong>et</strong></span> <span class='ocrx_word' id='word_1_414' title='bbox 3301 3345 3414 3419; x_wconf 76' lang='lat' dir='ltr'><strong>per‘</strong></span> <span class='ocrx_word' id='word_1_415' title='bbox 3442 3337 3687 3414; x_wconf 89' lang='lat' dir='ltr'><strong>Emath,</strong></span> <span class='ocrx_word' id='word_1_416' title='bbox 3721 3355 3860 3418; x_wconf 79' lang='lat' dir='ltr'><strong>quae</strong></span> <span class='ocrx_word' id='word_1_417' title='bbox 3889 3347 3988 3400; x_wconf 87' lang='lat' dir='ltr'><strong>est</strong></span> 
     </span>
    </p>
   </div>
   <div class='ocr_carea' id='block_1_21' title="bbox 2503 3435 3990 3615">
    <p class='ocr_par' dir='ltr' id='par_1_22' title="bbox 2503 3435 3990 3615">
     <span class='ocr_line' id='line_1_61' title="bbox 2504 3435 3990 3518; baseline 0.001 -20"><span class='ocrx_word' id='word_1_418' title='bbox 2504 3437 2814 3500; x_wconf 86' lang='lat' dir='ltr'><strong>terminus</strong></span> <span class='ocrx_word' id='word_1_419' title='bbox 2865 3437 3005 3518; x_wconf 88' lang='lat' dir='ltr'><strong>ejus</strong></span> <span class='ocrx_word' id='word_1_420' title='bbox 3051 3435 3592 3517; x_wconf 81' lang='lat' dir='ltr'><strong>septentrionaliS,</strong></span> <span class='ocrx_word' id='word_1_421' title='bbox 3639 3444 3772 3498; x_wconf 86' lang='lat' dir='ltr'><strong>tota</strong></span> <span class='ocrx_word' id='word_1_422' title='bbox 3817 3445 3990 3500; x_wconf 87' lang='lat' dir='ltr'><strong>terra</strong></span> 
     </span>
     <span class='ocr_line' id='line_1_62' title="bbox 2503 3534 3989 3615; baseline -0.001 -18"><span class='ocrx_word' id='word_1_423' title='bbox 2503 3534 2612 3598; x_wconf 83' lang='lat' dir='ltr'><strong>illa</strong></span> <span class='ocrx_word' id='word_1_424' title='bbox 2655 3535 2962 3615; x_wconf 83' lang='lat' dir='ltr'><strong>signatur.</strong></span> <span class='ocrx_word' id='word_1_425' title='bbox 3007 3539 3084 3597; x_wconf 84' lang='lat' dir='ltr'><strong>Ut</strong></span> <span class='ocrx_word' id='word_1_426' title='bbox 3125 3538 3472 3596; x_wconf 80' lang='lat' dir='ltr'><strong>adduceret</strong></span> <span class='ocrx_word' id='word_1_427' title='bbox 3509 3555 3725 3596; x_wconf 83' lang='lat' dir='ltr'><strong>arcam</strong></span> <span class='ocrx_word' id='word_1_428' title='bbox 3757 3538 3880 3597; x_wconf 79' lang='lat' dir='ltr'><strong>Dei</strong></span> <span class='ocrx_word' id='word_1_429' title='bbox 3904 3540 3989 3596; x_wconf 81' lang='lat' dir='ltr'><strong>de</strong></span> 
     </span>
    </p>
   </div>
   <div class='ocr_carea' id='block_1_22' title="bbox 2503 3633 4273 3716">
    <p class='ocr_par' dir='ltr' id='par_1_23' title="bbox 2503 3633 4273 3716">
     <span class='ocr_line' id='line_1_63' title="bbox 2503 3633 4273 3716; baseline 0.003 -22"><span class='ocrx_word' id='word_1_430' title='bbox 2503 3634 3080 3703; x_wconf 74' lang='lat' dir='ltr'><strong>Cariatlziare&#39;m,id</strong></span> <span class='ocrx_word' id='word_1_431' title='bbox 3111 3641 3206 3696; x_wconf 90' lang='lat' dir='ltr'><strong>est</strong></span> <span class='ocrx_word' id='word_1_432' title='bbox 3235 3634 3313 3696; x_wconf 86' lang='lat' dir='ltr'><strong>de</strong></span> <span class='ocrx_word' id='word_1_433' title='bbox 3343 3633 3500 3696; x_wconf 85' lang='lat' dir='ltr'><strong>urbe</strong></span> <span class='ocrx_word' id='word_1_434' title='bbox 3529 3634 3622 3696; x_wconf 91' lang='lat' dir='ltr'><strong>sic</strong></span> <span class='ocrx_word' id='word_1_435' title='bbox 3647 3633 3988 3716; x_wconf 83' lang='lat' dir='ltr'><strong>dicta,qnae</strong></span> <span class='ocrx_word' id='word_1_436' title='bbox 4013 3664 4150 3706; x_wconf 61' lang='lat' dir='ltr'><strong>ame</strong></span> <span class='ocrx_word' id='word_1_437' title='bbox 4163 3664 4273 3704; x_wconf 42' lang='grc' dir='ltr'><strong>ιιι,</strong></span> 
     </span>
    </p>
   </div>
   <div class='ocr_carea' id='block_1_23' title="bbox 2503 3731 3993 4205">
    <p class='ocr_par' dir='ltr' id='par_1_24' title="bbox 2504 3731 3697 3796">
     <span class='ocr_line' id='line_1_64' title="bbox 2504 3731 3697 3796; baseline 0 -2"><span class='ocrx_word' id='word_1_438' title='bbox 2504 3733 2627 3796; x_wconf 80' lang='lat' dir='ltr'><strong>fuit</strong></span> <span class='ocrx_word' id='word_1_439' title='bbox 2659 3733 2724 3794; x_wconf 92' lang='lat' dir='ltr'><strong>in</strong></span> <span class='ocrx_word' id='word_1_440' title='bbox 2755 3731 2927 3795; x_wconf 86' lang='lat' dir='ltr'><strong>tribu</strong></span> <span class='ocrx_word' id='word_1_441' title='bbox 2957 3732 3135 3794; x_wconf 89' lang='lat' dir='ltr'><strong>Juda.</strong></span> <span class='ocrx_word' id='word_1_442' title='bbox 3166 3731 3325 3794; x_wconf 89' lang='lat' dir='ltr'><strong>&#39;Nam</strong></span> <span class='ocrx_word' id='word_1_443' title='bbox 3357 3732 3648 3795; x_wconf 89' lang='lat' dir='ltr'><strong>subditur</strong></span> <span class='ocrx_word' id='word_1_444' title='bbox 3683 3750 3697 3794; x_wconf 90' lang='lat'>:</span> 
     </span>
    </p>

    <p class='ocr_par' dir='ltr' id='par_1_25' title="bbox 2503 3833 3993 4205">
     <span class='ocr_line' id='line_1_65' title="bbox 2582 3833 3988 3894; baseline 0 0"><span class='ocrx_word' id='word_1_445' title='bbox 2582 3835 2668 3894; x_wconf 86' lang='lat' dir='ltr'><strong>Et</strong></span> <span class='ocrx_word' id='word_1_446' title='bbox 2697 3834 2984 3892; x_wconf 82' lang='lat' dir='ltr'><strong>ascendit</strong></span> <span class='ocrx_word' id='word_1_447' title='bbox 3006 3834 3225 3892; x_wconf 81' lang='lat' dir='ltr'><strong>David</strong></span> <span class='ocrx_word' id='word_1_448' title='bbox 3242 3840 3301 3891; x_wconf 83' lang='lat' dir='ltr'><strong>et</strong></span> <span class='ocrx_word' id='word_1_449' title='bbox 3319 3833 3528 3892; x_wconf 83' lang='lat' dir='ltr'><strong>omnis</strong></span> <span class='ocrx_word' id='word_1_450' title='bbox 3549 3833 3654 3892; x_wconf 81' lang='lat' dir='ltr'><strong>vir</strong></span> <span class='ocrx_word' id='word_1_451' title='bbox 3673 3835 3878 3892; x_wconf 83' lang='lat' dir='ltr'><strong>Israel</strong></span> <span class='ocrx_word' id='word_1_452' title='bbox 3895 3838 3988 3894; x_wconf 81' lang='lat' dir='ltr'><strong>ad</strong></span> 
     </span>
     <span class='ocr_line' id='line_1_66' title="bbox 2503 3931 3989 4009; baseline 0.002 -20"><span class='ocrx_word' id='word_1_453' title='bbox 2503 3933 2724 3990; x_wconf 85' lang='lat' dir='ltr'><strong>collem</strong></span> <span class='ocrx_word' id='word_1_454' title='bbox 2769 3931 3242 3991; x_wconf 78' lang='lat' dir='ltr'><strong>Cariathiarim</strong></span> <span class='ocrx_word' id='word_1_455' title='bbox 3281 3933 3397 4009; x_wconf 81' lang='lat' dir='ltr'><strong>qui</strong></span> <span class='ocrx_word' id='word_1_456' title='bbox 3436 3940 3526 3990; x_wconf 84' lang='lat' dir='ltr'><strong>est</strong></span> <span class='ocrx_word' id='word_1_457' title='bbox 3563 3931 3636 3990; x_wconf 80' lang='lat' dir='ltr'><strong>in</strong></span> <span class='ocrx_word' id='word_1_458' title='bbox 3671 3933 3868 4004; x_wconf 70' lang='lat' dir='ltr'><strong>luda,</strong></span> <span class='ocrx_word' id='word_1_459' title='bbox 3915 3943 3989 3992; x_wconf 82' lang='lat' dir='ltr'><strong>ut</strong></span> 
     </span>
     <span class='ocr_line' id='line_1_67' title="bbox 2503 4031 3993 4106; baseline 0.001 -18"><span class='ocrx_word' id='word_1_460' title='bbox 2503 4035 2760 4106; x_wconf 83' lang='lat' dir='ltr'><strong>afferret</strong></span> <span class='ocrx_word' id='word_1_461' title='bbox 2804 4031 2959 4088; x_wconf 80' lang='lat' dir='ltr'><strong>inde</strong></span> <span class='ocrx_word' id='word_1_462' title='bbox 3000 4049 3223 4088; x_wconf 85' lang='lat' dir='ltr'><strong>arcam</strong></span> <span class='ocrx_word' id='word_1_463' title='bbox 3261 4031 3530 4089; x_wconf 80' lang='lat' dir='ltr'><strong>Domini</strong></span> <span class='ocrx_word' id='word_1_464' title='bbox 3556 4031 3679 4089; x_wconf 69' lang='lat' dir='ltr'><strong>Dea·</strong></span> <span class='ocrx_word' id='word_1_465' title='bbox 3713 4032 3993 4090; x_wconf 70' lang='lat' dir='ltr'><strong>sedentis</strong></span> 
     </span>
     <span class='ocr_line' id='line_1_68' title="bbox 2503 4127 3988 4205; baseline 0.001 -19"><span class='ocrx_word' id='word_1_466' title='bbox 2503 4147 2695 4205; x_wconf 77' lang='lat' dir='ltr'><strong>super</strong></span> <span class='ocrx_word' id='word_1_467' title='bbox 2719 4127 3086 4196; x_wconf 74' lang='lat' dir='ltr'><strong>Cherubim,</strong></span> <span class='ocrx_word' id='word_1_468' title='bbox 3104 4129 3216 4186; x_wconf 83' lang='lat' dir='ltr'><strong>ubi</strong></span> <span class='ocrx_word' id='word_1_469' title='bbox 3241 4129 3610 4188; x_wconf 81' lang='lat' dir='ltr'><strong>invocatum</strong></span> <span class='ocrx_word' id='word_1_470' title='bbox 3639 4137 3728 4188; x_wconf 88' lang='lat' dir='ltr'><strong>est</strong></span> <span class='ocrx_word' id='word_1_471' title='bbox 3759 4148 3988 4189; x_wconf 76' lang='lat' dir='ltr'><strong>nomen</strong></span> 
     </span>
    </p>
   </div>
   <div class='ocr_carea' id='block_1_24' title="bbox 907 4220 3996 4305">
    <p class='ocr_par' dir='ltr' id='par_1_26' title="bbox 907 4220 3996 4305">
     <span class='ocr_line' id='line_1_69' title="bbox 907 4220 3996 4305; baseline 0 -20"><span class='ocrx_word' id='word_1_472' title='bbox 907 4223 1081 4300; x_wconf 87' lang='lat' dir='ltr'><strong>ditis,</strong></span> <span class='ocrx_word' id='word_1_473' title='bbox 1116 4241 1279 4304; x_wconf 89' lang='lat' dir='ltr'><strong>quos</strong></span> <span class='ocrx_word' id='word_1_474' title='bbox 1309 4230 1373 4284; x_wconf 84' lang='lat' dir='ltr'><strong>et</strong></span> <span class='ocrx_word' id='word_1_475' title='bbox 1402 4220 1630 4286; x_wconf 80' lang='lat' dir='ltr'><strong>fratres</strong></span> <span class='ocrx_word' id='word_1_476' title='bbox 1664 4242 1810 4285; x_wconf 91' lang='lat' dir='ltr'><strong>suos</strong></span> <span class='ocrx_word' id='word_1_477' title='bbox 1851 4223 2152 4305; x_wconf 85' lang='lat' dir='ltr'><strong>appellat.</strong></span> <span class='ocrx_word' id='word_1_478' title='bbox 2193 4227 2274 4286; x_wconf 79' lang='lat' dir='ltr'><strong>Et</strong></span> <span class='ocrx_word' id='word_1_479' title='bbox 2303 4246 2398 4285; x_wconf 84' lang='lat' dir='ltr'><strong>re·</strong></span> <span class='ocrx_word' id='word_1_480' title='bbox 2429 4227 2475 4288; x_wconf 89' lang='lat' dir='ltr'>D</span> <span class='ocrx_word' id='word_1_481' title='bbox 2504 4226 2663 4301; x_wconf 80' lang='lat' dir='ltr'><strong>ejus,</strong></span> <span class='ocrx_word' id='word_1_482' title='bbox 2725 4228 3299 4304; x_wconf 78' lang='lat' dir='ltr'><strong>Imposueruntque</strong></span> <span class='ocrx_word' id='word_1_483' title='bbox 3347 4245 3567 4285; x_wconf 87' lang='lat' dir='ltr'><strong>arcam</strong></span> <span class='ocrx_word' id='word_1_484' title='bbox 3620 4227 3742 4286; x_wconf 84' lang='lat' dir='ltr'><strong>Dei</strong></span> <span class='ocrx_word' id='word_1_485' title='bbox 3797 4246 3996 4302; x_wconf 67' lang='lat' dir='ltr'><strong>super</strong></span> 
     </span>
    </p>
   </div>
   <div class='ocr_carea' id='block_1_25' title="bbox 902 4322 2400 5387">
    <p class='ocr_par' dir='ltr' id='par_1_27' title="bbox 902 4322 2400 5387">
     <span class='ocr_line' id='line_1_70' title="bbox 902 4322 2396 4390; baseline 0.001 -8"><span class='ocrx_word' id='word_1_486' title='bbox 902 4326 1221 4382; x_wconf 81' lang='lat' dir='ltr'><strong>ducamus</strong></span> <span class='ocrx_word' id='word_1_487' title='bbox 1250 4339 1471 4381; x_wconf 86' lang='lat' dir='ltr'><strong>arcam</strong></span> <span class='ocrx_word' id='word_1_488' title='bbox 1502 4322 1625 4381; x_wconf 83' lang='lat' dir='ltr'><strong>Dei</strong></span> <span class='ocrx_word' id='word_1_489' title='bbox 1654 4324 1861 4382; x_wconf 77' lang='lat' dir='ltr'><strong>nostri</strong></span> <span class='ocrx_word' id='word_1_490' title='bbox 1889 4325 1977 4382; x_wconf 84' lang='lat' dir='ltr'><strong>ad</strong></span> <span class='ocrx_word' id='word_1_491' title='bbox 2006 4343 2138 4390; x_wconf 77' lang='lat' dir='ltr'><strong>nos,</strong></span> <span class='ocrx_word' id='word_1_492' title='bbox 2175 4323 2396 4384; x_wconf 80' lang='lat' dir='ltr'><strong>videli-</strong></span> 
     </span>
     <span class='ocr_line' id='line_1_71' title="bbox 908 4417 2398 4499; baseline 0 -17"><span class='ocrx_word' id='word_1_493' title='bbox 908 4427 1011 4482; x_wconf 89' lang='lat' dir='ltr'><strong>cet</strong></span> <span class='ocrx_word' id='word_1_494' title='bbox 1052 4418 1129 4480; x_wconf 89' lang='lat' dir='ltr'><strong>ad</strong></span> <span class='ocrx_word' id='word_1_495' title='bbox 1168 4417 1333 4480; x_wconf 87' lang='lat' dir='ltr'><strong>hanc</strong></span> <span class='ocrx_word' id='word_1_496' title='bbox 1373 4417 1599 4481; x_wconf 89' lang='lat' dir='ltr'><strong>urbem</strong></span> <span class='ocrx_word' id='word_1_497' title='bbox 1642 4419 1877 4499; x_wconf 86' lang='lat' dir='ltr'><strong>regiam</strong></span> <span class='ocrx_word' id='word_1_498' title='bbox 1917 4420 2288 4496; x_wconf 85' lang='lat' dir='ltr'><strong>Jerusalem,</strong></span> <span class='ocrx_word' id='word_1_499' title='bbox 2329 4429 2398 4483; x_wconf 92' lang='lat' dir='ltr'><strong>ut</strong></span> 
     </span>
     <span class='ocr_line' id='line_1_72' title="bbox 909 4515 2392 4600; baseline 0 -20"><span class='ocrx_word' id='word_1_500' title='bbox 909 4537 985 4580; x_wconf 85' lang='lat' dir='ltr'><strong>cx</strong></span> <span class='ocrx_word' id='word_1_501' title='bbox 1014 4515 1137 4579; x_wconf 89' lang='lat' dir='ltr'><strong>loci</strong></span> <span class='ocrx_word' id='word_1_502' title='bbox 1170 4515 1664 4580; x_wconf 85' lang='lat' dir='ltr'><strong>honorificentia</strong></span> <span class='ocrx_word' id='word_1_503' title='bbox 1694 4518 1969 4600; x_wconf 89' lang='lat' dir='ltr'><strong>amplius</strong></span> <span class='ocrx_word' id='word_1_504' title='bbox 1995 4519 2342 4582; x_wconf 86' lang='lat' dir='ltr'><strong>honoretur</strong></span> <span class='ocrx_word' id='word_1_505' title='bbox 2379 4537 2392 4581; x_wconf 77' lang='grc' dir='ltr'>ε</span> 
     </span>
     <span class='ocr_line' id='line_1_73' title="bbox 910 4615 2398 4696; baseline 0 -18"><span class='ocrx_word' id='word_1_506' title='bbox 910 4622 972 4678; x_wconf 90' lang='lat' dir='ltr'><strong>et</strong></span> <span class='ocrx_word' id='word_1_507' title='bbox 1017 4622 1275 4696; x_wconf 85' lang='lat' dir='ltr'><strong>propter</strong></span> <span class='ocrx_word' id='word_1_508' title='bbox 1321 4615 1627 4696; x_wconf 90' lang='lat' dir='ltr'><strong>maj0rem</strong></span> <span class='ocrx_word' id='word_1_509' title='bbox 1674 4616 1781 4678; x_wconf 92' lang='lat' dir='ltr'><strong>Dei</strong></span> <span class='ocrx_word' id='word_1_510' title='bbox 1828 4616 2155 4692; x_wconf 89' lang='lat' dir='ltr'><strong>honorem,</strong></span> <span class='ocrx_word' id='word_1_511' title='bbox 2195 4617 2398 4680; x_wconf 90' lang='lat' dir='ltr'><strong>voluit</strong></span> 
     </span>
     <span class='ocr_line' id='line_1_74' title="bbox 910 4710 2398 4796; baseline 0.002 -21"><span class='ocrx_word' id='word_1_512' title='bbox 910 4710 1107 4776; x_wconf 88' lang='lat' dir='ltr'><strong>David</strong></span> <span class='ocrx_word' id='word_1_513' title='bbox 1150 4713 1370 4775; x_wconf 88' lang='lat' dir='ltr'><strong>adesse</strong></span> <span class='ocrx_word' id='word_1_514' title='bbox 1413 4713 1800 4795; x_wconf 84' lang='lat' dir='ltr'><strong>principales</strong></span> <span class='ocrx_word' id='word_1_515' title='bbox 1846 4733 1922 4776; x_wconf 83' lang='lat' dir='ltr'><strong>ex</strong></span> <span class='ocrx_word' id='word_1_516' title='bbox 1963 4715 2249 4796; x_wconf 88' lang='lat' dir='ltr'><strong>qualibet</strong></span> <span class='ocrx_word' id='word_1_517' title='bbox 2289 4716 2398 4778; x_wconf 87' lang='lat' dir='ltr'><strong>tri-</strong></span> 
     </span>
     <span class='ocr_line' id='line_1_75' title="bbox 911 4809 2398 4895; baseline 0.001 -21"><span class='ocrx_word' id='word_1_518' title='bbox 911 4811 1020 4888; x_wconf 90' lang='lat' dir='ltr'><strong>bu,</strong></span> <span class='ocrx_word' id='word_1_519' title='bbox 1055 4819 1117 4874; x_wconf 90' lang='lat' dir='ltr'><strong>et</strong></span> <span class='ocrx_word' id='word_1_520' title='bbox 1144 4809 1417 4874; x_wconf 87' lang='lat' dir='ltr'><strong>maxime</strong></span> <span class='ocrx_word' id='word_1_521' title='bbox 1446 4813 1825 4876; x_wconf 84' lang='lat' dir='ltr'><strong>sacerdotes,</strong></span> <span class='ocrx_word' id='word_1_522' title='bbox 1862 4813 2147 4894; x_wconf 89' lang='lat' dir='ltr'><strong>Denique</strong></span> <span class='ocrx_word' id='word_1_523' title='bbox 2177 4833 2398 4895; x_wconf 88' lang='lat' dir='ltr'><strong>quam-</strong></span> 
     </span>
     <span class='ocr_line' id='line_1_76' title="bbox 908 4908 2396 4992; baseline 0.002 -20"><span class='ocrx_word' id='word_1_524' title='bbox 908 4909 1007 4972; x_wconf 88' lang='lat' dir='ltr'><strong>vis</strong></span> <span class='ocrx_word' id='word_1_525' title='bbox 1058 4917 1259 4972; x_wconf 88' lang='lat' dir='ltr'><strong>totum</strong></span> <span class='ocrx_word' id='word_1_526' title='bbox 1310 4908 1701 4972; x_wconf 85' lang='lat' dir='ltr'><strong>territorium</strong></span> <span class='ocrx_word' id='word_1_527' title='bbox 1762 4930 1947 4973; x_wconf 89' lang='lat' dir='ltr'><strong>suum</strong></span> <span class='ocrx_word' id='word_1_528' title='bbox 2000 4920 2166 4974; x_wconf 85' lang='lat' dir='ltr'><strong>esset</strong></span> <span class='ocrx_word' id='word_1_529' title='bbox 2225 4913 2396 4992; x_wconf 89' lang='lat' dir='ltr'><strong>regio</strong></span> 
     </span>
     <span class='ocr_line' id='line_1_77' title="bbox 912 5007 2400 5089; baseline 0.001 -19"><span class='ocrx_word' id='word_1_530' title='bbox 912 5027 1040 5070; x_wconf 90' lang='lat' dir='ltr'><strong>una</strong></span> <span class='ocrx_word' id='word_1_531' title='bbox 1070 5007 1281 5070; x_wconf 90' lang='lat' dir='ltr'><strong>totalis</strong></span> <span class='ocrx_word' id='word_1_532' title='bbox 1312 5015 1375 5070; x_wconf 89' lang='lat' dir='ltr'><strong>et</strong></span> <span class='ocrx_word' id='word_1_533' title='bbox 1406 5007 1722 5088; x_wconf 86' lang='lat' dir='ltr'><strong>integrum</strong></span> <span class='ocrx_word' id='word_1_534' title='bbox 1758 5028 2021 5089; x_wconf 87' lang='lat' dir='ltr'><strong>regnum</strong></span> <span class='ocrx_word' id='word_1_535' title='bbox 2055 5029 2276 5086; x_wconf 91' lang='lat' dir='ltr'><strong>unum,</strong></span> <span class='ocrx_word' id='word_1_536' title='bbox 2315 5019 2400 5073; x_wconf 89' lang='lat' dir='ltr'><strong>ta-</strong></span> 
     </span>
     <span class='ocr_line' id='line_1_78' title="bbox 912 5105 2398 5188; baseline 0.002 -20"><span class='ocrx_word' id='word_1_537' title='bbox 912 5125 1058 5169; x_wconf 89' lang='lat' dir='ltr'><strong>men</strong></span> <span class='ocrx_word' id='word_1_538' title='bbox 1102 5105 1435 5188; x_wconf 87' lang='lat' dir='ltr'><strong>pluraliter</strong></span> <span class='ocrx_word' id='word_1_539' title='bbox 1476 5105 1586 5183; x_wconf 90' lang='lat' dir='ltr'><strong>ait,</strong></span> <span class='ocrx_word' id='word_1_540' title='bbox 1621 5107 1935 5171; x_wconf 85' lang='lat' dir='ltr'><strong>Mittamus</strong></span> <span class='ocrx_word' id='word_1_541' title='bbox 1968 5109 2035 5170; x_wconf 93' lang='lat' dir='ltr'><strong>in</strong></span> <span class='ocrx_word' id='word_1_542' title='bbox 2067 5108 2398 5172; x_wconf 88' lang='lat' dir='ltr'><strong>universas</strong></span> 
     </span>
     <span class='ocr_line' id='line_1_79' title="bbox 912 5205 2400 5288; baseline 0.001 -21"><span class='ocrx_word' id='word_1_543' title='bbox 912 5205 1201 5285; x_wconf 88' lang='lat' dir='ltr'><strong>regiones</strong></span> <span class='ocrx_word' id='word_1_544' title='bbox 1240 5205 1453 5282; x_wconf 88' lang='lat' dir='ltr'><strong>Israel,</strong></span> <span class='ocrx_word' id='word_1_545' title='bbox 1500 5206 1601 5269; x_wconf 89' lang='lat' dir='ltr'><strong>vel</strong></span> <span class='ocrx_word' id='word_1_546' title='bbox 1647 5215 1906 5288; x_wconf 90' lang='lat' dir='ltr'><strong>propter</strong></span> <span class='ocrx_word' id='word_1_547' title='bbox 1947 5207 2231 5270; x_wconf 88' lang='lat' dir='ltr'><strong>diversas</strong></span> <span class='ocrx_word' id='word_1_548' title='bbox 2289 5209 2400 5270; x_wconf 89' lang='lat' dir='ltr'><strong>tri-</strong></span> 
     </span>
     <span class='ocr_line' id='line_1_80' title="bbox 910 5303 2398 5387; baseline 0.002 -22"><span class='ocrx_word' id='word_1_549' title='bbox 910 5303 1109 5367; x_wconf 92' lang='lat' dir='ltr'><strong>buum</strong></span> <span class='ocrx_word' id='word_1_550' title='bbox 1145 5311 1369 5380; x_wconf 62' lang='grc' dir='ltr'><strong>»θοι-ωε,</strong></span> <span class='ocrx_word' id='word_1_551' title='bbox 1407 5303 1506 5367; x_wconf 89' lang='lat' dir='ltr'><strong>vel</strong></span> <span class='ocrx_word' id='word_1_552' title='bbox 1545 5305 1847 5387; x_wconf 87' lang='lat' dir='ltr'><strong>quoniam</strong></span> <span class='ocrx_word' id='word_1_553' title='bbox 1885 5314 2069 5370; x_wconf 85' lang='lat' dir='ltr'><strong>antea</strong></span> <span class='ocrx_word' id='word_1_554' title='bbox 2110 5315 2292 5368; x_wconf 87' lang='lat' dir='ltr'><strong>erant</strong></span> <span class='ocrx_word' id='word_1_555' title='bbox 2332 5305 2398 5368; x_wconf 91' lang='lat' dir='ltr'><strong>in</strong></span> 
     </span>
    </p>
   </div>
   <div class='ocr_carea' id='block_1_26' title="bbox 2499 4325 4068 5389">
    <p class='ocr_par' dir='ltr' id='par_1_28' title="bbox 2499 4325 4068 5389">
     <span class='ocr_line' id='line_1_81' title="bbox 2499 4325 3994 4400; baseline 0.002 -17"><span class='ocrx_word' id='word_1_556' title='bbox 2499 4327 2874 4400; x_wconf 77' lang='lat' dir='ltr'><strong>plaustrum</strong></span> <span class='ocrx_word' id='word_1_557' title='bbox 2905 4343 3146 4383; x_wconf 80' lang='lat' dir='ltr'><strong>novum</strong></span> <span class='ocrx_word' id='word_1_558' title='bbox 3176 4327 3255 4384; x_wconf 85' lang='lat' dir='ltr'><strong>de</strong></span> <span class='ocrx_word' id='word_1_559' title='bbox 3281 4327 3466 4384; x_wconf 84' lang='lat' dir='ltr'><strong>domo</strong></span> <span class='ocrx_word' id='word_1_560' title='bbox 3492 4327 3854 4385; x_wconf 56' lang='lat' dir='ltr'><strong>Abr&#39;nadalx</strong></span> <span class='ocrx_word' id='word_1_561' title='bbox 3880 4325 3994 4386; x_wconf 80' lang='lat' dir='ltr'><strong>His</strong></span> 
     </span>
     <span class='ocr_line' id='line_1_82' title="bbox 2506 4419 3996 4502; baseline 0.001 -19"><span class='ocrx_word' id='word_1_562' title='bbox 2506 4420 2766 4484; x_wconf 85' lang='lat' dir='ltr'><strong>obviare</strong></span> <span class='ocrx_word' id='word_1_563' title='bbox 2809 4419 3082 4497; x_wconf 85' lang='lat' dir='ltr'><strong>videtur,</strong></span> <span class='ocrx_word' id='word_1_564' title='bbox 3133 4419 3304 4502; x_wconf 91' lang='lat' dir='ltr'><strong>quod</strong></span> <span class='ocrx_word' id='word_1_565' title='bbox 3348 4422 3626 4484; x_wconf 90' lang='lat' dir='ltr'><strong>secundo</strong></span> <span class='ocrx_word' id='word_1_566' title='bbox 3671 4421 3834 4485; x_wconf 91' lang='lat' dir='ltr'><strong>libro</strong></span> <span class='ocrx_word' id='word_1_567' title='bbox 3875 4423 3996 4484; x_wconf 87' lang='lat' dir='ltr'><strong>Re-</strong></span> 
     </span>
     <span class='ocr_line' id='line_1_83' title="bbox 2507 4518 3013 4601; baseline 0 -21"><span class='ocrx_word' id='word_1_568' title='bbox 2507 4539 2655 4601; x_wconf 89' lang='lat' dir='ltr'><strong>gum</strong></span> <span class='ocrx_word' id='word_1_569' title='bbox 2707 4518 3013 4581; x_wconf 86' lang='lat' dir='ltr'><strong>asseritur</strong></span> 
     </span>
     <span class='ocr_line' id='line_1_84' title="bbox 2509 4611 4068 4702; baseline 0.001 -22"><span class='ocrx_word' id='word_1_570' title='bbox 2509 4617 2858 4694; x_wconf 87' lang='lat' dir='ltr'><strong>Abinadab‚</strong></span> <span class='ocrx_word' id='word_1_571' title='bbox 2894 4618 3006 4701; x_wconf 88' lang='lat' dir='ltr'><strong>qui</strong></span> <span class='ocrx_word' id='word_1_572' title='bbox 3049 4627 3184 4681; x_wconf 90' lang='lat' dir='ltr'><strong>erat</strong></span> <span class='ocrx_word' id='word_1_573' title='bbox 3215 4619 3281 4679; x_wconf 92' lang='lat' dir='ltr'><strong>in</strong></span> <span class='ocrx_word' id='word_1_574' title='bbox 3313 4618 3542 4681; x_wconf 79' lang='lat' dir='ltr'><strong>Gabaa,</strong></span> <span class='ocrx_word' id='word_1_575' title='bbox 3587 4619 3680 4681; x_wconf 83' lang='lat' dir='ltr'><strong>Ad</strong></span> <span class='ocrx_word' id='word_1_576' title='bbox 3717 4620 3836 4682; x_wconf 90' lang='lat' dir='ltr'><strong>hoc</strong></span> <span class='ocrx_word' id='word_1_577' title='bbox 3873 4620 3994 4702; x_wconf 66' lang='lat' dir='ltr'><strong>Ly·</strong></span> <span class='ocrx_word' id='word_1_578' title='bbox 4025 4611 4068 4650; x_wconf 79' lang='lat'><strong>³·</strong></span> 
     </span>
     <span class='ocr_line' id='line_1_85' title="bbox 2509 4715 3996 4798; baseline 0.001 -20"><span class='ocrx_word' id='word_1_579' title='bbox 2509 4736 2576 4778; x_wconf 90' lang='lat' dir='ltr'><strong>ra</strong></span> <span class='ocrx_word' id='word_1_580' title='bbox 2608 4718 2986 4798; x_wconf 82' lang='lat' dir='ltr'><strong>respondet:</strong></span> <span class='ocrx_word' id='word_1_581' title='bbox 3011 4715 3452 4779; x_wconf 75' lang='lat' dir='ltr'><strong>cariathiarim</strong></span> <span class='ocrx_word' id='word_1_582' title='bbox 3483 4726 3547 4780; x_wconf 85' lang='lat' dir='ltr'><strong>et</strong></span> <span class='ocrx_word' id='word_1_583' title='bbox 3574 4717 3782 4780; x_wconf 88' lang='lat' dir='ltr'><strong>Gabaa</strong></span> <span class='ocrx_word' id='word_1_584' title='bbox 3811 4727 3996 4780; x_wconf 81' lang='lat' dir='ltr'><strong>erant</strong></span> 
     </span>
     <span class='ocr_line' id='line_1_86' title="bbox 2507 4815 3992 4898; baseline 0.001 -20"><span class='ocrx_word' id='word_1_585' title='bbox 2507 4815 2644 4878; x_wconf 90' lang='lat' dir='ltr'><strong>loca</strong></span> <span class='ocrx_word' id='word_1_586' title='bbox 2691 4815 2843 4878; x_wconf 90' lang='lat' dir='ltr'><strong>satis</strong></span> <span class='ocrx_word' id='word_1_587' title='bbox 2892 4815 3273 4898; x_wconf 90' lang='lat' dir='ltr'><strong>propinqua,</strong></span> <span class='ocrx_word' id='word_1_588' title='bbox 3327 4825 3391 4880; x_wconf 94' lang='lat' dir='ltr'><strong>et</strong></span> <span class='ocrx_word' id='word_1_589' title='bbox 3441 4816 3504 4878; x_wconf 92' lang='lat' dir='ltr'><strong>in</strong></span> <span class='ocrx_word' id='word_1_590' title='bbox 3553 4816 3992 4880; x_wconf 85' lang='lat' dir='ltr'><strong>Cariathiarim</strong></span> 
     </span>
     <span class='ocr_line' id='line_1_87' title="bbox 2507 4914 3990 4997; baseline 0.003 -23"><span class='ocrx_word' id='word_1_591' title='bbox 2507 4914 2714 4996; x_wconf 91' lang='lat' dir='ltr'><strong>primo</strong></span> <span class='ocrx_word' id='word_1_592' title='bbox 2745 4923 3165 4996; x_wconf 88' lang='lat' dir='ltr'><strong>congregatus</strong></span> <span class='ocrx_word' id='word_1_593' title='bbox 3207 4923 3302 4977; x_wconf 92' lang='lat' dir='ltr'><strong>est</strong></span> <span class='ocrx_word' id='word_1_594' title='bbox 3341 4914 3618 4997; x_wconf 89' lang='lat' dir='ltr'><strong>populus</strong></span> <span class='ocrx_word' id='word_1_595' title='bbox 3657 4916 3734 4978; x_wconf 93' lang='lat' dir='ltr'><strong>ad</strong></span> <span class='ocrx_word' id='word_1_596' title='bbox 3767 4915 3990 4992; x_wconf 83' lang='lat' dir='ltr'><strong>David,</strong></span> 
     </span>
     <span class='ocr_line' id='line_1_88' title="bbox 2506 5011 3994 5077; baseline 0.001 -2"><span class='ocrx_word' id='word_1_597' title='bbox 2506 5020 2569 5075; x_wconf 89' lang='lat' dir='ltr'><strong>et</strong></span> <span class='ocrx_word' id='word_1_598' title='bbox 2601 5012 2750 5074; x_wconf 90' lang='lat' dir='ltr'><strong>inde</strong></span> <span class='ocrx_word' id='word_1_599' title='bbox 2777 5011 3172 5075; x_wconf 85' lang='lat' dir='ltr'><strong>transierunt</strong></span> <span class='ocrx_word' id='word_1_600' title='bbox 3199 5013 3276 5076; x_wconf 86' lang='lat' dir='ltr'><strong>ad</strong></span> <span class='ocrx_word' id='word_1_601' title='bbox 3309 5013 3742 5076; x_wconf 89' lang='lat' dir='ltr'><strong>adducendam</strong></span> <span class='ocrx_word' id='word_1_602' title='bbox 3779 5033 3994 5077; x_wconf 87' lang='lat' dir='ltr'><strong>arcam</strong></span> 
     </span>
     <span class='ocr_line' id='line_1_89' title="bbox 2507 5110 3989 5192; baseline 0.002 -21"><span class='ocrx_word' id='word_1_603' title='bbox 2507 5129 2650 5192; x_wconf 80' lang='lat' dir='ltr'><strong>quae</strong></span> <span class='ocrx_word' id='word_1_604' title='bbox 2681 5119 2816 5174; x_wconf 87' lang='lat' dir='ltr'><strong>erat</strong></span> <span class='ocrx_word' id='word_1_605' title='bbox 2846 5111 2911 5172; x_wconf 91' lang='lat' dir='ltr'><strong>in</strong></span> <span class='ocrx_word' id='word_1_606' title='bbox 2941 5110 3169 5187; x_wconf 88' lang='lat' dir='ltr'><strong>Gabaa,</strong></span> <span class='ocrx_word' id='word_1_607' title='bbox 3206 5120 3267 5174; x_wconf 93' lang='lat' dir='ltr'><strong>et</strong></span> <span class='ocrx_word' id='word_1_608' title='bbox 3313 5111 3462 5174; x_wconf 88' lang='lat' dir='ltr'><strong>inde</strong></span> <span class='ocrx_word' id='word_1_609' title='bbox 3501 5112 3786 5174; x_wconf 85' lang='lat' dir='ltr'><strong>ducendo</strong></span> <span class='ocrx_word' id='word_1_610' title='bbox 3825 5131 3989 5190; x_wconf 87' lang='lat' dir='ltr'><strong>eam,</strong></span> 
     </span>
     <span class='ocr_line' id='line_1_90' title="bbox 2509 5209 3996 5290; baseline 0.003 -20"><span class='ocrx_word' id='word_1_611' title='bbox 2509 5209 2900 5272; x_wconf 87' lang='lat' dir='ltr'><strong>transierunt</strong></span> <span class='ocrx_word' id='word_1_612' title='bbox 2931 5228 3044 5290; x_wconf 90' lang='lat' dir='ltr'><strong>per</strong></span> <span class='ocrx_word' id='word_1_613' title='bbox 3073 5209 3533 5272; x_wconf 85' lang='lat' dir='ltr'><strong>Cariathiarim.</strong></span> <span class='ocrx_word' id='word_1_614' title='bbox 3569 5210 3689 5273; x_wconf 85' lang='lat' dir='ltr'><strong>Sed</strong></span> <span class='ocrx_word' id='word_1_615' title='bbox 3716 5210 3866 5274; x_wconf 91' lang='lat' dir='ltr'><strong>huic</strong></span> <span class='ocrx_word' id='word_1_616' title='bbox 3901 5231 3996 5274; x_wconf 87' lang='lat' dir='ltr'><strong>rc-</strong></span> 
     </span>
     <span class='ocr_line' id='line_1_91' title="bbox 2507 5306 3996 5389; baseline 0.001 -21"><span class='ocrx_word' id='word_1_617' title='bbox 2507 5307 2838 5388; x_wconf 90' lang='lat' dir='ltr'><strong>sponsioni</strong></span> <span class='ocrx_word' id='word_1_618' title='bbox 2879 5306 3095 5371; x_wconf 87' lang='lat' dir='ltr'><strong>obviat</strong></span> <span class='ocrx_word' id='word_1_619' title='bbox 3137 5307 3345 5370; x_wconf 89' lang='lat' dir='ltr'><strong>littera</strong></span> <span class='ocrx_word' id='word_1_620' title='bbox 3383 5307 3504 5370; x_wconf 89' lang='lat' dir='ltr'><strong>ista</strong></span> <span class='ocrx_word' id='word_1_621' title='bbox 3539 5327 3682 5389; x_wconf 81' lang='lat' dir='ltr'><strong>quae</strong></span> <span class='ocrx_word' id='word_1_622' title='bbox 3711 5307 3800 5371; x_wconf 84' lang='lat' dir='ltr'><strong>ait</strong></span> <span class='ocrx_word' id='word_1_623' title='bbox 3833 5325 3848 5369; x_wconf 76' lang='grc' dir='ltr'><em>τ</em></span> <span class='ocrx_word' id='word_1_624' title='bbox 3883 5309 3996 5370; x_wconf 90' lang='lat' dir='ltr'><strong>As-</strong></span> 
     </span>
    </p>
   </div>
   <div class='ocr_carea' id='block_1_27' title="bbox 4270 1283 4276 2146">
    <p class='ocr_par' dir='ltr' id='par_1_29' title="bbox 4270 1283 4276 2146">
     <span class='ocr_line' id='line_1_92' title="bbox 4270 1283 4276 2146; baseline 0 0"><span class='ocrx_word' id='word_1_625' title='bbox 4270 1283 4276 2146; x_wconf 95' lang='lat' dir='ltr'><strong> </strong></span> 
     </span>
    </p>
   </div>
   <div class='ocr_carea' id='block_1_28' title="bbox 3067 4519 4270 4598">
    <p class='ocr_par' dir='ltr' id='par_1_30' title="bbox 3067 4519 4270 4598">
     <span class='ocr_line' id='line_1_93' title="bbox 3067 4519 4270 4598; baseline 0.003 -17"><span class='ocrx_word' id='word_1_626' title='bbox 3067 4537 3081 4581; x_wconf 89' lang='lat'>:</span> <span class='ocrx_word' id='word_1_627' title='bbox 3138 4519 3445 4582; x_wconf 86' lang='lat' dir='ltr'><strong>Tulerunt</strong></span> <span class='ocrx_word' id='word_1_628' title='bbox 3493 4539 3629 4583; x_wconf 91' lang='lat' dir='ltr'><strong>eam</strong></span> <span class='ocrx_word' id='word_1_629' title='bbox 3676 4522 3754 4584; x_wconf 89' lang='lat' dir='ltr'><strong>de</strong></span> <span class='ocrx_word' id='word_1_630' title='bbox 3800 4522 3993 4585; x_wconf 89' lang='lat' dir='ltr'><strong>domo</strong></span> <span class='ocrx_word' id='word_1_631' title='bbox 4053 4544 4088 4587; x_wconf 88' lang='grc' dir='ltr'><strong>ιι</strong></span> <span class='ocrx_word' id='word_1_632' title='bbox 4111 4545 4270 4598; x_wconf 57' lang='grc' dir='ltr'><strong>κομι.</strong></span> 
     </span>
    </p>
   </div>
  </div>
 </body>
</html>
