4309 6259
592 1096 703 1142 Gen.
717 1111 763 1152 x,
780 1103 820 1146 2.

554 1981 661 2026 Act.
674 1986 824 2034 mm,

576 4545 688 4589 Gen.
698 4557 743 4592 x,
754 4547 835 4593 83.

572 5029 839 5080 stimma&

854 505 972 570 108

1362 525 1711 572 manuario
1752 526 1813 571 m
1854 525 1992 571 cAP.
2039 525 2062 570 1
2102 525 2262 570 unm
2301 525 2472 572 an
2511 525 3046 572 Pamwofflon.
3089 547 3171 556 —
3209 528 3354 574 am.
3398 525 3422 574 Ι

848 691 1067 770 Graeci,
1090 694 1171 757 de
1199 693 1443 756 Thubal
1472 693 1757 776 Hispani,
1793 695 1873 758 de
1900 693 2150 760 Mosoch
2178 694 2336 776 Cap-
2361 692 2415 756 A
2445 697 2676 756 cru-sim
2721 717 2968 777 quoque
3006 709 3068 759 et
3107 700 3411 759 casluim.
3450 697 3776 762 Ponuntur
3823 699 3932 762 hic

848 791 1141 873 padum,
1166 791 1247 854 de
1265 790 1458 854 Thira
1476 792 1756 856 Trachaei
1778 811 1891 856 seu
1912 793 2205 856 Thraces,
2229 793 2336 856 flae

850 897 1091 970 septem
1119 897 1341 969 gentes
1376 891 1458 954 ad
1478 891 1845 973 aquilonem
1876 899 2210 955 morantur
2241 911 2338 954 se-

849 987 1129 1049 cundum
1158 986 1467 1051 Glossam.
1490 993 1699 1052 Porro
1717 993 1851 1068 filii
1868 993 2099 1052 Gomer
2116 1011 2140 1052 .·
2159 993 2339 1052 Asce-

847 1105 987 1154 nez,
1007 1096 1071 1146 et
1087 1089 1399 1165 Riphath,
1419 1098 1478 1149 et
1504 1091 1877 1166 Thoyorma.
1898 1089 2067 1152 Istud
2083 1107 2338 1171 quoque

854 1183 921 1244 in
950 1182 1178 1246 Genesi
1212 1185 1521 1267 scriptum
1550 1194 1669 1248 est.
1702 1185 1939 1250 Tamen
1978 1187 2045 1249 in
2074 1187 2337 1251 Hebraeo

849 1281 1085 1344 dicitur
1104 1282 1399 1365 Diphath.
1422 1283 1699 1348 Ascenez
1724 1303 1739 1346 ε
1764 1285 1881 1348 hos
1907 1285 2106 1350 Graeci
2136 1287 2338 1351 nomi·

849 1387 1005 1442 nant
1050 1380 1390 1460 Rheginos,
1444 1382 1531 1445 De
1578 1383 1935 1464 Thogorma
1988 1385 2121 1448 nati
2185 1395 2332 1448 sunt

847 1476 1150 1560 PhrygeS.
1200 1482 1372 1542 Filii
1428 1491 1643 1542 autem
1690 1485 1903 1544 Javan
1952 1503 1977 1544 .⁰
2022 1485 2232 1556 Elisa,
2295 1503 2336 1546 a

842 1594 974 1657 quo
1002 1576 1469 1640 descenderunt
1496 1578 1729 1656 Elisaei,
1749 1579 1814 1643 id
1844 1589 1941 1643 est
1974 1581 2196 1660 Graeci,
2219 1581 2332 1664 qui

847 1683 991 1756 post
1027 1676 1129 1754 (ut
1166 1675 1424 1757 legitur)
1464 1679 1671 1741 vocati
1720 1688 1870 1742 sunt
1906 1680 2222 1756 AEolides3
2273 1693 2334 1742 ec

854 1773 1143 1844 marsia,
1156 1774 1235 1837 de
1263 1793 1393 1856 quo
1421 1776 1553 1838 nati
1584 1785 1752 1855 sunt,
1790 1779 2139 1841 secundum
2169 1779 2335 1842 Iose-

2444 793 2706 857 nomina
2763 813 2874 857 sex
2925 793 3212 858 filiorum
3262 794 3548 858 Mesraim
3591 815 3606 858 :
3654 815 3932 879 quorum

2442 892 2846 973 posteritates
2875 912 2953 956 ex
2985 913 3178 956 causa
3207 902 3504 975 praetacta
3533 895 3928 975 ignorantur,

2444 989 2570 1052 nisi
2594 991 2767 1072 quod
2797 1000 2868 1053 ut
2897 991 2964 1053 in
2995 1000 3172 1054 textu
3195 991 3449 1070 dicitur,
3467 993 3548 1056 de
3575 992 3934 1056 Phetrusim

2445 1096 2510 1152 et.
2537 1088 2816 1152 Casluim
2837 1093 3092 1168 eqroesi,
3116 1091 3238 1154 hoc
3266 1099 3362 1153 est
3392 1092 3525 1154 nati
3551 1102 3704 1153 sunt
3722 1094 3936 1155 Phili-

2443 1189 2628 1248 stiim
2653 1197 2714 1248 el
2749 1189 3148 1266 Gaphcorim,
3178 1187 3243 1251 id
3276 1197 3374 1252 est
3403 1190 3546 1252 duae
3581 1199 3798 1270 gentes
3835 1190 3934 1254 sic

2443 1284 2646 1362 dictae,
2665 1304 2745 1348 ex
2773 1285 3024 1350 duobus
3056 1285 3365 1349 fratribus
3397 1287 3528 1350 illis
3559 1288 3927 1369 progenitae.

2527 1384 2838 1446 Chanaan
2887 1405 3034 1445 vero
3073 1388 3306 1462 yenuit
3341 1387 3650 1448 Sidonem
3687 1388 3932 1464 primo-

2433 1483 2733 1558 9enitum
2779 1503 2991 1556 suum,
3044 1503 3083 1545 a
3129 1502 3259 1565 quo
3317 1483 3576 1547 condita
3629 1492 3728 1547 est.
3773 1484 3930 1548 urbs

2443 1578 2705 1643 nomine
2725 1579 2920 1643 Sidon
2952 1581 3020 1642 in
3051 1581 3308 1662 regione
3336 1581 3674 1645 PhoeniciS.
3698 1581 3932 1664 Sicque

2443 1677 2638 1740 Sidon
2669 1677 2988 1742 interdum
3021 1689 3116 1743 est
3145 1681 3476 1763 proprium
3517 1700 3748 1744 nomeu
3775 1682 3928 1758 viri,

2442 1774 2788 1858 aliquando
2810 1777 3022 1856 urbis;
3044 1780 3428 1860 quandoque
3453 1787 3661 1842 autem
3695 1789 3788 1842 est
3817 1799 3933 1843 no-

849 1868 1071 1952 phum,
1112 1871 1341 1936 Cilices
1385 1891 1401 1935 :
1440 1893 1713 1956 quorum
1760 1877 2133 1959 metropolis
2177 1877 2335 1941 dici·
2367 1873 2416 1936 B
2444 1894 2592 1937 men
2631 1893 2969 1939 commune
2999 1876 3220 1959 populi
3253 1877 3386 1939 nati
3429 1896 3505 1940 ex
3545 1877 3807 1960 praefato
3835 1878 3933 1942 Si-

851 1976 954 2029 tur
992 1968 1291 2047 TharsuS‚
1326 1971 1407 2033 de
1441 1992 1570 2054 qua
1608 1973 1837 2036 Paulus
1874 1976 2200 2055 apostolus
2229 1995 2335 2038 na-

853 2075 985 2129 tum
1018 2086 1087 2131 se
1116 2068 1440 2150 perhibet3
1476 2073 1759 2145 Cethim,·
1784 2083 1845 2134 et
1870 2076 2221 2146 Dodanim,
2253 2075 2334 2138 de

847 2184 978 2246 quo
998 2165 1265 2229 Rhodii:
1292 2168 1385 2232 sic
1414 2169 1589 2232 enim
1619 2169 2032 2252 Septuaginta
2061 2181 2334 2234 transtu·

848 2263 1081 2328 lerunt.
1115 2265 1297 2329 Circa
1333 2267 1467 2330 haec
1501 2267 1705 2331 fertur
1742 2269 1811 2330 in
1843 2269 2065 2333 Glossa
2098 2288 2113 2332 ε
2145 2272 2334 2351 Lega-

846 2381 990 2426 mus
1013 2363 1211 2428 libros
1240 2364 1321 2428 de
1340 2365 1865 2447 AntiquitatibuS,
1890 2377 1954 2430 et
1970 2368 2333 2432 videbimus

850 2480 1015 2544 pene
1044 2481 1267 2526 omnes
1301 2463 1566 2541 insulas,
1602 2473 1665 2528 et
1696 2466 1888 2529 totius
1918 2466 2093 2531 orbis
2120 2468 2336 2532 littora

852 2565 1180 2642 terrasque
1222 2561 1575 2625 maritimas
1602 2562 1835 2627 Graecis
1872 2565 2106 2628 accolis
2148 2585 2337 2629 occu-

850 2665 1052 2737 pataS,
1075 2657 1231 2740 quia
1259 2658 1340 2720 ab
1370 2659 1611 2722 Amano
1640 2669 1705 2724 et
1724 2661 1929 2725 Tauro
1949 2663 2167 2725 omnia
2195 2681 2338 2746 pos-

850 2755 1172 2832 sederunt,
1206 2775 1413 2838 usque
1440 2757 1519 2819 ad
1552 2776 1727 2822 mare
1755 2759 2211 2824 Britannicum.

933 2852 1235 2934 Sequitur
1281 2854 1625 2938 descriptio
1671 2858 2099 2936 generationis
2139 2858 2334 2923 Cham

852 2949 979 3014 filii
1009 2952 1159 3015 Noe.
1184 2955 1353 3014 Filii
1387 2957 1584 3016 Clzam
1603 2976 1628 3015 :
1651 2959 1843 3028 Chaa,
1872 2976 1911 3019 a
1940 2976 2070 3039 quo
2098 2959 2339 3022 AEthio-

2443 1975 2631 2037 done.
2677 1978 3015 2036 Hethoeum
3057 1997 3306 2056 quoque
3346 1987 3407 2037 et
3445 1979 3824 2049 Jebusoeum‚
3867 1989 3933 2038 et

2441 2075 2918 2145 Amorrhoeum,
2957 2085 3016 2134 et
3052 2077 3472 2151 Gerqesoeum,
3500 2078 3932 2156 Hevoeumque

2439 2181 2500 2231 et
2533 2173 2876 2232 Aracoeum
2901 2182 2962 2232 et
2995 2175 3656 2242 Sinoeum,Aradium
3683 2193 3932 2254 quoque

2440 2279 2502 2330 et
2529 2271 2966 2341 Samaroeum‚
2983 2281 3044 2331 et
3064 2274 3532 2333 Hemathoeum.
3567 2271 3796 2352 Sicque
3823 2271 3931 2334 ha-

2443 2367 2585 2430 buit
2625 2368 2919 2431 undecim
2966 2368 3164 2444 filios,
3198 2369 3311 2450 qui
3355 2377 3418 2432 et
3459 2369 3526 2431 in
3557 2369 3780 2432 Genesi
3816 2389 3930 2432 ex-
3984 2397 4251 2446 omma
4289 2423 4291 2438 ,

2442 2466 2828 2548 primuntur.
2860 2466 2938 2528 Et
2967 2467 3228 2530 nomina
3264 2467 3386 2530 ista
3417 2467 3732 2530 interdum
3765 2469 3931 2532 aeci-
3961 2463 4044 2507 ¹⁸·

2445 2563 2710 2646 piuntur
2735 2565 3160 2628 communiter
3199 2584 3315 2647 pro
3357 2566 3612 2648 populis
3655 2566 3818 2628 natis
3848 2586 3934 2630 ex

2443 2661 2602 2724 viris
2621 2661 2784 2724 istis,
2807 2662 2996 2726 Porro
3016 2662 3308 2726 Aracaeus
3327 2663 3673 2726 aedificavit
3703 2665 3932 2727 urbem

2444 2761 2636 2823 Arcas
2663 2778 2741 2823 ex
2769 2761 3064 2842 opposito
3094 2761 3368 2844 Tripolis
3411 2762 3478 2824 in
3507 2771 3724 2826 monte
3749 2762 3938 2825 Liba-

2447 2859 2555 2932 ni;
2590 2857 2832 2922 Sinaeus
2866 2878 3040 2936 vero,
3065 2859 3374 2942 oppidum
3409 2859 3668 2924 nomine
3688 2860 3831 2935 Sin3
3865 2870 3936 2925 et

2446 2956 2816 3033 SamaraeuS,
2851 2957 3076 3020 urbem
3124 2957 3492 3036 Samariam,
3543 2978 3582 3021 a
3618 2978 3746 3041 qua
3787 2978 3936 3040 pro-

852 3067 997 3132 pes:
1019 3069 1167 3112 nam
1188 3052 1481 3132 usquein
1503 3071 1782 3135 praesens
1795 3053 2113 3137 AEthiopia
2132 3057 2214 3120 ab
2232 3057 2337 3120 He
2370 3055 2416 3118 C
2446 3054 2658 3120 vincia
2707 3073 2940 3118 nomen
3000 3055 3222 3118 sortita
3277 3064 3396 3134 est,
3449 3055 3602 3137 quia
3650 3055 3938 3119 Samaria

852 3147 1041 3211 braeis
1062 3147 1229 3212 Chus
1260 3149 1652 3231 appellatum
1685 3162 1747 3212 et
1772 3155 2109 3224 Mesraim,
2141 3175 2181 3217 a
2207 3175 2338 3238 quo

854 3245 1129 3328 AEgyptii
1160 3247 1292 3309 nati
1324 3255 1513 3324 sunt3
1546 3259 1607 3310 et
1624 3253 1871 3322 Pham,
1894 3270 1931 3312 a
1960 3270 2090 3333 quo
2109 3252 2338 3336 Libyes

854 3363 969 3407 seu
995 3345 1277 3408 Phuthaei
1298 3369 1313 3420 3
1337 3356 1397 3407 ec
1421 3349 1746 3418 chanaan,
1770 3368 1809 3410 a
1824 3368 1953 3431 quo
1972 3348 2335 3414 Chananaei.

856 3445 1026 3505 Filii
1043 3453 1259 3504 autem
1283 3447 1451 3505 Clzus
1482 3443 1743 3508 fuerunt
1768 3450 1997 3520 :Saba,
2018 3468 2057 3511 a
2084 3468 2214 3531 quo
2235 3449 2343 3512 Sa-

856 3540 978 3604 baei
1002 3566 1017 3616 3
1048 3553 1109 3603 et
1137 3545 1402 3613 Hevila,
1431 3563 1470 3605 a
1495 3563 1625 3625 quo
1653 3544 1876 3608 Gaetuli
1916 3547 1982 3609 in
2013 3549 2340 3612 remotiori

854 3640 1213 3722 maJorique
1243 3640 1478 3718 Africa,
1508 3644 1687 3725 juxta
1738 3662 2021 3707 eremum
2063 3664 2344 3711 commo-

862 3745 1115 3812 rantes3
1146 3742 1461 3810 Sabatha,
1490 3760 1529 3803 a
1568 3760 1696 3822 quo
1729 3740 2096 3821 Sabatheni‚
2131 3746 2246 3826 qui
2280 3755 2345 3808 et

856 3834 1147 3899 Astabori
1178 3837 1518 3913 dicuntum
1549 3850 1608 3900 el
1634 3843 1902 3918 Regma,
1935 3852 1996 3902 et
2034 3845 2346 3904 Sabatha·

854 3937 996 3997 elza.
1026 3938 1234 3997 Porro
1259 3937 1397 4014 filii
1422 3939 1665 4014 Reyma
1698 3959 1721 3998 .·
1764 3942 1957 4013 Saba,
1990 3951 2051 4001 et
2078 3944 2340 4004 Dadan.

858 4032 1261 4096 Posteritates
1282 4033 1535 4112 horum,
1557 4035 1725 4099 sicut
1753 4044 1817 4099 et
1835 4036 2107 4100 aliorum
2129 4057 2346 4120 quam-

860 4130 1167 4213 plurium,
1220 4132 1569 4194 secundum
1630 4133 2104 4217 Hieronymum,
2169 4137 2347 4219 igno-

2447 3162 2856 3235 nuncupatur
2893 3179 2910 3229 3
2961 3154 3358 3218 Hemathaeus
3419 3162 3652 3232 autem,
3706 3155 3934 3218 urbem

2449 3251 2776 3328 Hemath‘,
2806 3271 3000 3334 quam
3043 3253 3409 3316 Macedones
3451 3253 3565 3334 qui
3609 3261 3754 3334 post
3793 3254 3940 3317 Ale-
3995 3281 4018 3300 ·

2447 3350 2760 3412 xandrum
2801 3359 3247 3432 regnaverunt,
3281 3351 3702 3434 Epiphaniam
3736 3353 3942 3414 nomi-

2450 3457 2784 3526 naverunt,
2808 3468 2950 3531 quae
2975 3449 3076 3529 (ut
3105 3448 3364 3530 legitur)
3380 3451 3508 3513 alio
3537 3450 3796 3513 nomine
3816 3450 3943 3512 An-

2453 3546 2688 3610 tiochia
2727 3555 2826 3610 est
2863 3555 3108 3610 vocata.
3140 3546 3374 3611 Horum
3419 3548 3736 3611 territoria
3773 3549 3942 3611 Deus

2451 3641 2613 3706 filiis
2639 3644 2827 3706 lsrael
2849 3644 3132 3707 contulit.
3157 3645 3254 3708 Ab
3273 3645 3504 3708 Aradio
3524 3664 3779 3727 quoque
3797 3646 3945 3708 Ara·

2451 3741 2540 3804 dii
2591 3743 2727 3804 nati
2775 3751 2944 3818 sunt,
2997 3743 3110 3824 qui
3161 3742 3436 3805 insulam
3484 3743 3782 3820 Aradum,
3827 3763 3942 3806 seu

2451 3840 2745 3902 Aradiam
2805 3841 3245 3922 possederunt,
3289 3849 3554 3921 angusto
3609 3839 3773 3904 freto
3827 3861 3944 3905 seu

2453 3956 2650 4021 parvo
2681 3938 2905 4020 pelago
2925 3957 2962 4000 a
2979 3939 3294 4004 Phoenicis
3325 3939 3539 4003 littore
3560 3949 3939 4022 separatam,

2455 4037 2806 4099 secundum
2837 4037 3312 4119 Hieronymum.

2536 4135 2836 4217 Sequitur
2876 4135 3199 4216 generatio
3231 4135 3397 4199 Sem.
3429 4139 3600 4198 Filii
3629 4139 3773 4198 Sem
3808 4135 3948 4200 fue—

866 4237 1110 4305 rantur,
1162 4229 1468 4311 quoniam
1525 4229 1715 4292 bellis
1762 4232 1993 4296 attritae
2048 4244 2199 4298 sunt
2243 4236 2344 4300 vel
2375 4239 2427 4302 D
2459 4242 2608 4296 runt
2641 4251 2656 4296 :
2693 4237 2914 4304 Elam,
2943 4253 2981 4296 a
3016 4253 3144 4316 quo
3187 4234 3474 4297 Elamitae
3517 4242 3580 4298 et
3621 4235 3945 4318 principes

864 4326 1167 4407 depulsae,
1198 4334 1265 4389 et
1301 4327 1571 4408 pristina
1613 4330 1874 4393 nomina
1908 4333 2344 4413 perdiderunt..

868 4427 1037 4487 Ckus
1052 4435 1269 4486 aulem
1288 4428 1519 4502 yenuic
1540 4429 1847 4490 Nemrod.
1869 4433 1997 4491 Iste
2016 4434 2205 4508 coepit
2223 4452 2350 4492 esse

856 4533 1082 4600 potens
1116 4525 1189 4582 in
1221 4533 1415 4584 terra.
1446 4523 1671 4586 Omnia
1713 4525 1832 4588 ista
1862 4527 1928 4589 in
1957 4527 2185 4592 Genesi
2224 4529 2352 4592 dif-

861 4619 1011 4683 {use
1051 4621 1340 4702 exposita
1378 4631 1548 4684 sunt.
1590 4623 1859 4688 Nemrod
1900 4627 2042 4703 iste,
2073 4637 2145 4690 ut
2185 4629 2352 4692 Jose-

865 4718 1033 4800 phus
1050 4718 1286 4794 scribit,
1313 4719 1379 4781 in
1402 4723 1927 4786 consuetudinem
1953 4726 2350 4807 tyrannidem

864 4815 1159 4898 arripuit,
1191 4825 1255 4879 et
1284 4836 1450 4882 nova
1478 4819 1827 4901 cupiditate
1856 4825 2186 4904 regnandi,
2211 4824 2352 4906 plu-

870 4914 1065 4977 rimos
1116 4915 1237 4978 sihi
1296 4918 1552 4980 attraxit
1599 4938 1673 4982 ac
1724 4921 2008 4983 subdidit
2048 4939 2063 4983 ε
2105 4941 2268 5004 quos
2315 4943 2354 4986 a

867 5013 1091 5076 divino
1120 5014 1447 5078 retrahens
1477 5016 1676 5094 cultu,
1703 5017 2030 5100 instigavit
2060 5021 2137 5082 ad
2166 5021 2357 5104 Baby-

872 5110 1097 5175 lonicae
1124 5111 1475 5176 aedificium
1508 5116 1723 5178 turris.

949 5213 1263 5272 Mesraim
1312 5232 1457 5273 vero
1496 5216 1729 5291 yenuit
1772 5217 2040 5288 Ludim,
2070 5227 2130 5277 et
2177 5219 2358 5278 Ana-

870 5311 1053 5380 mim,
1112 5320 1174 5371 et
1235 5312 1535 5381 Laabim,
1587 5321 1649 5372 et
1704 5315 2127 5392 Nephelzuim,
2191 5318 2355 5377 Plae-

2455 4332 2727 4394 Persidis
2772 4341 3218 4414 processerunt
3259 4351 3274 4394 :
3315 4333 3531 4414 quiet
3571 4333 3793 4396 urbem
3838 4334 3947 4395 Mi-

2456 4429 2616 4493 tium
2648 4430 2881 4511 legitur
2909 4431 3377 4508 construxisse3
3409 4442 3470 4493 et
3489 4435 3714 4503 Assur,
3747 4451 3786 4494 a
3814 4451 3944 4514 quo

2456 4528 2696 4610 Assyrii
2723 4553 2738 4605 3
2769 4540 2828 4590 et
2857 4532 3245 4607 Arpha-vad,
3277 4549 3316 4592 a
3360 4548 3490 4611 quo
3534 4527 3806 4591 Chaldaei
3835 4554 3848 4604 ;
3881 4542 3945 4592 et

2457 4631 2634 4698 Luci,
2660 4647 2699 4689 a
2744 4646 2873 4708 quo
2915 4627 3132 4710 Lydii;
3175 4638 3234 4688 et
3271 4632 3498 4701 Aram,
3531 4647 3570 4690 a
3611 4646 3739 4709 quo
3775 4627 3937 4710 Syri,

2460 4743 2731 4807 quorum
2784 4726 3156 4808 metropolis
3210 4733 3306 4788 est
3353 4727 3714 4804 DamascuS,
3765 4726 3944 4808 juxta

2461 4822 2620 4886 illud
2663 4823 2732 4885 in
2773 4823 2951 4901 lsaia,
2985 4823 3188 4906 Caput
3230 4823 3425 4907 Syriae
3451 4825 3812 4886 Damascus.
3849 4827 3946 4886 Hi
3999 4847 4080 4890 ι..
4111 4865 4192 4894 vn.
4217 4855 4258 4894 ε.

2459 4932 2613 4983 sunt
2651 4925 2788 5001 filii
2815 4925 3024 4984 Aram
3062 4939 3087 4983 .·
3119 4926 3264 4983 Hus
3301 4932 3361 4983 et
3392 4925 3554 4984 Huc.
3590 4923 3678 4984 lta
3706 4922 3946 4986 hahent

2462 5019 2666 5101 aliqui
2693 5029 2922 5098 tex‘tuS,
2959 5020 3114 5103 quia
3143 5027 3206 5083 et
3247 5019 3314 5082 in
3344 5019 3570 5083 Genesi
3618 5021 3710 5084 sic
3762 5020 3948 5084 habe·
3989 5043 4120 5088 Gen.
4139 5051 4272 5096 1.2.

2463 5125 2590 5180 tur.
2615 5119 3068 5182 Verumtamen
3106 5118 3318 5182 verior
3356 5126 3564 5180 textus
3601 5137 3729 5181 non
3760 5119 3949 5182 habet

2462 5215 2868 5299 complexum
2916 5217 3058 5294 hoc,
3100 5216 3247 5279 Filii
3294 5223 3507 5279 autem
3544 5216 3753 5292 Aram,
3796 5217 3950 5298 quia

2465 5334 2582 5380 nec
2628 5315 2696 5377 in
2743 5315 3003 5379 Hebraeo
3045 5315 3314 5380 habetur
3361 5314 3482 5378 hoc
3532 5313 3694 5378 loco.
3741 5313 3948 5380 Nihilo
