4309 6259
678 1077 789 1121 nist.
819 1076 896 1119 lib.

631 1140 686 1184 111
701 1140 805 1196 Reg.
818 1143 894 1184 (ιδ.

647 2074 704 2118 111
718 2074 825 2129 Req.
837 2086 895 2121 m,

629 2141 655 2181 5
673 2142 716 2181 et
737 2148 831 2191 neq.

657 2370 690 2413 ll
703 2370 809 2426 Rea.
825 2382 894 2419 vu,

631 2437 705 2485 ¹3;
738 2432 753 2475 1
785 2432 895 2475 Par.

628 2509 728 2547 xvu,
752 2496 819 2537 12.

929 480 1048 543 192

1403 499 1751 545 mammo
1794 500 1854 545 IN
1897 499 2034 545 cn.
2082 499 2103 544 1
2145 499 2304 545 unm
2346 499 2599 545 szcmwl
2638 500 3169 547 »ammonianum
3212 520 3294 531 —-
3332 502 3475 547 ΛΒΤ.
3520 502 3541 546 1

923 686 1179 731 monem
1205 669 1456 733 venisse
1495 669 1561 733 in
1599 670 1876 747 Hebron,
1911 678 1982 733 ut
2018 669 2413 733 sacrificaret
2442 670 2491 732 A
2524 688 2597 735 ac
2640 690 2808 734 vere.
2864 674 2940 733 Ut
2978 673 3320 751 inyrediar
3360 682 3420 733 et
3454 675 3754 749 eyrediar
3788 690 4009 731 coram

924 766 990 827 in
1033 768 1216 830 altari
1259 788 1456 847 aene0‚
1494 771 1664 852 quod
1707 768 1944 834 fecerat
1983 770 2244 852 Moysen,
2285 769 2410 831 nisi

925 862 1090 927 forte
1131 865 1334 948 ipsam
1377 868 1626 931 Hebron
1671 868 1988 931 excelsum
2028 866 2283 931 Gabaon
2320 868 2413 929 in-

925 963 1128 1044 telligi
1187 965 1411 1029 voluit.
1474 967 1614 1029 Haec
1671 965 1912 1030 Glossa.
1969 967 2205 1029 Auctor
2261 986 2413 1032 vero

925 1060 1329 1128 Scholasticae
1357 1064 1640 1129 historiae
1673 1082 1688 1129 ε
1721 1065 2030 1143 Creditur,
2052 1065 2286 1147 inquit,
2303 1065 2415 1129 Ga-

923 1158 1088 1223 baon
1135 1180 1261 1225 non
1305 1181 1445 1226 esse
1491 1164 1820 1246 proprium
1865 1182 2096 1227 nornen
2137 1163 2260 1227 loci
2298 1183 2410 1227 seu

922 1259 1165 1341 oppidi,
1199 1261 1308 1323 sed
1338 1262 1816 1344 appellativum,
1843 1271 1904 1325 et
1934 1263 2407 1344 interpretatur,

920 1358 1105 1423 collis
1145 1359 1451 1423 excelsuS.
1483 1360 1794 1443 Josephus
1837 1361 2010 1424 enim
2049 1360 2228 1438 dicit,
2264 1381 2408 1424 eum

921 1458 1284 1521 ascendisse
1315 1458 1378 1520 in
1411 1458 1686 1521 Hebron.

1015 1560 1178 1619 Eece
1219 1568 1434 1619 autem
1472 1560 1546 1618 in
1590 1560 1730 1635 ipsa
1773 1568 1952 1619 nocte
1994 1561 2309 1636 apparuit
2349 1561 2413 1618 ei

920 1660 1115 1727 Deus,
1147 1659 1367 1717 dicens
1397 1677 1419 1716 .·
1447 1659 1721 1719 Postula
1769 1660 1941 1735 quod
1985 1659 2106 1727 viS,
2151 1668 2224 1718 ut
2264 1661 2409 1718 dem

924 1757 1056 1816 tibi.
1071 1756 1384 1835 Dixitque
1402 1758 1709 1817 Salomon
1731 1759 1860 1817 Deo
1874 1773 1898 1816 .·
1917 1760 2010 1817 Tu
2029 1757 2245 1834 fecisti
2262 1777 2409 1816 cum

2514 774 2751 846 populo
2792 780 2921 831 tue.
2954 770 3170 851 Aliqui
3215 770 3456 845 dicunt,
3500 769 3668 850 quod
3712 786 4009 849 egressus

2524 867 2641 930 iste
2679 867 3131 948 intelligendus
3172 878 3269 932 est
3306 888 3421 952 pro
3460 869 3631 931 exitu
3670 868 3747 931 ad
3789 867 4013 950 praelia

2522 984 2638 1049 pro
2669 967 2890 1049 populi
2923 967 3693 1048 defensione3'ingressus
3722 985 3895 1042 vero,
3930 966 4009 1027 ad

2522 1065 3073 1147 praescindendum
3124 1066 3329 1148 plebis
3378 1066 3603 1147 litigia.
3654 1066 3865 1130 Potius
3920 1074 4011 1127 ta-

2521 1183 2667 1227 men
2700 1165 3187 1246 intelligendum
3217 1166 3473 1228 videtur
3504 1166 3622 1229 hoc
3642 1165 3907 1229 verbum
3940 1162 4007 1225 in

2517 1264 2821 1342 generali,
2875 1282 2991 1346 pro
3037 1264 3212 1327 omni
3263 1264 3607 1347 exemplari
3658 1273 3721 1327 et
3749 1262 4005 1327 efficaci

2519 1381 2819 1443 processu
2854 1371 2915 1425 et
2953 1362 3305 1425 directione
3349 1382 3559 1425 coram
3602 1362 3839 1446 populo
3880 1362 4004 1424 sibi

2519 1460 2881 1539 commisso,
2922 1469 2992 1523 ut
3037 1461 3119 1523 sit
3156 1479 3381 1524 sensus
3416 1477 3431 1523 :
3468 1461 3546 1523 Ut
3584 1460 3906 1540 ingrediar
3944 1470 4007 1523 et

2518 1560 2806 1639 egrediar
2845 1578 3057 1623 coram
3104 1560 3343 1643 populo
3389 1568 3519 1637 tuo,
3556 1560 3621 1622 id
3650 1568 3766 1637 est,
3810 1559 4006 1639 digne

2518 1666 2581 1719 et
2615 1656 2969 1721 efficaciter
2996 1678 3105 1721 eos
3144 1676 3357 1738 regam
3390 1658 3564 1720 intus
3603 1667 3667 1721 et
3706 1666 3903 1732 extra,
3939 1658 4003 1720 in

2520 1774 2674 1838 pace
2722 1762 2785 1818 et
2834 1756 3022 1833 bello,
3075 1764 3139 1819 et
3186 1755 3569 1837 exemplaris
3621 1754 3740 1817 sim
3790 1756 3886 1819 eis
3938 1757 4003 1817 in

921 1855 1142 1915 David
1165 1864 1352 1932 patre
1375 1874 1508 1919 meo
1527 1856 2044 1915 misericordiam
2076 1875 2405 1933 maynam,
2446 1856 2492 1919 B
2519 1855 2789 1932 cunetis,
2820 1855 2973 1935 quia
3004 1855 3123 1918 hoc
3162 1854 3435 1917 maxime
3472 1853 3625 1917 aedil·
3629 1854 3751 1917 icat
3790 1855 4007 1917 subdi-

922 1961 984 2013 et
1019 1955 1414 2014 constituisti
1456 1973 1553 2013 me
1595 1955 1666 2013 in
1711 1973 1920 2031 reyem
1952 1973 2077 2031 pro
2115 1974 2207 2014 e0.
2238 1952 2410 2015 Istud

924 2070 1088 2134 pene
1118 2058 1318 2115 totum
1352 2050 1417 2113 in
1450 2051 1636 2113 tertio
1667 2050 1905 2130 Regum
1949 2050 2114 2114 libro
2155 2049 2282 2113 fuit
2308 2071 2413 2113 cx-

923 2150 1224 2234 positum.
1251 2152 1447 2213 Nunc
1471 2171 1644 2227 eryo,
1664 2152 1938 2212 Domine
1969 2154 2163 2222 Deus,
2188 2152 2413 2229 imple·

921 2261 1076 2312 atur
1103 2270 1305 2311 sermo
1340 2260 1514 2319 tuus,
1534 2270 1723 2329 quem
1746 2251 2083 2328 pollicitus
2111 2271 2175 2309 es
2194 2251 2414 2310 David

915 2351 1102 2427 patri
1137 2368 1326 2409 meo:
1365 2348 1470 2411 cui
1514 2346 1865 2430 promisisti
1904 2348 2076 2429 quod
2116 2346 2411 2409 firmabis

925 2447 1224 2509 thronum
1255 2446 1396 2528 ejus
1417 2466 1608 2528 super
1629 2445 1814 2508 Israel
1849 2446 1912 2507 in
1945 2454 2268 2509 aeternum.
2290 2446 2411 2509 Sed

923 2564 1121 2627 quum
1163 2546 1326 2607 Deus
1379 2544 1462 2606 sit
1503 2562 1689 2607 verus
1739 2543 2233 2628 infallibilisque
2272 2564 2413 2627 pro-

921 2644 1172 2719 missor,
1221 2643 1378 2725 quid
1424 2661 1684 2705 necesse
1735 2641 1857 2704 fuit
1905 2661 2108 2720 orare,
2158 2651 2226 2705 ut
2272 2642 2411 2724 ejus

920 2742 1258 2825 promissio
1305 2741 1716 2824 impleretur?
1755 2741 1831 2802 Et
1871 2741 2405 2823 respondendum,

917 2841 1090 2921 quod
1131 2839 1427 2903 Salomon
1471 2838 1659 2903 scivit
1699 2838 1876 2901 illam
1919 2840 2408 2922 promissionem

920 2936 1122 3001 fuisse
1165 2937 1686 3014 conditionatam‚
1737 2945 1847 2999 aut
1891 2936 2409 3001 conditionaliter

2522 1963 2617 2017 tos
2652 1971 2666 2015 :
2700 1963 2763 2017 et
2793 1954 2963 2016 istud
2992 1954 3201 2017 omnis
3234 1953 3347 2035 qui
3386 1952 3704 2035 praesidet,
3748 1972 4006 2035 praeser-

2520 2053 2633 2116 tim
2686 2053 3037 2135 spiritualis
3093 2052 3411 2135 praelatuS,
3464 2060 3679 2134 petere
3726 2052 3915 2115 debet
3968 2072 4005 2115 a

2518 2153 2806 2215 Domino.
2844 2154 3001 2221 Quis
3035 2155 3211 2212 enim
3240 2161 3443 2229 potest
3482 2154 3657 2212 hunc
3682 2156 4003 2231 populum

2521 2261 2705 2312 tuum
2723 2255 2769 2311 d
2775 2252 3077 2330 iyne(qui
3099 2260 3229 2310 tam
3242 2252 3521 2326 yrandis
3538 2250 3658 2326 est)
3660 2250 4008 2326 judicare?

2595 2352 2789 2412 Dioeit
2819 2359 3035 2411 autem
3058 2351 3227 2409 Deus
3256 2350 3343 2409 ad
3363 2351 3770 2410 Salomonem
3787 2369 3809 2407 .·
3832 2351 4005 2416 Quia

2518 2452 2632 2510 Ιιοσ
2662 2451 2868 2526 mayis
2892 2449 3145 2525 placuit
3172 2448 3356 2507 cordi
3391 2456 3519 2519 tu0,
3551 2456 3611 2506 et
3640 2466 3769 2507 non
3792 2456 4009 2524 postu—

2522 2550 2674 2608 lasti
2712 2549 2986 2607 divitias
3022 2556 3084 2606 et
3126 2547 3555 2607 substantiam
3596 2555 3655 2605 et
3690 2546 4002 2623 yloriam,

2518 2666 2720 2725 neque
2762 2646 3017 2706 animas
3053 2664 3273 2704 eorum
3318 2646 3436 2724 qui
3474 2653 3531 2703 te
3565 2646 3859 2714 oderunt,
3896 2647 4009 2703 sed

2519 2764 2631 2803 nec
2658 2746 2795 2804 dies
2824 2744 2973 2804 vitae
2993 2744 3319 2820 plurimos
3328 2766 3355 2814 ,·
3392 2742 3613 2818 petisti
3649 2752 3865 2802 autem
3904 2762 4007 2801 sa-

2510 2844 2831 2921 pientiam
2872 2850 2932 2901 et
2968 2843 3333 2912 scientiam,
3370 2850 3442 2901 ut
3456 2840 3767 2917 judicare
3794 2843 4004 2917 possis

2510 2945 2827 3021 populum
2866 2960 3110 3010 meum,
3138 2959 3331 3017 super
3374 2959 3559 3017 quem
3598 2941 3907 3000 constitui
3950 2949 4007 2999 te

916 3036 1420 3118 intelligendam,
1464 3044 1685 3118 utpote
1736 3036 1865 3099 nisi
1919 3038 2160 3119 posteri
2207 3035 2405 3102 David
2440 3036 2483 3101 C
2514 3060 2725 3118 reyem
2754 3060 2777 3100 .·
2804 3039 3129 3117 sapientia
3158 3048 3219 3099 et
3246 3038 3517 3098 scientia
3548 3040 3707 3098 data
3732 3047 3887 3098 sunt
3924 3041 4006 3099 ti-

917 3135 1082 3216 regis
1113 3134 1434 3217 peccando
1473 3141 1786 3216 ponerent
1825 3134 2070 3198 obicem
2102 3135 2409 3217 adimple-

917 3233 1076 3296 tioni
1123 3232 1564 3315 promissionis
1609 3232 1871 3296 divinae.
1919 3232 2062 3296 ldeo
2107 3232 2407 3296 Salomon

901 3332 1100 3415 petiit
1127 3332 1392 3413 gratiam
1424 3331 1932 3414 praeservationis
1965 3350 2080 3414 pro
2110 3351 2179 3394 se
2210 3341 2273 3395 et
2303 3350 2411 3414 po-

915 3431 1101 3493 steris
1129 3429 1211 3493 ab
1239 3430 1606 3511 hujusmodi
1639 3429 1846 3493 obice.
1877 3434 1968 3491 Tu
1991 3433 2167 3491 enim
2195 3433 2410 3511 fecisti

917 3550 1016 3591 me
1051 3548 1261 3607 reyem
1297 3549 1489 3605 super
1521 3532 1842 3607 populum
1882 3539 2067 3590 tuum
2098 3533 2403 3602 multum,

915 3631 1032 3709 qui
1084 3638 1214 3689 tam
1261 3629 1762 3689 innumerabilis
1811 3638 1900 3688 est
1949 3647 2148 3705 quam
2184 3630 2409 3705 pulvis

919 3737 1123 3789 terroe.
1159 3726 1284 3789 Hoc
1323 3744 1436 3808 per
1474 3725 1734 3788 modum
1773 3724 2202 3808 hyperbolicae
2242 3726 2409 3789 locu-

917 3824 1112 3888 tionis
1160 3832 1256 3887 est
1303 3823 1767 3906 accipiendum,
1819 3824 1896 3886 ad
1950 3823 2407 3887 insinuandum

918 3924 1102 3988 valde
1130 3922 1452 4004 copiosam
1485 3922 1694 4005 plebis
1736 3921 1910 3984 illius
1951 3922 2402 4004 pluralitatem.

2516 3141 2601 3199 bi.
2636 3138 2919 3220 Divitias
2956 3146 3171 3197 autem
3207 3146 3266 3196 et
3305 3137 3733 3197 substantiam
3770 3146 3831 3196 et
3862 3140 4006 3213 ylo-

2515 3240 2690 3297 rsam
2724 3222 2897 3296 dabo*
2932 3236 3075 3305 tibi,
3104 3236 3199 3294 ica
3244 3243 3317 3294 uc
3354 3236 3579 3294 nunus
3618 3234 3691 3293 in
3720 3236 4003 3310 requae,

2516 3356 2631 3396 nee
2654 3343 2827 3405 ante,
2860 3354 2975 3395 nec
2996 3342 3140 3410 post
3172 3343 3250 3403 te,
3280 3332 3486 3411 fuerit
3514 3333 3753 3392 similis
3785 3334 3885 3392 tui
3892 3379 3907 3393 .

2606 3437 2791 3496 Venit
2826 3453 2972 3510 erqo
3001 3437 3307 3495 Salomon
3342 3434 3422 3492 ab
3457 3434 3697 3491 excelso
3738 3434 4003 3493 Gabaon

2517 3536 2589 3594 in
2618 3535 2996 3595 Jerusalem.
3030 3529 3139 3591 His
3173 3527 3383 3594 verbis
3413 3528 3479 3589 in
3508 3526 3831 3609 aliquibus
3876 3536 4005 3591 tex-

2518 3630 2689 3693 tibus
2718 3627 3229 3704 additur,coram
3260 3627 3665 3687 tabernaculo
3694 3628 4003 3705 foederis:

2516 3730 2687 3810 quod
2726 3725 3178 3791 difficultatem
3220 3723 3485 3800 inducit,
3512 3742 3713 3805 quum
3756 3722 3999 3786 dictum

2517 3828 2622 3905 sit,
2673 3826 2844 3908 quod
2904 3821 3380 3887 tabernaculum
3441 3820 3699 3885 foederis
3746 3821 4001 3885 Domini

2517 3924 2722 3987 adhuc
2754 3922 2878 3985 fuit
2907 3922 2973 3983 in
3002 3919 3273 3983 Gabaon.
3299 3918 3537 3981 Idcirco
3567 3918 3687 3981 hoc
3720 3918 3856 3981 loco
3886 3938 4003 4001 per

915 4022 1092 4085 Unde
1140 4020 1327 4085 tertio
1375 4021 1541 4084 libro
1589 4021 1826 4101 Regum
1879 4021 2135 4098 dicitur,
2183 4020 2402 4103 Populi
2514 4021 2993 4085 tabernaculum
3046 4017 3325 4094 foederiS‚
3376 4015 3753 4097 intelligitur
3794 4017 4001 4079 taber—

917 4119 1185 4183 infiniti.
1230 4120 1457 4201 Sicque
1500 4119 1568 4181 in
1610 4119 1858 4182 Psalmo
1901 4126 2193 4182 cantatur
2237 4137 2252 4181 ε
2294 4120 2407 4182 Α5-
2514 4120 2810 4184 naculum
2853 4116 2919 4180 in
2963 4116 3133 4199 quod
3172 4114 3367 4179 David
3418 4114 3849 4177 introduxerat
3884 4134 3999 4177 ar-

916 4219 1198 4283 cendunt
1245 4236 1450 4299 usque
1501 4218 1579 4279 ad
1628 4218 1846 4294 coeloS,
1899 4226 1961 4281 et
2007 4217 2403 4281 descendunt
2432 4223 2481 4285 D
2512 4239 2671 4283 cam.
2726 4217 2883 4280 Hinc
2926 4214 3113 4279 tertio
3159 4214 3400 4295 Regum
3460 4213 3763 4296 scriptum
3824 4222 3922 4277 est
3974 4234 3988 4277 ε

915 4335 1119 4399 usque
1146 4316 1225 4379 ad
1255 4316 1538 4397 abyssos,
2510 4318 2842 4398 Quumque
2869 4313 3149 4379 venisset
3174 4312 3542 4389 Jerusalem,
3576 4311 3750 4374 stetit
3779 4330 3989 4375 coram
4032 4332 4247 4409 niueam.

994 4417 1098 4476 Da
1137 4415 1305 4475 mihi
1339 4415 1730 4491 sapientiam
1771 4423 1832 4474 et
1871 4414 2396 4491 intelliyentiam.
2509 4436 2655 4481 arca
2685 4413 2942 4478 foederis
2982 4412 3255 4476 Domini.
3300 4410 3529 4492 Sicque·
3562 4410 3822 4493 exponit
3858 4412 3994 4476 Hie·
4024 4400 4083 4438 ¹³·

625 4037 886 4143 8inflemur,

623 4133 704 4207 13⁸.
719 4178 799 4211 evi.
818 4166 886 4207 26.

912 4512 1028 4575 Per
1058 4510 1434 4594 sapientiam
1466 4519 1674 4593 potest
1709 4510 1981 4591 intelligi
2023 4511 2196 4574 clara
2239 4512 2403 4574 noti-

913 4611 1002 4674 tia
1040 4610 1196 4691 legis
1228 4610 1482 4686 divinae,
1516 4618 1580 4672 et
1617 4618 2078 4692 praeceptorum
2123 4609 2264 4691 ejus
2300 4611 2401 4692 ju-

911 4708 1236 4773 dicialium
1270 4727 1342 4773 ac
1365 4707 1606 4791 jurium
1638 4708 2040 4785 divinorum3
2078 4728 2191 4791 per
2222 4709 2402 4772 intel-

909 4806 1239 4888 ligentiam
1268 4826 1441 4885 vero,
1477 4807 1815 4889 prudentia
1847 4826 1957 4870 seu
1999 4806 2301 4871 discretio
2332 4808 2397 4870 in

909 4907 1100 4969 rebus
1121 4905 1494 4987 actibusque
1514 4906 1827 4983 humaniS,
1846 4926 1958 4969 seu
1979 4906 2399 4988 positivarum

907 5004 1190 5085 cognitio
1211 5003 1419 5083 legum
1442 5022 1514 5066 ac
1531 5004 1773 5086 jurium
1797 5004 2401 5069 humanorum.1mo

899 5103 1206 5167 Salomon
1256 5101 1441 5184 petiit
1489 5102 1613 5166 sibi
1653 5102 1789 5166 dari
1831 5101 2238 5185 prudentiam
2290 5122 2401 5185 po-

909 5202 1173 5280 liticam,
1199 5201 1679 5279 oeconomicam,
1703 5210 1767 5265 et
1797 5202 2094 5279 ethicam,
2128 5201 2209 5264 ad
2238 5201 2401 5283 judi-

901 5301 1181 5364 candum
1203 5320 1277 5365 ac
1296 5300 1783 5366 discernendum
1815 5300 1881 5363 in
1913 5300 2213 5365 omnibus
2228 5300 2401 5382 juste

2510 4534 2835 4599 ronymuS.
2870 4516 2955 4575 Et
2994 4513 3292 4589 reynavit
3336 4530 3527 4588 super
3564 4514 3789 4571 Israel.
3838 4514 3993 4573 s'on-

2502 4615 2922 4693 9re9avitque
2947 4612 3073 4671 sibi
3100 4630 3332 4670 currus
3359 4618 3419 4669 et
3446 4610 3721 4688 equites‚·
3740 4619 3800 4670 et
3827 4611 3993 4688 facti

2506 4722 2657 4773 sunt
2685 4714 2748 4770 ei
2776 4712 2956 4770 mille
2982 4709 3451 4789 quadrinyenti
3478 4726 3739 4777 currus,
3757 4717 3817 4768 et
3846 4711 3991 4768 duo-

2507 4812 2715 4871 decim
2744 4810 2961 4869 millia
2989 4808 3281 4887 equitum
3300 4830 3326 4878 ,·
3352 4815 3411 4865 et
3439 4805 3593 4881 fecit
3622 4826 3721 4865 eos
3757 4826 3882 4867 esse
3918 4809 3987 4867 in

2510 4910 2773 4969 urbibus
2801 4907 3300 4987 quadriyarum,
3332 4914 3393 4964 et
3430 4924 3579 4964 cum
3616 4924 3759 4981 reye
3795 4906 3869 4965 in
3892 4908 3992 4965 Je-

2507 5010 2811 5068 rusalem.
2832 5004 3247 5081 Proebuitque
3275 5022 3391 5063 rex
3419 5022 3612 5079 aryen
3623 5012 3759 5064 tum
3794 5012 3853 5061 et
3882 5022 3992 5061 au-

2506 5126 2658 5166 rum
2686 5106 2761 5165 in
2788 5105 3143 5163 Jerusalem
3175 5102 3365 5181 quasi
3396 5102 3667 5178 lapides,
3692 5110 3753 5160 et
3779 5102 3992 5160 cedros

2507 5204 2698 5283 quasi
2714 5220 3071 5279 sycomoros
3096 5220 3241 5279 quae
3268 5208 3631 5259 nascuntur
3652 5199 3727 5259 in
3752 5216 3993 5275 campe-

2506 5302 2773 5371 stribus,
2810 5300 3239 5361 multitudine
3274 5317 3536 5376 magna.
3568 5298 3993 5359 Adduceban-
