4309 6259
1190 508 1535 555 mannum
1578 509 1639 554 ΙΝ
1682 509 1818 555 ΕΑΡ.
1864 508 1970 554 xx!
2012 502 2137 555 1013.
2183 528 2264 537 —
2306 506 2447 555 ΛΒΤ.
2493 506 2658 554 van

3347 483 3464 552 579

366 677 613 760 optime
659 679 1039 763 dispositiva
1085 699 1156 742 ac
1198 678 1566 761 judicativa.
1608 680 1747 741 ldeo
1797 679 1861 739 in
1894 679 1943 740 A
1974 679 2145 741 enim
2177 700 2253 742 ex
2285 688 2686 761 putrescente
2716 681 3042 743 cadavere.
3079 680 3220 742 Ideo
3251 679 3460 741 Eccle-

93 776 527 838 1³.xn.u.lsaia
576 778 809 858 legitur
862 796 875 839 ε
930 778 1083 839 Cum
1135 796 1262 859 quo
1304 777 1452 839 iniit
1496 777 1857 853 consilium,

361 884 425 936 et
461 875 767 938 instruxit
812 896 983 951 eum,
1018 885 1081 937 et
1124 876 1343 939 docuit
1385 895 1529 939 eum
1570 875 1859 938 semitam

354 974 649 1053 justitiae,
669 984 733 1037 et
762 974 1039 1037 erudivit
1060 993 1207 1036 eum
1237 974 1589 1050 scientiam,
1608 983 1671 1036 et
1692 973 1857 1036 viam

356 1072 723 1152 prudentiae
752 1072 1031 1135 ostendit
1061 1072 1199 1134 illi'f
1231 1074 1358 1142 Qui
1384 1077 1653 1131 excelsos
1666 1074 1861 1149 judi-

352 1180 485 1240 cat,
514 1179 735 1253 utpote
764 1171 1013 1253 judices
1043 1171 1336 1247 aliorum,
1362 1171 1657 1233 videlicet
1688 1170 1858 1251 prin-

353 1268 534 1350 cipes
566 1278 771 1347 terrae,
792 1270 1087 1352 praelatos
1113 1269 1429 1345 Ecclesiae,
1452 1269 1561 1331 sed
1587 1276 1650 1331 et
1673 1287 1857 1348 ange-

355 1367 517 1430 licos
550 1368 840 1450 spiritus,
867 1386 1139 1450 quorum
1172 1368 1239 1430 in
1270 1368 1588 1450 principio
1608 1376 1855 1449 partem

350 1468 661 1547 grandem
697 1468 1049 1545 damnavit,
1082 1477 1143 1530 et
1186 1468 1343 1530 alios
1374 1466 1791 1530 beatificavit.

433 1564 915 1646 Consequenter
948 1565 1165 1628 subdit
1185 1566 1265 1628 dc
1291 1564 1622 1628 hominum
1652 1564 1855 1627 diver-

352 1680 421 1722 sa
463 1662 846 1744 patientium
886 1681 999 1725 seu
1038 1662 1485 1745 recipientium
1524 1662 1854 1725 diversita-

352 1767 438 1836 te,
488 1762 569 1822 ad
620 1760 1167 1844 comprobandum
1216 1762 1383 1842 quod
1441 1760 1852 1825 adversitates

1973 778 2267 839 sias'ticus
2297 778 2386 840 ait
2419 796 2432 840 ε
2467 777 2670 851 Quum
2701 778 3007 841 morietur
3034 778 3247 853 homo,
3283 777 3458 841 here·
3491 794 3747 845 acclama.

1971 875 2200 938 ditabit
2247 885 2571 957 serpentes
2619 885 2681 939 et
2727 895 2990 939 vermes,
3043 876 3220 939 Unde
3267 894 3460 958 supra

1967 974 2095 1053 jam
2130 975 2419 1037 dixitJob
2454 991 2467 1036 :
2501 974 2826 1037 Putredini
2855 975 2986 1036 dixi
3025 992 3038 1035 :
3071 975 3249 1037 Pater
3278 994 3454 1037 meus
3483 991 3566 1034 που
3580 994 3749 1041 mma.

1968 1092 2056 1149 eS,
2092 1081 2292 1137 mater
2319 1093 2495 1147 mea;
2530 1081 2592 1136 et
2621 1092 2798 1136 soror
2828 1093 2990 1151 mea,
3026 1074 3370 1138 vermibuS.

2046 1172 2133 1233 Ex
2165 1171 2532 1253 praehabitis
2563 1172 2785 1234 beatus
2813 1172 2927 1234 Job
2969 1180 3188 1235 contra
3215 1173 3454 1235 amicos

1966 1289 2115 1333 suos
2144 1270 2384 1334 invicta
2412 1271 2696 1351 loquitur
2725 1270 3106 1334 invectione.
3144 1274 3318 1331 Certe
3345 1292 3456 1331 no-

1968 1371 2035 1428 vi
2061 1372 2472 1446 cogitationes
2503 1380 2765 1440 vestras,
2799 1369 3032 1450 quibus
3071 1388 3174 1431 me
3213 1370 3278 1431 in
3319 1388 3455 1432 cor-

1965 1467 2151 1530 dibus
2196 1468 2422 1531 vestris
2461 1468 2872 1532 contemnitis
2911 1476 2974 1531 et
3014 1468 3349 1545 damnatiS,
3385 1476 3455 1529 ut

1964 1587 2039 1629 ex
2082 1566 2309 1629 vestris
2353 1566 2542 1630 elicio
2583 1566 2818 1643 verbiS,
2851 1578 2910 1627 et
2937 1570 3283 1629 sententias
3311 1588 3456 1627 con·-

1966 1677 2065 1727 tra
2096 1688 2196 1727 me
2224 1669 2511 1747 iniquae,
2549 1667 2612 1729 id
2651 1675 2745 1729 est
2787 1686 3082 1731 erroneas
3118 1667 3453 1750 opiniones
3561 1710 3567 1715 -

1963 1765 2200 1845 quibus
2253 1766 2690 1830 contradicitis
2727 1766 2909 1827 mihi.
2945 1768 3180 1827 Dicitis
3226 1770 3398 1827 enim
3431 1785 3455 1827 .·

350 1857 500 1921 vitae
536 1860 871 1941 praesentis
913 1878 1042 1922 non
1081 1860 1210 1920 sint
1245 1860 1625 1940 generaliter
1667 1859 1853 1942 puni-
1880 1860 1925 1921 B
1970 1866 2090 1927 Ubi
2116 1875 2206 1926 est
2244 1869 2472 1925 domus
2507 1868 2832 1943 principis
2856 1868 2885 1925 ἐ
2914 1874 2975 1951 et
3008 1867 3122 1925 ubi
3161 1869 3454 1926 taberna·

352 1956 563 2021 tiones
592 1958 946 2040 culparum,
962 1976 1079 2021 nec
1110 1958 1560 2041 prosperitates
1591 1958 1852 2040 praemia

351 2056 483 2118 sint
512 2056 829 2119 virtutum
862 2056 929 2117 in
960 2056 1093 2119 vita
1120 2056 1261 2119 hac.
1294 2060 1421 2118 Iste
1452 2059 1729 2117 moritur
1760 2076 1851 2115 ro-

350 2158 575 2217 bustus
593 2164 653 2215 et
680 2176 905 2225 samo-3,
925 2157 1104 2215 dives
1132 2165 1191 2215 ec
1217 2156 1425 2233 feli-x:
1444 2154 1505 2217 id
1538 2163 1655 2231 est,
1683 2174 1848 2217 unus

350 2252 618 2334 iniquus
657 2272 864 2335 usque
900 2254 979 2316 ad
1010 2262 1261 2335 tempus
1306 2254 1494 2315 morti
1537 2273 1666 2316 suae
1698 2253 1851 2315 vici-

350 2371 533 2429 num,
566 2351 733 2414 vivit
771 2360 835 2413 et
874 2360 1203 2433 permanet
1247 2352 1312 2413 in
1355 2351 1579 2415 robore
1626 2352 1851 2413 sanita-

347 2457 543 2531 teque
583 2449 891 2532 corporiS‚
934 2448 999 2512 in
1052 2449 1295 2513 divitiis
1343 2468 1600 2532 quoquc
1644 2458 1706 2512 et
1761 2449 1853 2512 se—

348 2548 595 2611 licitate
651 2550 1004 2625 mundana,
1067 2549 1417 2611 secundum
1479 2549 1847 2631 opinionem

349 2648 704 2709 humanam
734 2665 1065 2709 erroneam
1098 2647 1307 2709 taliter
1333 2648 1653 2730 appellata
1683 2666 1696 2709 :
1724 2667 1853 2729 qua

348 2746 588 2827 aliquis
627 2744 863 2809 dicitur
902 2743 1077 2821 felix,
1122 2746 1276 2827 quia
1310 2748 1391 2808 ad
1444 2754 1671 2809 nutum
1726 2747 1851 2809 sibi

350 2844 417 2906 in
450 2843 723 2907 terrenis
744 2843 1236 2924 carnalibusque
1261 2844 1565 2907 succedit.
1600 2848 1853 2906 Viscera

346 2945 491 3020 ejus
512 2946 715 3019 plena
754 2951 907 3003 sunt
935 2943 1152 3018 adipe,
1184 2941 1297 3023 qui
1338 2962 1413 3005 ex
1459 2942 1849 3005 abundantia

1957 1968 2106 2024 cula
2137 1966 2494 2041 impiorum
2517 1967 2548 2024 ?
2577 1963 2760 2045 quasi
2790 1963 3015 2026 dicatis
3051 1980 3065 2025 :
3099 1964 3260 2026 Deus
3284 1964 3454 2045 prin-

1958 2060 2133 2141 cipes
2166 2060 2420 2142 iniquos
2450 2080 2579 2124 non
2609 2061 2717 2123 diu
2751 2080 3013 2142 regnare
3035 2062 3369 2142 permittit,
3390 2070 3454 2123 et

1960 2159 2303 2241 impiorum
2343 2159 2764 2235 mansionem,
2811 2160 3077 2240 prolem,
3114 2157 3447 2235 familiam,

1958 2276 2111 2339 opes
2142 2257 2496 2333 subvertit3
2532 2277 2644 2339 per
2674 2258 2794 2321 hoc
2825 2257 3246 2333 insinuantes„
3281 2258 3450 2338 quod

1959 2373 2075 2435 ego
2113 2374 2258 2418 cum
2307 2355 2524 2417 sobole
2573 2365 2763 2437 atque
2818 2355 3066 2418 familia
3111 2374 3273 2431 mea,
3312 2374 3456 2437 pro-

1961 2463 2096 2535 pter
2124 2462 2383 2536 peccata
2412 2472 2551 2517 mea
2587 2463 2651 2516 ct
2687 2473 2930 2531 eorum,
2967 2454 3168 2516 simus
3197 2473 3455 2535 percus-

1961 2552 2037 2614 si.
2072 2553 2200 2614 1-loc
2236 2552 2409 2615 enim
2460 2552 2650 2615 amici
2692 2552 2810 2615 Job
2857 2554 2989 2633 jam
3039 2571 3209 2634 saepe
3257 2551 3452 2615 locuti

1962 2660 2130 2728 sunt,
2168 2652 2246 2713 ad
2290 2651 2740 2714 adstruendum
2790 2652 2960 2733 quod
3002 2650 3187 2714 bonis
3231 2668 3456 2733 prove-

1962 2750 2141 2811 niant
2171 2768 2494 2832 prospera,
2532 2757 2596 2812 et
2632 2749 2882 2813 vitiosis
2921 2750 3188 2812 adversa
3220 2766 3234 2810 ε
3269 2750 3453 2830 cujus

1961 2848 2114 2911 dicti
2147 2847 2492 2911 falsitatem
2522 2848 2802 2912 ostendit
2833 2866 2907 2911 ex
2937 2847 3235 2910 concordi
3267 2866 3457 2928 gene-

1964 2945 2210 3027 ralique
2240 2946 2528 3008 omnium
2561 2945 2949 3027 sapientium
2982 2944 3369 3008 testimonio.

343 3039 642 3103 alimenti
690 3038 1119 3121 producitur:
1163 3059 1291 3121 quo
1340 3041 1599 3103 nomine
1652 3042 1851 3103 abun·
1889 3050 1932 3113 C
2043 3047 2443 3121 Inter-royate
2461 3047 2802 3126 quemlibet
2823 3049 2902 3105 de
2925 3048 3280 3106 viatoribus
3299 3062 3322 3105 .·
3341 3043 3454 3126 qui

348 3138 569 3202 dantia
607 3138 955 3220 opulentiae
996 3138 1387 3217 designatur.
1424 3143 1509 3201 Ec
1551 3144 1852 3201 medullis

348 3261 489 3301 ossa
530 3240 717 3299 illius
756 3240 1131 3315 irriyantur
1165 3238 1304 3299 :ita
1353 3238 1523 3320 quod
1571 3239 1851 3300 lautissi-

349 3339 473 3401 mis
512 3337 799 3400 abundat
842 3335 1121 3413 cibariiS,
1172 3337 1473 3418 intusque
1519 3337 1852 3419 pinguedi-

353 3457 460 3515 ne,
511 3436 1051 3518 quemadmodum
1098 3434 1167 3497 in
1214 3436 1481 3498 Jeremia
1528 3434 1847 3499 habetur:

85 3549 322 3603 mmm,
353 3535 610 3598 Fertilis
658 3532 783 3595 fuit
820 3533 997 3596 Moab
1030 3534 1112 3596 ab
1153 3534 1583 3598 adolescentia
1622 3554 1757 3611 sua,
1790 3542 1853 3597 et

75 3618 131 3654 Η·
356 3633 679 3716 requievit
715 3633 783 3694 in
830 3631 1095 3695 faeeibus
1135 3632 1289 3695 Suis,
1326 3636 1518 3695 Alius
1549 3655 1692 3694 vero
1724 3654 1852 3695 mo-

352 3736 535 3793 ritur
574 3735 650 3792 in
689 3732 1140 3792 amaritudine
1170 3734 1411 3793 animae
1443 3754 1577 3793 suoe
1618 3735 1851 3812 absque

353 3834 512 3892 ullis
543 3833 771 3909 opibus
802 3848 827 3890 .·
863 3829 949 3891 ita
985 3830 1155 3910 quod
1188 3830 1380 3893 etiam
1422 3840 1616 3893 totam
1653 3831 1848 3894 vitam

354 3948 539 3992 suam
579 3928 767 4012 quasi
804 3927 1107 4011 expendit
1145 3928 1211 3990 in
1249 3928 1613 3993 afflictione
1659 3939 1851 4011 atquc

354 4028 599 4110 inopia.
632 4028 867 4091 Horum
907 4027 1269 4109 exemplum
1304 4029 1367 4089 in
1399 4028 1742 4109 Evangelio
1772 4029 1853 4091 lc-

74 4149 329 4203 m,„.‚19-
354 4127 529 4207 gitur
562 4128 645 4189 de
686 4144 967 4208 paupere
1010 4126 1239 4188 Lazaro
1284 4135 1346 4188 et
1390 4127 1587 4189 divite
1631 4129 1850 4209 epulo-

1963 3143 2216 3207 diversa
2247 3142 2768 3224 perambulando,
2793 3144 3131 3220 audiendo,
3160 3142 3448 3217 vidend0‚

1963 3242 2028 3304 in
2066 3241 2286 3303 multis
2327 3242 2566 3323 experti
2606 3250 2668 3304 et
2713 3242 2881 3304 docti
2923 3250 3092 3317 sunt,
3127 3241 3457 3322 multaque

1962 3348 2252 3421 pensant,
2287 3348 2476 3422 prout
2511 3338 2992 3402 Ecclesiasticus
3037 3340 3261 3402 asserit
3298 3358 3311 3400 :
3345 3339 3456 3403 Vir
3535 3366 3684 3411 Boou.

1964 3437 2027 3499 in
2076 3436 2296 3499 multis
2337 3445 2656 3523 expertus
2705 3436 3008 3517 cogitabit
3057 3438 3278 3499 multa.
3315 3437 3451 3513 Vel,
3484 3432 3684 3482 ¹¹¹¹V29·

1961 3537 2045 3598 De
2074 3536 2448 3613 viatoribuS,
2485 3536 2551 3599 id
2579 3544 2675 3599 est
2711 3536 3014 3599 virtuosis
3055 3535 3450 3612 hominibuS,

1959 3635 2069 3716 qui
2108 3635 2228 3698 hoc
2270 3635 2510 3697 mundo
2553 3634 2730 3697 velut
2769 3633 3014 3710 exsilio,
3049 3643 3111 3697 et
3155 3634 3274 3697 hac
3323 3633 3456 3697 vita

1960 3734 2143 3815 quasi
2183 3733 2288 3796 via
2336 3741 2603 3795 utuntur
2639 3733 2717 3794 ad
2767 3732 3036 3813 patriam
3074 3749 3087 3794 :
3121 3733 3232 3814 qui
3277 3750 3454 3815 pere-

1960 3833 2126 3912 grini
2159 3832 2224 3894 in
2257 3832 2489 3894 saeculo
2520 3831 2642 3894 isto
2671 3839 2839 3906 sunt,
2867 3830 3031 3893 sicut
3057 3830 3136 3891 ad
3157 3830 3450 3893 Hebraeos

1961 3932 2039 3994 de
2071 3930 2315 3993 Sanctis
2352 3930 2583 3992 veteris
2612 3928 2998 3992 Testamenti
3035 3927 3259 3991 scribit
3288 3928 3452 4009 Apo-

1961 4029 2184 4105 stoluS,
2205 4027 2600 4091 Confitentes
2632 4028 2786 4109 quia
2815 4025 3135 4110 peregrini
3168 4034 3230 4089 et
3261 4026 3451 4090 adve-
3478 4042 3750 4095 amatia.

1962 4146 2057 4190 nae
2081 4136 2230 4189 sunt
2251 4146 2442 4208 super
2467 4136 2713 4190 terram.
2734 4126 2939 4207 Atque
2961 4125 3292 4187 Psalmista
3321 4142 3335 4186 ε
3362 4124 3449 4187 Ne
3493 4132 3744 4195 fannia.

356 4245 459 4288 ne.
495 4226 735 4287 Tamen
778 4225 950 4305 quod
994 4224 1104 4301 ait,
1145 4224 1325 4287 Alius
1364 4244 1512 4289 vero
1557 4227 1845 4305 moritur,
1884 4236 1932 4297 D
1960 4226 2172 4303 sileaS,
2211 4224 2516 4306 quoniam
2555 4225 2800 4289 advena
2843 4242 2958 4303 ego
3001 4244 3140 4286 sum
3175 4224 3344 4306 apud
3389 4231 3450 4286 te
3482 4218 3546 4261 ¹³·

352 4332 565 4406 potest
601 4323 836 4405 exponi
865 4323 945 4385 de
982 4322 1110 4384 alio
1141 4322 1361 4406 impio.
1397 4325 1570 4387 Unus
1612 4326 1848 4389 etenim

354 4423 595 4506 impius
629 4430 761 4485 tota
798 4442 911 4484 sua
942 4422 1076 4484 vita
1103 4421 1384 4484 abundat
1415 4433 1479 4487 et
1513 4443 1852 4507 prospera-

354 4531 481 4599 tur,
514 4520 643 4584 alio
676 4521 875 4603 impio
901 4520 1140 4601 jugiter
1170 4522 1587 4604 quoadusque
1620 4523 1725 4584 hic
1758 4522 1851 4587 vi-

354 4621 467 4697 vit,
503 4619 921 4682 adversitates
957 4627 1020 4682 et
1056 4619 1380 4701 penuriaS‚
1416 4640 1489 4683 ac
1532 4629 1853 4703 postremo

354 4719 563 4783 diram
604 4726 875 4782 mortem
918 4716 1184 4782 ferente.

438 4820 525 4878 Ec
556 4827 771 4877 tamen
799 4818 1002 4877 simul
1028 4819 1102 4877 in
1124 4820 1393 4894 pulvere
1417 4821 1768 4888 dormient,
1790 4818 1852 4881 id

358 4924 479 4993 est,
514 4913 952 4997 pariformiter
984 4914 1052 4976 in
1092 4916 1385 4997 sepulcro
1424 4925 1737 4997 quantum
1776 4918 1855 4979 ad

358 5032 594 5095 corpus
638 5012 972 5094 quiescent
998 5036 1012 5086 ;
1041 5024 1101 5073 ec
1136 5034 1379 5074 vermes
1407 5017 1701 5091 operient
1728 5035 1850 5089 eos,

362 5115 425 5176 id
456 5120 555 5177 est
582 5130 851 5193 corpora
888 5128 1132 5187 eorum,
1164 5131 1365 5193 quum
1399 5114 1711 5195 coeperint
1742 5133 1859 5195 pu-

100 5227 329 5283 namn.
362 5210 609 5275 trefieri
641 5218 706 5273 et
738 5209 971 5273 resolvi
1006 5228 1021 5271 t
1053 5211 1233 5291 juxta
1271 5210 1432 5273 illud
1468 5210 1665 5289 lsaiae,
1698 5211 1857 5294 Ope-

362 5311 715 5372 rimentum
756 5315 935 5372 tuum
974 5316 1163 5372 erunt
1202 5327 1469 5373 vermes.
1504 5310 1859 5373 Nascuntur

1961 4333 2023 4388 ct
2052 4323 2448 4407 peregrinuS,
2471 4324 2635 4385 sicut
2663 4342 2886 4387 omnes
2918 4331 3132 4406 patres
3163 4322 3311 4387 mei.
3331 4322 3454 4384 Pri-

1963 4442 2068 4486 mo
2095 4440 2352 4504 quoque
2382 4421 2904 4504 Paralipomenon
2946 4421 3110 4485 libro
3140 4421 3334 4485 David
3364 4420 3456 4484 lo-

1964 4521 2184 4603 quitur
2225 4522 2352 4583 Deo
2388 4537 2402 4582 :
2435 4519 2753 4599 Peregrini
2805 4539 3027 4582 sumus
3066 4522 3238 4603 apud
3287 4528 3346 4585 te
3393 4528 3458 4583 et
3501 4538 3747 4589 reanum,

1963 4621 2247 4696 advenae,
2279 4618 2444 4681 sicut
2470 4637 2690 4681 omnes
2721 4626 2934 4700 patres
2969 4620 3194 4682 nostri.
3218 4622 3306 4680 Et
3325 4623 3458 4682 haec
3486 4603 3552 4645 ¹⁵·

1962 4722 2186 4780 eadem
2215 4736 2356 4798 quae
2385 4725 2606 4780 contra
2634 4735 2745 4781 vos
2773 4716 2926 4792 dixi,
2961 4724 3024 4779 et
3051 4718 3280 4794 dicam,
3309 4738 3456 4778 eum

1964 4819 2325 4894 intelliqere
2351 4818 2750 4894 cognoscetis,
2783 4824 3002 4897 utpote
3035 4816 3206 4896 quod
3239 4816 3304 4878 in
3336 4816 3458 4878 hoe

1965 4915 2198 4979 saeculo
2229 4933 2356 4978 non
2399 4914 2518 4977 fiat
2557 4913 2774 4976 finalis
2810 4913 3148 4977 retributio
3183 4932 3298 4996 pro
3327 4932 3459 4976 me-

1968 5014 2107 5075 ritis
2135 5021 2327 5094 atque
2349 5011 2697 5087 demeritiS,
2717 5012 3022 5093 quodque
3041 5010 3455 5074 adversitates

1968 5132 2097 5176 non
2126 5110 2342 5192 impiis
2365 5118 2634 5186 tantum,
2660 5110 2770 5172 sed
2803 5109 2994 5189 justis
3027 5126 3282 5190 quoque
3312 5127 3462 5171 con-

1970 5212 2240 5292 tingant,
2272 5227 2348 5272 eo
2377 5209 2546 5289 quod
2585 5207 2800 5269 finalis
2838 5214 2900 5269 et
2939 5207 3128 5289 plena
3174 5208 3462 5287 praemia-

1972 5310 2062 5373 tio
2090 5309 2119 5370 f
2122 5309 2208 5371 iet
2236 5308 2305 5370 in
2333 5315 2679 5390 posterum,
2703 5306 2869 5368 sicut
2898 5304 3334 5387 subjungitur.
