4309 6259
985 490 1336 537 mannum
1377 491 1440 535 m
1482 490 1618 537 car.
1665 489 1732 534 ιιι
1774 489 1932 535 unm
1973 489 2198 543 Quam-1
2238 489 2462 535 arcun.
2508 510 2589 519 —
2628 490 2771 537 aar.
2818 489 2877 535 ιν
3394 470 3471 535 13

103 676 340 723 Lanam.
362 658 552 723 bolus
599 663 798 725 semel
835 662 1043 726 victus
1081 683 1120 726 a
1147 662 1420 741 Christ0,
1455 662 1664 725 adhuc
1711 682 1856 726 eum
1883 660 1938 724 A
1965 664 2361 745 gravissime.
2394 662 2624 737 Quinta
2651 670 2769 741 est,
2803 663 2977 745 quod
3015 662 3082 724 in
3141 661 3347 725 calido
3386 662 3471 726 le-

361 758 460 820 his
509 767 760 823 tentare
808 762 1236 843 praesumpsit,
1265 762 1602 842 victusque
1649 762 1855 839 tertio,
1965 762 2111 825 bete
2139 771 2432 825 caecatur.
2468 761 2570 825 Sic
2600 763 2849 825 daemon
2880 761 2948 823 in
2978 761 3171 825 corde
3216 760 3464 824 fervido

361 857 626 921 recessit
655 859 738 921 ab
769 878 846 923 eo
877 860 956 923 ad
977 867 1249 942 tempuS,
1277 868 1346 921 ut
1365 859 1564 922 Lucas
1596 867 1862 923 testatur
1971 862 2225 943 penitus
2276 868 2633 943 superatur.
2681 860 2885 937 Sexta,
2938 861 3109 942 quod
3159 859 3461 922 dominus

359 958 780 1037 evangelista.
805 959 949 1023 Ideo
970 960 1142 1041 quod
1163 960 1580 1023 communiter
1601 960 1856 1037 dicitur,
1972 959 2106 1022 ursi
2143 958 2302 1023 'facit
2342 978 2488 1022 eum
2528 959 2867 1035 cucubare‚
2901 958 2965 1020 id
3018 966 3135 1036 est,
3170 966 3361 1040 caput
3398 958 3467 1020 in

357 1064 426 1117 et
444 1056 528 1118 ab
556 1056 832 1138 Origene
863 1066 1190 1139 sumptum
1211 1058 1483 1136 videtur,
1511 1059 1862 1121 daemouem
1973 1066 2208 1121 terram
2258 1057 2541 1137 defigere
2582 1067 2645 1121 et
2693 1058 2885 1139 pedes
2934 1056 3165 1123 levare.
3217 1056 3307 1119 Ita
3354 1056 3468 1138 qui

361 1156 560 1219 semel
600 1157 684 1218 ab
735 1156 995 1220 homine
1045 1157 1308 1235 victum,
1353 1176 1684 1239 nunquam
1731 1177 1864 1219 am-
1971 1156 2278 1220 daemonis
2307 1158 2513 1222 victor
2542 1165 2659 1235 est,
2684 1155 2957 1219 faciliter
2976 1155 3035 1218 ei
3061 1154 3297 1217 illudit.
3322 1154 3465 1237 Sep—

361 1254 536 1335 plius
586 1263 836 1319 tentare
873 1256 1193 1332 eumdem,
1225 1273 1355 1318 non
1404 1264 1698 1319 censetur
1737 1274 1864 1318 ma·
1973 1256 2145 1332 tima,
2171 1257 2343 1339 quod
2366 1263 2611 1319 tantum
2630 1255 2842 1336 diligit
2859 1254 3009 1330 mel,
3036 1254 3206 1335 quod
3239 1272 3355 1336 pro
3382 1272 3457 1317 eo

359 1370 506 1433 gnae
535 1372 678 1416 esse
720 1354 1118 1418 auctoritatis
1155 1370 1168 1417 :
1204 1355 1372 1417 etde
1409 1355 1528 1418 hoc
1572 1373 1764 1436 super
1794 1354 1864 1415 li·
1970 1354 2302 1418 occiditur.
2346 1354 2448 1418 Sic
2488 1354 2857 1416 immundus
2901 1352 3166 1435 spiritus
3212 1351 3278 1414 in
3330 1359 3466 1414 tan-

127 1463 238 1506 Jome
257 1476 312 1507 x:-
363 1452 555 1514 brum
581 1453 774 1517 Josue
803 1453 1058 1536 plenius
1089 1452 1340 1517 dictum·
1376 1462 1492 1531 est,
1527 1454 1639 1517 ubi
1669 1453 1863 1519 verba
1973 1460 2108 1515 tum
2137 1452 2316 1534 cupit
2342 1452 2669 1516 hominem
2696 1452 3054 1514 virtuosum
3086 1450 3155 1512 in
3185 1449 3456 1513 Domino

365 1548 658 1630 Origenis
704 1570 782 1614 ex
821 1570 940 1613 sua
982 1549 1249 1614 homilia
1288 1560 1438 1613 sunt
1477 1551 1858 1615 introducta.
1972 1550 2251 1614 suaviter
2280 1558 2747 1632 repausantem,
2782 1548 3076 1631 decipere
3106 1556 3169 1611 et
3198 1548 3278 1611 de
3316 1548 3455 1629 ejus

363 1645 595 1720 Quarta
625 1657 746 1727 est,
776 1650 951 1731 quod
981 1668 1172 1713 canes
1195 1649 1544 1732 plurimum
1577 1650 1732 1714 odit.
1759 1650 1862 1713 Sic
1972 1668 2123 1711 casu
2151 1650 2447 1730 gaudere,
2468 1650 2639 1731 quod
2669 1650 2792 1711 ista
2811 1666 2887 1711 ex
2918 1666 3106 1709 causa
3136 1646 3463 1710 multoties

361 1746 657 1810 diabolus
677 1748 986 1812 virtuosos
1005 1748 1457 1830 praedicatores
1471 1748 1863 1829 idoneosque
1971 1756 2327 1829 superatur,
2359 1748 2511 1810 dum
2542 1747 2869 1812 hominem
2900 1746 3091 1808 talem
3124 1753 3369 1811 tentare
3399 1753 3463 1808 et

361 1854 673 1927 pastores,
704 1846 820 1929 qui
852 1864 967 1929 per
1012 1865 1202 1911 canes
1251 1846 1690 1927 designantur,
1725 1847 1862 1909 odit
1972 1846 2231 1912 vincere
2266 1846 2511 1908 nititur.

1498 2282 2150 2370 ARTICULUS
2229 2283 2345 2368 IV

973 2557 1286 2603 Exposrrlo
1329 2558 1603 2603 GAPITULI
1641 2558 1841 2603 'rsn'rn
1885 2557 1899 2602 :
1944 2556 2142 2604 JORAH
2188 2558 2343 2604 VERO
2386 2558 2581 2604 mnus
2620 2558 2852 2604 AcuAB.

516 2828 616 2894 OC
666 2829 807 2892 loco
855 2826 1238 2891 describitur
1283 2827 1541 2909 grandis
1591 2826 1860 2892 victoria
1898 2825 1944 2885 B
1971 2831 2209 2891 leribus
2236 2830 2393 2901 suis,
2428 2829 2575 2891 lana
2610 2829 2849 2911 opertis
2884 2848 2899 2893 :
2936 2830 3152 2913 itaque
3183 2850 3310 2895 non
3342 2851 3458 2915 po-

532 2928 668 3008 regi
696 2927 886 2991 Israel
915 2928 1084 3005 data,
1111 2934 1175 2990 et
1203 2927 1496 3008 quasdam
1520 2934 1861 3015 narrantur
1969 2936 2132 2992 terat
2162 2926 2550 3005 satisfacere,
2586 2928 2712 2991 nisi
2744 2930 3053 2993 solvendo
3085 2948 3317 3012 pecora
3347 2930 3459 2993 illa

367 3026 560 3089 Elisei
615 3025 932 3109 prodigia.
961 3030 1189 3089 Joram
1231 3046 1378 3087 vero
1419 3027 1603 3105 filius
1647 3026 1864 3087 Achab
1971 3026 2117 3091 viva
2157 3036 2350 3109 atque
2389 3026 2622 3090 lanata.
2662 3030 2997 3108 Quumque
3038 3040 3329 3091 mortuus
3356 3032 3461 3108 fu-

367 3127 667 3202 reynavit
694 3144 890 3203 super
905 3128 1130 3198 Israel,
1159 3123 1225 3186 id
1254 3130 1352 3187 est
1380 3124 1602 3187 decem
1633 3122 1860 3199 tribuS,
1970 3128 2116 3187 isset
2148 3128 2393 3199 Achab,
2425 3128 2897 3203 praevaricatus
2924 3137 3014 3189 est
3047 3129 3259 3204 foedus
3288 3132 3460 3209 quod

369 3224 442 3283 in
493 3226 832 3294 Samaria,
886 3222 953 3284 in
998 3242 1128 3305 qua
1175 3230 1479 3303 tanquam
1527 3220 1864 3304 metropoli
1969 3226 2197 3285 habuit
2242 3244 2390 3285 cum
2439 3245 2583 3302 φερε
2627 3228 2858 3297 Israel,
2902 3224 2965 3288 id
3014 3235 3131 3303 est,
3180 3226 3457 3308 amplius

371 3320 715 3398 residebat,
749 3340 922 3383 anno
950 3322 1410 3381 octavodecimo
1437 3322 1748 3399 Josaplzat
1775 3339 1868 3379 re-
1970 3322 2217 3387 solvere
2256 3322 2573 3386 recusavit
2612 3342 2720 3387 rex
2747 3323 2923 3387 Moab
2962 3342 3264 3405 magnum
3296 3326 3455 3388 illud

147 3421 470 3497 lvfle9.1‚9is
498 3421 708 3480 Judoe.
732 3417 1013 3493 Qualiter
1041 3416 1526 3498 intelligendum
1557 3417 1640 3479 sit
1669 3417 1860 3494 istud,
1971 3420 2304 3483 tributum.
2342 3424 2647 3499 Esqressus
2694 3432 2783 3483 est
2820 3423 3029 3501 iqitur
3075 3444 3193 3485 reoe
3226 3428 3451 3487 Joram

369 3517 438 3579 in
478 3516 744 3580 litterali
786 3516 1184 3599 expositione
1223 3516 1720 3629 praecedentium
1771 3516 1865 3577 di-
1969 3521 2044 3581 in
2077 3522 2188 3581 die
2230 3522 2350 3581 illa
2379 3524 2459 3581 de
2488 3523 2829 3591 Samaria,
2858 3532 2919 3583 ec
2962 3525 3280 3584 recensuit
3309 3525 3460 3584 uni-

369 3625 548 3678 etum
566 3623 686 3678 est.
710 3616 1157 3695 Reymvicque
1174 3615 1515 3675 duodecim
1535 3616 1776 3687 annis‚·
1805 3624 1866 3673 et
1968 3638 2223 3680 versam
2260 3621 2489 3681 Israel.
2524 3621 2835 3700 Misicque
2878 3623 2966 3682 ad
3011 3624 3321 3701 Josapliat
3365 3642 3463 3683 re-

365 3716 524 3791 fecit
545 3718 796 3775 malum
814 3733 1034 3775 coram
1055 3713 1356 3782 Domino,
1377 3730 1604 3775 aureos
1624 3709 1863 3776 vitulos
1960 3737 2108 3794 yem
2132 3720 2337 3787 luda,
2367 3711 2556 3799 'cujus
2590 3716 2715 3779 filii
2756 3737 2913 3782 uxor
2948 3719 3070 3782 fuit
3112 3738 3291 3784 soror
3323 3739 3459 3798 sua,

370 3812 718 3891 adorando,
740 3814 851 3873 sed
881 3830 1012 3873 non
1039 3812 1207 3872 sicut
1227 3819 1417 3887 pater
1445 3830 1602 3870 suus
1620 3809 1860 3886 Achab,
1969 3818 2189 3877 dicens
2228 3838 2251 3876 :
2288 3820 2432 3878 Rem
2490 3819 2680 3877 Moab
2738 3820 2991 3879 recessit
3040 3841 3083 3880 a
3138 3840 3265 3891 me,
3313 3823 3468 3882 veni

367 3921 428 3972 el
475 3921 706 3972 macer.
749 3912 927 3971 Tulit
967 3911 1172 3979 enim,
1217 3906 1280 3969 id
1330 3914 1448 3985 est,
1491 3906 1756 3970 abstulit
1804 3913 1867 3969 et
1975 3934 2221 3975 mecum
2248 3924 2471 3975 contra
2509 3934 2658 3975 eum
2704 3919 2791 3975 ad
2824 3918 3157 3993 praelium.
3194 3920 3323 3987 Qui
3363 3939 3467 3979 re-

371 4008 712 4089 confregit,
744 4018 994 4070 statuas
1020 4011 1194 4069 Baal
1221 4028 1386 4087 quas
1414 4008 1655 4083 fecerat
1674 4016 1865 4085 pater
1898 4011 1943 4075 C
1971 4014 2273 4089 spondit:
2300 4015 2661 4074 Ascendam
2694 4020 2946 4087 tecum;
2978 4016 3098 4092 qui
3137 4035 3311 4075 meus
3347 4026 3461 4087 est,

133 4114 342 4176 ΙΙΙΒομιι,
369 4128 532 4184 elus.
568 4110 1020 4169 Verumtamen
1050 4106 1330 4183 peccatis
1359 4106 1694 4165 Jeroboam
1731 4103 1866 4181 fi'lii
1978 4120 2126 4171 tuus
2152 4120 2282 4181 es&
2310 4114 2591 4187 populus
2635 4131 2837 4181 meus,
2860 4116 3145 4190 populus
3191 4122 3365 4185 tuus,
3398 4113 3462 4175 id

126 4180 236 4224 ξω
371 4207 616 4275 Ναόαι,
652 4207 772 4285 qui
803 4224 1069 4281 peccare
1107 4206 1264 4281 fecit
1305 4208 1535 4275 Israel,
1563 4204 1858 4276 adhaesit,
1974 4215 2090 4283 est,
2113 4208 2192 4271 ad
2223 4217 2401 4273 tuum
2432 4208 2740 4271 auxilium
2770 4218 2868 4272 est
2899 4218 3197 4292 paratus,
3230 4222 3290 4273 et
3309 4214 3466 4293 equi

369 4322 486 4363 nec
511 4304 766 4363 recessit
809 4304 888 4363 ab
925 4304 1039 4374 eis,
1074 4310 1229 4384 puta
1267 4320 1305 4363 a
1343 4302 1692 4365 vitulorum
1735 4300 1867 4365 cul·
1973 4308 2122 4378 mei,
2160 4309 2310 4387 equi
2360 4308 2480 4369 tui.
2534 4307 2739 4371 Simili
2790 4310 2980 4374 modo
3036 4312 3456 4393 responderat

374 4408 534 4463 tura.
567 4400 659 4462 Ex
704 4400 824 4463 hoc
871 4400 1073 4481 aliqui
1120 4401 1398 4479 trahunt,
1441 4401 1611 4481 quod
1652 4400 1860 4463 Joram
1970 4405 2187 4469 Achab
2217 4405 2349 4486 regi
2369 4407 2536 4488 patri
2556 4406 2743 4469 istius
2770 4425 2784 4469 :
2809 4408 3083 4490 Populus
3100 4409 3463 4493 (inquiens)
3530 4430 3587 4475 ιιι
3622 4432 3736 4487 neq.

373 4503 490 4567 iste
527 4521 659 4566 non
691 4503 899 4567 solum
938 4502 1202 4565 abstulit
1232 4502 1406 4566 idola
1435 4502 1602 4580 Baal‚
1641 4503 1752 4565 sed
1800 4512 1862 4566 et
1970 4523 2150 4567 meus
2180 4513 2243 4568 et
2271 4506 2547 4587 populus
2570 4514 2739 4584 tuus,
2765 4526 2963 4570 unum
2996 4517 3177 4585 sunt3
3200 4517 3265 4573 et
3288 4510 3466 4592 equi-
3491 4508 3583 4547 ¹¹²¹·
3606 4497 3648 4538 ⁵·

371 4601 542 4665 idola
570 4602 1095 4678 Chananaeorum,
1128 4601 1364 4683 quibus
1391 4602 1490 4683 (ut
1523 4621 1714 4684 supra
1751 4602 1862 4664 ha·
1969 4612 2062 4665 tes
2092 4603 2242 4681 mei,
2268 4603 2516 4685 equites
2551 4604 2640 4667 tui
2667 4622 2681 4666 :
2710 4614 2779 4667 ut
2809 4606 3013 4687 patuit
3044 4626 3237 4689 supra
3268 4608 3462 4672 tertio

157 4710 343 4770 mam,
371 4700 580 4781 betur)
611 4700 830 4765 Achab
859 4699 1146 4763 servivit.
1968 4701 2155 4765 libro.
2189 4700 2394 4776 Quaeri
2432 4710 2660 4784 potest,
2694 4722 2777 4765 an
2797 4703 3118 4787 -Josaphat
3162 4724 3269 4769 rex
3310 4725 3465 4788 pec-

125 4774 178 4815 ³⁶¹
447 4804 656 4862 Porro
687 4803 862 4863 Mesa
901 4819 1020 4859 rex
1047 4802 1238 4860 Moab
1267 4800 1595 4861 nutriebat
1615 4820 1849 4877 pecora
1965 4800 2136 4863 cavit
2174 4800 2241 4861 in
2282 4800 2423 4863 isto.
2445 4800 2730 4879 Videtur,
2763 4804 2936 4883 quod
2972 4802 3121 4881 imo,
3161 4807 3330 4886 quia.
3353 4806 3463 4886 (ut

370 4903 604 4970 multa,
630 4918 748 4981 per
777 4916 927 4961 suos
970 4897 1318 4975 ministrOS,
1351 4898 1658 4979 quoniam
1690 4907 1858 4961 terra
1967 4898 2207 4961 dictum
2238 4900 2362 4979 est)
2386 4900 2518 4981 jam
2548 4898 2758 4963 suerat
2788 4900 3149 4982 increpatus
3180 4921 3218 4964 a
3245 4902 3465 4965 Domi·
3546 4914 3561 4921 ·

371 4997 546 5077 regni
577 4996 680 5059 sui
709 4996 994 5059 abundat
1021 5014 1324 5078 pecorum
1353 4997 1627 5079 pascuiS,
1652 5007 1712 5058 ec
1741 5002 1860 5058 sol·
1966 5017 2050 5061 no
2079 5018 2193 5080 per
2209 4998 2607 5081 Prophetam‚
2632 5000 2804 5081 quod
2834 5001 3143 5063 auxilium
3178 5002 3396 5084 praebu
3410 5002 3462 5064 it

374 5098 549 5156 vebat
585 5097 726 5173 req-i
755 5098 986 5164 Israel,
1027 5101 1246 5176 utpote
1285 5093 1408 5176 ipsi
1449 5095 1687 5171 Achab,
1721 5116 1860 5156 cen-
1968 5095 2166 5177 impio
2196 5095 2435 5173 Achab,
2470 5104 2534 5158 et
2563 5116 2779 5159 rursus
2809 5098 2982 5179 quod
3014 5117 3160 5161 cum
3190 5099 3461 5163 Ochozia

177 5204 326 5249 'idest
377 5202 510 5255 tum
547 5196 766 5256 millia
803 5212 1146 5271 acriorum,
1189 5200 1253 5253 et
1282 5191 1305 5214 '¹'
1346 5201 1604 5255 centum
1650 5192 1857 5255 millia
1889 5194 1938 5254 D
1967 5193 2314 5257 amicitiam
2345 5194 2605 5270 habuit3
2641 5195 2750 5257 sed
2780 5195 2989 5258 Joram
3027 5196 3147 5261 iste
3181 5196 3307 5260 suit
3338 5197 3463 5259 ini-

375 5292 612 5369 ovium,
634 5302 695 5353 et
723 5302 982 5354 centum
1011 5293 1228 5361 millia
1249 5293 1530 5352 arietum
1559 5312 1706 5354 cum
1739 5297 1861 5353 vel·
1967 5312 2154 5375 quuS,
2190 5292 2355 5356 sicut
2399 5301 2462 5357 et
2500 5294 2620 5355 illi.
2652 5293 2867 5357 Achab
2908 5314 3169 5378 quoque
3201 5295 3463 5361 videba-

125 3495 174 3533 Γ.
