4309 6259
868 502 1217 553 malumno
1264 505 1325 550 IN
1369 507 1506 552 GAP.
1554 507 1617 553 vl
1658 508 1814 554 unm
1855 509 2025 555 Pmm
2066 511 2596 560 PARAMPOMENON.
2641 535 2720 544 —
2763 518 2905 564 ΛΒΤ.
2953 519 3014 564 v1

3369 505 3483 566 133

386 675 549 730 tum.
596 673 935 735 Dederunt
969 677 1179 752 iyitur
1218 674 1344 738 filii
1391 677 1603 755 lsrael,
1646 677 1890 741 scilicet
1919 680 1970 741 A
2002 680 2112 742 sed
2159 682 2289 744 nati
2334 703 2410 746 ex
2455 703 2528 747 eo
2577 705 2691 767 per
2734 686 2940 750 Aaron
2989 697 3053 751 et
3103 688 3276 752 filios
3317 691 3480 771 ejuS.

384 767 598 831 tribus
627 771 811 848 suda,
844 781 995 850 etc.,
1027 775 1120 835 eis
1150 777 1407 836 Hebron
1443 775 1767 840 civitatem
1813 779 1888 840 ad

387 866 912 948 inhabitandum,
936 873 1010 933 in
1034 882 1206 933 terra
1223 876 1421 943 Juda,
1441 883 1499 934 et
1518 878 1890 936 suburbana

382 968 529 1044 ejus
549 987 677 1044 per
705 971 1102 1043 circuitum‚·
1128 991 1315 1048 ayros
1352 983 1573 1034 autem
1604 975 1892 1036 civitatis

382 1075 447 1126 et
476 1067 701 1138 villas,
733 1068 1051 1131 dederunt
1085 1069 1275 1134 Josue
1314 1079 1377 1134 et
1411 1071 1525 1153 qui
1566 1092 1711 1135 cum
1752 1073 1891 1156 ipso

390 1173 627 1226 terram
668 1165 1162 1245 distribuerunt,
1202 1171 1387 1230 Caleb
1417 1173 1560 1247 filio
1586 1174 1884 1249 Jeplzone.

388 1262 769 1327 Sacerdotes
806 1266 1105 1346 equidem
1144 1286 1219 1330 ae
1266 1268 1499 1331 Levitae
1542 1287 1670 1333 non
1712 1279 1889 1352 pote-

70 1381 223 1424 Joeae
248 1395 353 1433 xm,
386 1371 537 1424 rant
565 1362 956 1426 hereditaria
992 1364 1161 1428 bona
1194 1366 1465 1444 habere3
1498 1370 1607 1431 sed
1647 1369 1893 1432 sacrifi-

48 1446 125 1486 “·
384 1460 513 1537 cia,
546 1461 815 1524 decimae
844 1470 1037 1543 atque
1076 1464 1378 1545 primitiae
1411 1475 1593 1528 erant
1624 1467 1716 1530 eis
1751 1468 1891 1531 loco

90 1579 227 1622 ιὸω.
248 1593 349 1631 m,
386 1559 785 1623 hereditatis
822 1561 965 1642 Ipsa
992 1580 1249 1643 quoque
1282 1563 1433 1626 urbs
1462 1564 1713 1628 Hebron
1751 1585 1892 1648 per-

52 1645 121 1688 ¹³·
146 1645 225 1684 ¹⁴·
388 1659 587 1721 tinuit
616 1660 697 1721 ad
730 1660 1203 1741 possessionem
1227 1661 1677 1726 hereditariam
1698 1673 1889 1747 atque

382 1757 753 1821 dominium
792 1756 984 1821 Caleb
1020 1777 1033 1820 :
1068 1778 1213 1841 quae
1241 1761 1458 1823 omnia
1487 1761 1553 1823 in
1586 1762 1767 1825 libris
1796 1764 1891 1826 Jo-

384 1875 504 1919 sue
532 1875 607 1918 ac
630 1856 927 1919 Judicum
958 1856 1213 1939 plenius
1244 1860 1674 1923 continentur.

472 1959 683 2018 Porro
716 1959 884 2033 filiis
912 1958 1139 2018 Aaron
1176 1961 1496 2020 dederunt
1534 1957 1661 2023 filii
1700 1960 1889 2024 Israel

389 2056 712 2127 civitates,
748 2072 891 2135 quae
922 2055 1115 2137 paulo
1156 2064 1299 2139 post
1338 2057 1771 2136 nominantur,
1802 2063 1891 2120 ad

386 2154 913 2232 confuyiendum
956 2175 979 2214 .·
1024 2156 1309 2226 Hebron,
1354 2155 1421 2218 id
1468 2165 1585 2234 est,
1638 2157 1889 2221 Hebron

388 2251 541 2313 data
588 2259 688 2314 est
731 2252 942 2314 Aaron
982 2253 1174 2316 modo
1219 2253 1505 2335 praefato,
1550 2274 1677 2319 non
1719 2258 1890 2338 quod

390 2350 605 2413 Aaron
658 2368 799 2414 eam
846 2350 1202 2428 intraverit,
1238 2352 1348 2415 sed
1388 2352 1512 2415 filii
1552 2355 1713 2435 ejus,
1756 2355 1893 2437 lpse

54 2467 353 2518 naam...
390 2467 549 2513 vero
596 2449 665 2511 in
712 2459 933 2513 monte
979 2450 1106 2514 Hor
1146 2451 1211 2514 in
1260 2453 1509 2515 deserto
1552 2452 1893 2516 defunctus

50 2533 285 2636 {Qun
306 2595 355 2634 7·
389 2557 513 2612 est.
546 2548 714 2625 Haec,
750 2547 1039 2629 inquam,
1081 2549 1333 2614 Hebron
1371 2550 1565 2613 etiam
1604 2551 1895 2634 speciali-

288 2624 301 2642 ’
393 2657 493 2711 ter
540 2648 691 2710 data
728 2655 825 2710 est
871 2666 987 2729 pro
1032 2648 1189 2710 urbe
1230 2648 1541 2732 confugii,
1584 2652 1660 2714 ad
1700 2670 1893 2732 quam

52 2765 359 2812 Numam,
392 2747 567 2810 sicut
594 2748 674 2809 ad
704 2755 947 2810 ceteras
970 2745 1204 2828 refugii
1227 2747 1416 2811 urbes
1441 2748 1889 2829 confugerunt,

60 2832 113 2870 ¹⁰
134 2833 183 2870 θ’
206 2839 313 2882 “⁴¹⁶
392 2847 511 2928 qui
533 2844 827 2910 nolentes
858 2864 969 2908 seu
1003 2845 1353 2928 improvise
1381 2847 1517 2911 sive
1547 2846 1812 2912 fortuito
1834 2859 1897 2912 et

392 2944 853 3008 excusabiliter
884 2944 1261 3025 sanguinem
1292 2945 1687 3010 effuderunt.
1726 2947 1898 3009 Deni-

2001 783 2208 841 Porro
2240 784 2405 858 filiis
2448 787 2685 845 Gerson
2715 805 2835 864 per
2868 790 3272 864 coynationes
3307 811 3486 858 suas,

2000 881 2079 937 de
2118 881 2290 940 tribu
2325 883 2647 953 Issaclzar,
2678 894 2738 944 et
2775 888 2855 944 de
2895 888 3068 946 tribu
3104 890 3288 959 Aser,
3320 897 3380 948 et
3408 891 3488 947 de

2005 978 2180 1038 tribu
2221 981 2599 1056 Neplztkali,
2639 993 2700 1044 et
2739 986 2819 1043 de
2867 985 3040 1044 tribu
3076 988 3375 1046 Manasse
3411 988 3486 1046 in

2002 1079 2249 1147 Basan,
2283 1079 2465 1138 urbes
2513 1083 2834 1142 tredecim.
2870 1085 2982 1142 Fil
2987 1084 3068 1142 iis
3105 1093 3322 1144 autem
3356 1087 3488 1146 Me-

2000 1175 2146 1232 rari
2168 1194 2290 1250 per
2316 1179 2723 1252 coynationes
2744 1200 2921 1249 suas,
2941 1183 3020 1240 de
3043 1182 3216 1240 tribu
3237 1183 3484 1254 Ruben,

2000 1281 2059 1332 et
2087 1275 2168 1332 de
2200 1275 2374 1333 tribu
2407 1276 2571 1346 Gad,
2603 1285 2664 1336 et
2702 1279 2781 1337 de
2826 1280 3000 1338 tribu
3037 1281 3354 1350 Zabulon,
3382 1283 3490 1340 de-

1998 1373 2240 1432 derunt
2265 1381 2430 1432 sorte
2459 1374 2750 1434 civitates
2774 1379 3133 1438 duodecim.
3157 1380 3488 1440 Dederunt

2000 1489 2248 1547 quoque
2274 1471 2410 1545 filii
2436 1473 2642 1532 Israel
2669 1475 2914 1533 Levitis
2943 1475 3235 1536 civitates
3264 1485 3324 1536 et
3349 1478 3490 1536 sub-

2000 1567 2254 1626 urbana
2283 1587 2531 1630 earum.
2551 1573 3131 1650 Dederuntqueper
3152 1583 3381 1633 sortem
3408 1594 3488 1634 ea·

2003 1665 2179 1723 tribu
2219 1667 2514 1742 filiorum
2541 1669 2745 1737 Juda,
2774 1678 2833 1728 et
2871 1689 2950 1728 ea:
2982 1672 3156 1730 tribu
3193 1673 3488 1748 filiorum

2000 1765 2288 1834 Se'meon,
2306 1772 2365 1823 et
2392 1785 2474 1823 ew
2506 1767 2676 1825 tribu
2697 1768 2991 1838 filiorum
3013 1770 3366 1844 Benjamin
3388 1790 3491 1829 ur-

1927 1863 1974 1926 B
2004 1863 2102 1920 bes
2132 1862 2275 1931 has,
2305 1883 2464 1942 quas
2503 1875 2892 1926 vocaverunt
2931 1869 3302 1927 nominibus
3327 1871 3486 1930 suis.

2002 1961 2087 2020 Et
2132 1961 2234 2019 liis
2277 1961 2394 2038 qui
2433 1971 2622 2022 erant
2663 1966 2742 2023 de
2781 1965 3156 2040 coynatione
3194 1967 3490 2042 filiorum

2005 2058 2228 2118 Caath.
2277 2061 2694 2140 Fueruntque
2736 2062 3028 2122 civitates
3077 2064 3148 2123 in
3197 2065 3492 2124 terminis

1998 2175 2222 2216 eorum
2259 2159 2340 2215 de
2381 2157 2556 2216 tribu
2594 2160 2940 2236 Ephraim.
2977 2163 3308 2220 Dederunt
3343 2181 3490 2238 erqo

2000 2253 2093 2311 eis
2132 2256 2319 2313 urbes
2362 2257 2451 2315 ad
2493 2257 3033 2333 confuqiendum,
3059 2259 3317 2319 Sicbem
3344 2279 3492 2320 cum

2002 2353 2394 2413 suburbanis
2425 2355 2562 2414 suis
2592 2356 2660 2414 in
2691 2365 2901 2416 monte
2921 2357 3270 2432 Ephraim,
3289 2366 3349 2417 et
3373 2359 3494 2418 Ga-

2002 2469 2113 2509 zer
2155 2469 2304 2510 cum
2351 2452 2739 2512 suburbanis
2783 2455 2944 2524 suis,
2993 2441 3298 2516 Jecmaan
3346 2475 3494 2534 quo-

2004 2569 2124 2628 que
2152 2569 2300 2610 cum
2337 2551 2728 2612 suburbanis
2765 2555 2923 2624 suis,
2956 2563 3015 2613 et
3051 2557 3372 2615 Bethoron
3407 2557 3497 2614 si-

2004 2649 2275 2719 militer,
2297 2669 2539 2710 necnon
2573 2659 2632 2710 et
2660 2652 2902 2713 Aialon
2933 2671 3080 2712 cum
3107 2654 3494 2714 suburbanis

2004 2749 2157 2816 suiS,
2189 2757 2250 2808 et
2285 2750 2730 2810 Getkremmon
2771 2751 2844 2810 in
2881 2753 3176 2811 eumdem
3208 2755 3494 2814 modum.

2006 2849 2213 2908 Porro
2243 2867 2324 2905 em
2351 2848 2641 2908 dimidia
2673 2849 2846 2908 tribu
2877 2851 3202 2920 Manasse,
3231 2851 3410 2910 Aner
3436 2860 3496 2911 et

2004 2946 2379 3006 suburbana
2398 2947 2555 3022 ejus,
2570 2949 2851 3007 Baalam
2869 2957 2928 3007 el
2946 2949 3320 3008 suburbana
3337 2949 3491 3026 ejus.

394 3063 527 3125 que
566 3042 759 3106 urbes
804 3061 947 3124 quae
989 3042 1355 3107 immediate
1394 3044 1892 3127 subjunguntur,
1934 3048 1978 3112 C
2010 3043 2133 3105 His
2179 3045 2476 3103 videlicet
2515 3046 2632 3124 qui
2670 3048 2749 3104 de
2792 3047 3170 3122 coynatione
3203 3047 3498 3124 filiorum

396 3161 529 3206 non
570 3149 755 3205 erant
796 3141 987 3205 urbes
1029 3141 1287 3224 refugii,
1322 3143 1433 3206 sed
1472 3143 1897 3208 habitationes

395 3241 807 3305 sacerdotum
859 3259 932 3304 ac
978 3240 1366 3304 Levitarum.
1416 3242 1613 3306 Urbes
1665 3243 1897 3323 refugii

397 3348 585 3403 erant
615 3359 750 3417 sex,
776 3339 1008 3421 primo,
1028 3340 1328 3404 videlicet
1356 3349 1641 3423 tempore
1667 3343 1853 3407 Josue
1880 3362 1895 3407 ε

118 3457 267 3500 Dent.
300 3469 365 3504 n.
400 3447 627 3521 utpote
658 3447 789 3501 tres
824 3445 995 3500 trans
1014 3438 1373 3516 Iordanem,
1393 3439 1689 3504 videlicet
1708 3442 1901 3505 Bosor

62 3521 372 3630 {¹42³}ssssss
401 3548 465 3601 et
495 3536 771 3599 Ramoth
801 3555 875 3599 ac
904 3534 1185 3610 Gaulon3
1231 3545 1295 3599 et
1335 3545 1460 3600 tres
1498 3538 1658 3601 citra
1687 3539 1901 3602 Jorda-

64 3649 275 3694 xx.7.⁸-
402 3655 577 3714 nem,
618 3654 766 3716 quae
812 3643 997 3698 erant
1036 3633 1233 3699 Cedes
1278 3642 1341 3698 et
1378 3635 1629 3699 Siehem
1672 3658 1745 3701 ac
1785 3638 1903 3701 He-

401 3736 591 3812 bron,
612 3742 685 3795 ut
718 3732 785 3795 in
816 3733 985 3797 libro
1001 3732 1193 3797 Josue
1223 3733 1479 3814 legitur.
1502 3735 1723 3798 Postea
1752 3755 1902 3800 vero

70 3855 369 3904 ,va-‚mm
402 3843 557 3898 sunt
599 3832 833 3895 additae
875 3831 1019 3894 aliae
1058 3850 1188 3908 sex,
1231 3839 1423 3914 prout
1466 3832 1533 3894 in
1578 3833 1743 3897 libro
1781 3834 1902 3897 Nu-

70 3921 155 4024 {fJ
189 3917 367 4022 9⁰³⁸*
402 3950 731 3996 merorum
767 3939 831 3993 et
866 3930 1359 3994 Deuteronomio
1389 3930 1636 4010 jussum
1667 3940 1784 3995 est.
1820 3937 1903 3995 E't

152 4015 167 4030 ’
224 4015 237 4024 ’
400 4033 655 4102 Lobna,
688 4039 751 4090 et
786 4031 1161 4090 suburbana
1199 4031 1342 4107 ejus
1354 4053 1385 4102 ,·
1415 4033 1632 4091 Jether
1659 4052 1906 4112 quoque

404 4142 465 4192 et
504 4131 815 4192 Eschemo
849 4148 1001 4188 cum
1042 4130 1431 4190 suburbanis
1475 4131 1614 4190 suis
1629 4153 1660 4203 ,⁰
1701 4133 1811 4190 sed
1846 4141 1907 4192 et

2014 3143 2217 3202 Caath
2246 3143 2489 3221 reliqui
2515 3153 2725 3204 erant.

2097 3241 2289 3301 Filiis
2329 3251 2546 3301 autem
2581 3243 2845 3312 Gerson‚
2876 3244 2956 3302 de
2982 3243 3361 3319 coqnatione
3397 3243 3500 3302 di-

2010 3341 2236 3401 midiae
2269 3343 2474 3400 tribus
2509 3343 2806 3402 Manasse
2827 3362 2850 3400 .·
2887 3344 3141 3402 Gaulon
3173 3343 3246 3402 in
3279 3345 3498 3404 Basan

2009 3449 2069 3499 et
2096 3440 2470 3499 suburbana
2497 3439 2660 3515 ejus,
2683 3449 2744 3499 et
2769 3441 3073 3500 Astaroth
3101 3461 3248 3501 cum
3274 3443 3500 3502 subur-

2012 3539 2198 3598 banis
2216 3539 2373 3598 suis.
2393 3540 2487 3598 De
2519 3539 2690 3597 tribu
2714 3540 3013 3599 Issaclzar
3027 3558 3051 3598 .·
3075 3541 3260 3599 Cedes
3279 3549 3340 3600 et
3360 3543 3500 3601 sub-

2013 3638 2268 3696 urbana
2293 3637 2458 3711 ejus,
2495 3645 2554 3696 et
2583 3639 2902 3697 Daberetlz
2935 3657 3082 3698 cum
3109 3639 3500 3699 suburbanis

2011 3735 2172 3804 suis,
2194 3737 2474 3796 Ramotk
2494 3755 2740 3814 quoque
2765 3745 2826 3795 et
2849 3737 3222 3796 suburbana
3247 3737 3410 3814 ejus,
3441 3747 3500 3798 et

2011 3834 2222 3894 Anem
2254 3851 2402 3892 cum
2430 3834 2820 3893 suburbanis
2846 3835 3004 3893 suis.
3028 3836 3124 3894 De
3150 3836 3324 3894 tribu
3353 3855 3500 3896 vero

2014 3935 2178 3992 Aser
2207 3951 2232 3990 .·
2259 3933 2465 3992 Masel
2497 3949 2646 3990 cum
2678 3932 3065 3991 suburbanis
3098 3933 3260 4001 suis,
3288 3942 3347 3992 et
3373 3934 3502 3994 Ab—

2015 4032 2145 4089 don
2173 4029 2502 4099 similiter,
2523 4029 2746 4086 Hucac
2769 4046 3018 4107 quoque
3046 4037 3106 4089 et
3127 4031 3502 4090 suburbana

2016 4129 2180 4206 ejus,
2203 4129 2422 4189 Rohob
2445 4147 2592 4186 cum
2610 4127 3000 4186 suburbanis
3015 4128 3174 4188 suis.
3197 4130 3405 4190 Porro
3423 4131 3502 4188 de

406 4233 625 4292 Helon
645 4237 706 4287 et
724 4227 935 4289 Dabir
952 4245 1101 4287 cum
1120 4228 1513 4288 suburbanis
1536 4230 1707 4301 suis‚·
1726 4233 1905 4290 Asan
1936 4230 1985 4292 D
2022 4228 2196 4288 tribu
2227 4225 2584 4302 Neplztkali
2604 4245 2627 4284 .·
2651 4226 2839 4285 Cedes
2862 4225 2936 4285 in
2969 4226 3244 4287 Galiloea
3272 4235 3332 4288 et
3359 4229 3504 4288 sub-

404 4347 663 4408 quoque
690 4335 753 4386 et
781 4327 1164 4396 Betksemes,
1181 4333 1241 4386 et
1260 4327 1635 4387 suburbana
1652 4347 1902 4388 earum.

130 4447 207 4489 cr.
226 4445 375 4489 :one
407 4429 501 4488 De
536 4426 715 4486 tribu
744 4433 963 4484 autem
982 4424 1339 4500 Benjamin
1364 4427 1661 4496 Gabee,et
1680 4428 1909 4486 subur-

74 4512 330 4559 ¹¹¹'¹⁷'¹⁹·
407 4527 583 4586 bana
600 4525 768 4601 ejus,
786 4532 847 4583 et
865 4525 1135 4584 Almatk
1163 4542 1313 4584 cum
1341 4525 1729 4585 suburbanis
1746 4527 1903 4596 suis,

404 4623 753 4686 Anathotlz
800 4641 1053 4702 quoque
1109 4641 1258 4683 cum
1311 4625 1702 4683 suburbanis
1745 4624 1902 4685 suis.

410 4725 647 4785 Omnes
675 4722 971 4780 civitates
1005 4721 1307 4781 tredecim
1335 4741 1483 4781 cum
1520 4723 1908 4783 suburbanis

402 4823 577 4890 suis,
598 4839 725 4896 per
752 4818 1159 4895 cognationes
1185 4838 1357 4880 suas.

488 4919 695 4981 Filiis
739 4925 959 4976 autem
1000 4917 1204 4977 Caatk
1246 4918 1526 4978 residuis
1563 4921 1642 4978 de
1677 4939 1909 4995 cogna-

406 5020 591 5082 tione
619 5035 743 5076 sua
772 5016 1095 5075 dederunt
1129 5034 1213 5074 eoe
1250 5017 1537 5077 dimidia
1568 5019 1741 5077 tribu
1772 5021 1914 5079 Ma-

402 5137 601 5179 nasse
630 5117 705 5174 in
726 5115 1183 5190 possessionem
1216 5116 1399 5174 urbes
1427 5118 1659 5176 decem.
1693 5116 1782 5177 Ex
1810 5115 1915 5179 Ca-

402 5215 521 5278 ath
556 5212 693 5275 nati
726 5219 879 5274 sunt
900 5211 1291 5286 sacerdotes3
1317 5222 1754 5277 verumtamen
1784 5233 1913 5277 non

402 5331 647 5380 omnes
686 5311 819 5374 nati
861 5329 940 5374 ex
980 5309 1117 5387 illo,
1152 5308 1305 5374 facti
1346 5309 1494 5374 sunt
1532 5314 1911 5391 sacerdoteS,

2021 4326 2278 4384 urbana
2295 4323 2461 4400 ejus,
2483 4326 2742 4384 Hamon
2763 4343 2910 4384 cum
2927 4325 3317 4386 suburbanis
3339 4329 3502 4398 suis,

2017 4432 2077 4483 et
2111 4423 2518 4482 Cariatkaim
2549 4440 2696 4481 cum
2722 4422 3112 4482 suburbanis
3141 4425 3302 4500 ejus.

2100 4521 2298 4582 Filiis
2336 4529 2553 4580 autem
2590 4521 2841 4580 Merari
2875 4520 3181 4591 residuis,
3209 4525 3292 4582 de
3329 4526 3504 4586 tribu

2018 4621 2316 4681 Zabulon
2346 4638 2369 4677 .·
2399 4621 2747 4679 Remmono
2777 4627 2837 4678 et
2863 4620 3238 4680 suburbana
3265 4622 3422 4699 ejus,
3444 4632 3505 4683 et

2027 4719 2272 4779 Thabor
2313 4737 2460 4776 cum
2496 4717 2884 4776 suburbanis
2918 4718 3076 4778 suis·
3125 4721 3330 4779 Trans
3364 4722 3508 4781 Jor-

2018 4821 2258 4878 danem
2286 4835 2533 4895 quoque
2565 4835 2647 4873 ea)
2684 4816 2950 4875 adverso
2977 4817 3253 4888 Jericlzo,
3283 4828 3508 4879 contra

2020 4917 2331 4978 orientem
2358 4915 2694 4985 Jordanis,
2713 4917 2792 4974 de
2825 4915 2993 4974 tribu
3019 4915 3247 4976 Ruben
3268 4934 3291 4976 .·
3311 4920 3511 4978 Bosor

2024 5019 2095 5077 in
2126 5015 2480 5074 solitudine
2498 5033 2644 5074 cum
2665 5013 3051 5073 suburbanis
3071 5015 3234 5083 suis,
3251 5025 3312 5075 et
3327 5017 3512 5077 lassa

2021 5135 2172 5175 cum
2199 5113 2586 5172 suburbanis
2612 5114 2775 5180 suis,
2811 5114 3150 5173 Cademotlz
3178 5133 3426 5191 quoque
3451 5124 3512 5175 et

2023 5213 2396 5273 suburbana
2426 5211 2594 5287 ejus,
2622 5219 2682 5269 et
2713 5211 3061 5286 Mephaatlz
3097 5229 3244 5270 cum
3281 5213 3511 5271 subur-

2026 5311 2212 5372 banis
2239 5311 2396 5369 suis.
2419 5309 2680 5368 Necnon
2711 5309 2790 5368 de
2821 5308 2994 5367 tribu
3028 5308 3171 5368 Gad
3191 5329 3214 5368 .·
3233 5311 3512 5370 Ramotli
