4309 6259
1229 523 1574 571 ENARRATIO
1616 524 1678 569 IN
1719 524 1855 571 cAP.
1890 524 1974 569 vu
2015 523 2138 570 1013.
2185 542 2266 569 .—
2306 526 2450 572 ΛΒΤ.
2495 523 2603 573 xlx

3338 507 3455 573 403

360 694 510 759 vitm
547 712 708 759 meae
749 692 1064 777 reputavi,
1098 701 1160 757 et
1191 693 1376 775 quasi
1414 693 1523 756 diu
1557 694 1858 756 durantes
1889 694 1941 755 A
1972 702 2053 756 te.
2086 694 2368 757 Naturali
2400 695 2639 777 quippe
2667 696 2936 758 humore
2964 703 3367 778 consumpto,
3390 702 3456 757 et

355 793 727 875 computavi
757 792 1087 855 laboribus
1118 792 1361 874 plenaS.
1387 792 1667 855 Virtuosi
1687 791 1858 855 enim

357 891 424 953 in
456 892 757 955 noctibus
799 892 1008 955 solent
1047 890 1572 954 meditationibus
1603 891 1857 953 insuda-

355 1009 446 1067 re,
500 989 722 1052 futura
771 1008 1062 1073 pensare,
1114 988 1510 1071 poenitentiae
1561 989 1856 1052 lamentis

94 1102 320 1179 eamn,
352 1088 677 1166 insistere,
711 1089 890 1171 juxta
933 1089 1103 1169 quod
1153 1087 1463 1170 scriptum
1501 1096 1597 1151 est
1633 1105 1647 1149 :
1681 1087 1858 1149 Anti-

69 1166 150 1205 ⁵'‘'
351 1188 739 1270 cipaverunt
796 1187 1052 1268 vigilias
1110 1187 1278 1250 oculi
1337 1187 1512 1261 mei3
1565 1186 1854 1249 turbatus

351 1306 520 1363 sum,
575 1296 639 1349 et
695 1304 825 1349 non
875 1305 1017 1348 sum
1068 1285 1340 1349 locutuS.
1383 1284 1669 1365 Cogitavi
1717 1285 1853 1348 dies

351 1384 684 1467 antiquOS‚
716 1394 782 1447 et
821 1403 1024 1448 annos
1071 1392 1341 1449 aeternos
1386 1384 1452 1445 in
1495 1392 1708 1446 mente
1746 1384 1855 1445 ha-

353 1484 508 1559 bui;
545 1492 610 1547 et
655 1485 998 1547 meditatus
1049 1503 1190 1545 sum
1241 1491 1426 1546 nocte
1471 1496 1630 1545 cum·
1663 1483 1854 1545 corde

191 1612 246 1648 w.
290 1629 304 1640 .
351 1601 522 1647 mec.
555 1583 634 1645 Et
664 1582 896 1645 iterum
924 1600 938 1644 :
971 1580 1281 1645 Laboravi
1315 1581 1380 1644 in
1409 1580 1653 1661 gemitu
1683 1599 1846 1658 meo,

351 1681 586 1745 lavabo
615 1701 730 1763 per
773 1682 1058 1762 singulas
1089 1689 1308 1743 noctes
1337 1680 1584 1757 ,lectum
1612 1699 1848 1743 meum.

105 1796 254 1839 nm.
271 1810 315 1845 u.
349 1780 640 1862 Itemque
667 1798 681 1843 ε
709 1780 1053 1860 Consurge,
1075 1780 1264 1841 lauda
1284 1778 1350 1841 in
1377 1787 1576 1855 nocte,
1598 1778 1662 1840 in
1686 1779 1853 1861 prin-

69 1861 124 1899 ¹9.

344 1996 458 2040 cor
493 1986 676 2040 tuum
703 1985 853 2040 ante
880 1986 1294 2058 conspectum
1315 1976 1565 2039 Domini
1595 1976 1704 2038 Dei
1729 1976 1843 2038 tui.

343 2077 613 2140 Constat
651 2094 908 2157 quoque
939 2076 1111 2157 quod
1150 2074 1442 2138 homines
1481 2073 1850 2155 frequenter

344 2182 695 2238 numerent
725 2182 999 2257 tempuS,
1034 2174 1206 2255 quod
1235 2174 1327 2236 eis
1359 2173 1469 2235 diu
1501 2174 1728 2235 durare
1757 2173 1850 2237 vi-

345 2275 536 2337 detur
564 2282 760 2355 atque
799 2272 1137 2336 molestum
1179 2280 1298 2335 est.
1331 2272 1587 2349 Iterum,
1631 2281 1848 2335 noctes

347 2372 726 2455 hujusmodi
759 2371 1090 2434 laboriosae
1118 2372 1441 2447 dicuntur,
1466 2380 1724 2454 propter
1743 2389 1850 2454 op-

347 2472 468 2533 tati
526 2471 684 2534 boni
741 2470 1067 2533 dilationis
1124 2468 1603 2532 difficultatem.
1652 2469 1850 2532 Labo-

349 2569 599 2632 riosum
639 2568 880 2632 etenim
922 2587 1060 2631 esse
1109 2568 1291 2644 solet,
1327 2566 1435 2629 diu
1483 2576 1849 2650 exspectare

347 2667 597 2731 bonum
645 2668 1057 2731 vehementer
1105 2666 1418 2749 cupitum,
1467 2666 1642 2747 juxta
1689 2666 1849 2728 illud

93 2766 846 2830 m.x1u.Proverbiorum
881 2766 1080 2848 :Spes
1127 2783 1271 2845 quae
1314 2764 1640 2841 differtur,
1677 2763 1852 2826 affli-

341 2866 442 2946 git
469 2864 796 2939 animam;
841 2864 1087 2945 lignum
1119 2865 1289 2940 vitae,
1324 2863 1711 2926 desiderium
1752 2882 1852 2926 ve-

341 2982 558 3027 mens..

1968 791 2203 856 virtute
2236 793 2507 855 naturali
2539 792 2905 871 deficiente,
2938 813 3085 857 caro
3115 794 3285 856 intus
3306 812 3456 856 con-

1969 890 2263 968 sumitur,
2300 890 2585 973 forisque
2614 892 2888 954 siccatur
2915 902 3108 973 atque
3141 900 3399 972 rugatur
3433 907 3447 951 ε

1966 989 2076 1069 qui
2122 988 2411 1053 defectus
2460 990 2775 1069 contingit
2822 1010 2899 1053 ex
2945 999 3293 1066 senectute,
3345 996 3455 1051 aut

1966 1086 2365 1165 infirmitate,
2401 1088 2500 1153 vel
2536 1087 2726 1151 fame.
2760 1089 2937 1151 Unde
2979 1088 3045 1150 in
3076 1087 3343 1151 Threnis
3373 1087 3452 1149 de

1964 1185 2275 1250 confectis
2335 1188 2545 1251 esurie
2594 1187 2895 1251 scribitur
2948 1205 2961 1250 :
3012 1187 3292 1250 Adhaesit
3345 1205 3453 1249 cu-
3513 1214 3743 1267 mmm,

1969 1285 2045 1346 tis
2077 1304 2299 1349 eorum
2337 1287 2589 1350 ossibus
2630 1306 2891 1362 eorum3
2928 1286 3094 1350 facta
3132 1294 3228 1348 est
3268 1286 3450 1367 quasi
3481 1280 3521 1319 ⁸·

1964 1384 2231 1463 lignum.

2041 1487 2195 1546 Dies
2238 1487 2363 1547 mei
2400 1488 2675 1547 velocius
2726 1486 3147 1556 transierunt,
3182 1506 3377 1565 quam
3408 1506 3449 1545 a

1965 1592 2209 1643 texente
2231 1588 2355 1644 tela
2373 1586 2754 1655 succiditur,
2780 1583 2843 1645 id
2864 1592 2979 1660 est,
3006 1592 3291 1666 tempora
3311 1583 3449 1664 qui-

1962 1679 2082 1742 bus
2111 1682 2263 1757 vixi,
2296 1681 2627 1744 celerrime
2669 1680 3097 1744 defluxerunt.
3132 1681 3232 1744 Nil
3273 1682 3445 1744 enim

1965 1788 2090 1841 tam
2117 1780 2246 1843 cito
2286 1780 2565 1843 decurrit
2594 1788 2663 1842 ut
2692 1789 2965 1862 tempuS,
3002 1780 3066 1841 in
3098 1798 3224 1861 quo
3271 1780 3447 1843 nulla

346 1880 523 1961 cipio
571 1879 963 1959 vigiliarum,
999 1888 1061 1940 et
1099 1876 1366 1941 effunde
1415 1878 1580 1939 sicut
1617 1896 1848 1959 aquam
1886 1880 1933 1941 B
1961 1887 2056 1941 est
2074 1898 2273 1955 mora,
2296 1879 2479 1960 quies
2508 1887 2617 1941 aut
2642 1878 2816 1955 fixio,
2843 1880 2953 1941 sed
2983 1877 3283 1941 defluxus
3302 1898 3449 1942 con-

1965 1977 2200 2039 tinuuS.
2237 1978 2338 2040 Sic
2366 1986 2430 2040 et
2470 1977 2768 2039 Ezechias
2813 1976 3101 2058 profatur
3136 1977 3445 2041 :Praecisa
3487 2006 3737 2059 [annun.

1957 2084 2054 2137 est
2082 2076 2257 2138 velut
2283 2096 2320 2137 a
2350 2084 2599 2139 texente
2628 2074 2759 2137 vita
2790 2094 2952 2139 mea.
2978 2076 3053 2137 Et
3080 2075 3441 2137 Psalmista:
3476 2072 3543 2113 ¹²·

1958 2174 2101 2236 Dies
2131 2174 2257 2236 mei
2286 2173 2451 2236 sicut
2470 2174 2695 2235 umbra
2724 2174 3225 2249 declinaverunt,
3246 2182 3309 2236 et
3328 2192 3443 2253 ego
3501 2194 3740 2251 1²8.oe,12-

1959 2272 2124 2335 sicut
2154 2272 2399 2336 foenum
2432 2272 2591 2335 arui.
2626 2270 2922 2345 Quamvis
2951 2280 3162 2334 autem
3182 2280 3444 2354 tempus

1961 2373 2110 2434 dum
2160 2390 2436 2454 praesens
2483 2380 2599 2448 est,
2637 2371 2897 2450 longum
2944 2378 3246 2453 appareat
3302 2391 3447 2454 pro-

1960 2478 2098 2553 pter
2126 2472 2389 2533 adversa
2420 2469 2655 2551 quibus
2689 2470 2878 2532 homo
2906 2468 3215 2547 afficitur,
3244 2470 3447 2533 nihilo

1959 2571 2173 2633 minus
2218 2590 2419 2653 quum
2470 2569 2664 2632 fuerit
2690 2570 3035 2647 evolutum,
3082 2571 3243 2633 ratio
3288 2570 3449 2632 intu-

1959 2674 2099 2729 etur
2145 2683 2339 2753 quam
2388 2664 2581 2727 breve
2618 2664 2950 2727 exstiterit.
2976 2669 3061 2727 Et
3086 2668 3449 2745 consumpti

1957 2775 2109 2825 sunt
2137 2767 2368 2844 absque
2410 2767 2551 2824 ulla
2577 2782 2705 2840 spe,
2742 2763 3155 2845 recuperandi
3196 2772 3444 2845 tempus

1960 2864 2349 2945 praeteritum
2394 2880 2409 2923 z
2458 2863 2629 2943 quod
2679 2880 2876 2943 quum
2925 2860 3121 2924 fuerit
3166 2861 3439 2944 lapsum,

1959 2962 2128 3025 idem
2176 2979 2581 3042 nequaquam
2628 2960 2987 3025 revertitur.
3023 2961 3157 3036 Vel,
3191 2962 3447 3043 Absque

426 3066 512 3126 Si
537 3063 891 3131 dormiero,
920 3060 984 3123 id
1015 3068 1132 3137 est,
1166 3078 1269 3123 me
1297 3061 1376 3122 ad
1405 3060 1848 3124 dormiendum
1879 3062 1924 3128 G
1959 3080 2092 3144 spe,
2130 3060 2434 3123 redeundi
2465 3061 2543 3122 ad
2576 3059 2880 3142 pristinos
2912 3059 3072 3138 dieS,
3104 3078 3217 3123 seu
3248 3060 3441 3123 vitam

340 3179 646 3245 posuero,
681 3168 793 3222 aut
840 3178 1066 3241 parum
1111 3158 1436 3240 quievero,
1469 3161 1709 3231 dicam,
1744 3178 1848 3221 ex-

341 3256 778 3343 pergefactus,
811 3276 924 3320 seu
955 3276 1084 3339 prae
1126 3256 1345 3320 dolore
1376 3277 1449 3319 ac
1483 3257 1668 3320 taedio
1709 3258 1850 3319 dor-

341 3359 512 3421 mire
552 3376 682 3420 non
715 3357 936 3419 valens
970 3374 984 3418 t
1020 3359 1292 3425 Quando
1321 3375 1702 3433 consuryam
1724 3358 1752 3416 ,ἵ
1783 3354 1847 3417 id

342 3466 470 3533 est,
519 3455 652 3519 diei
700 3456 1050 3519 adventum
1099 3453 1355 3536 optabo.
1390 3453 1507 3528 Qui
1557 3454 1728 3516 enim
1781 3454 1847 3515 in

345 3555 614 3617 tristitia
663 3561 856 3636 atque
901 3552 1230 3616 doloribus
1278 3560 1393 3629 est,
1426 3553 1506 3614 ad
1557 3552 1848 3615 futurum

341 3664 606 3736 tempus
643 3652 924 3729 anhelat,
958 3652 1027 3713 in
1057 3669 1186 3733 quo
1225 3670 1293 3713 se
1321 3651 1552 3713 melius
1595 3650 1849 3713 habitu-

341 3774 494 3816 rum
523 3750 823 3827 confidit.
843 3754 928 3813 Ec
955 3772 1224 3812 rursum
1251 3753 1616 3829 ems-peccabo
1648 3772 1849 3830 vespe-

339 3872 520 3923 ram,
573 3851 638 3913 id
686 3858 805 3927 est,
856 3858 998 3913 orto
1044 3850 1176 3930 jam
1225 3849 1350 3927 die,
1402 3857 1652 3913 noctem
1701 3848 1845 3912 fieri

343 3948 774 4035 praestolabor
813 3956 877 4011 et
913 3948 1192 4030 cupiam.
1228 3948 1417 4011 Dolor
1459 3966 1732 4030 namque
1773 3967 1849 4010 ea

341 4068 492 4133 quae
533 4049 792 4125 adsunt,
826 4066 956 4110 non
997 4047 1313 4130 permittit
1354 4047 1628 4129 placere,
1673 4054 1848 4128 opta-

345 4159 586 4230 turque
647 4156 900 4229 tempus
947 4144 1330 4208 afflictionis
1390 4144 1592 4207 finiri.
1627 4148 1714 4207 Et
1751 4168 1848 4206 re-

1959 3160 2026 3221 in
2059 3168 2223 3222 terra
2242 3160 2550 3239 agendam
2573 3167 2717 3240 post
2745 3166 3035 3221 mortem.
3069 3158 3442 3221 Fuitautem

1956 3258 2233 3321 Platonis
2262 3257 2501 3339 opinio,
2535 3258 2708 3339 quod
2752 3265 2895 3339 post
2932 3264 3101 3319 certa
3136 3265 3440 3338 tempora,

1958 3364 2255 3437 corrupta
2276 3355 2340 3417 in
2374 3354 2785 3417 inferioribus
2814 3354 2955 3416 istis
2976 3355 3197 3417 eodem
3231 3374 3447 3416 nume·

1959 3474 2029 3518 ro
2079 3460 2591 3519 reverterentur:
2627 3471 2819 3533 quem
2863 3471 3141 3516 errorem
3189 3460 3445 3516 sanctus

1953 3551 2070 3616 Joh
2098 3550 2391 3635 pluribus
2422 3549 2721 3632 reprobat
2752 3548 2932 3612 locis.

2041 3650 2275 3712 Deinde
2300 3647 2497 3710 Deum
2526 3637 2911 3728 alloquitur:
2938 3648 3254 3709 Memento
3284 3649 3445 3727 quia

1959 3757 2183 3809 ventus
2209 3756 2298 3807 est
2328 3748 2465 3805 vita
2484 3765 2650 3814 mea,
2672 3743 2735 3805 id
2764 3752 2881 3820 est,
2918 3744 3171 3807 duratio
3204 3753 3443 3827 tempo-

1960 3846 2044 3907 ris
2075 3865 2202 3927 qua
2240 3845 2344 3907 hic
2388 3844 2556 3920 vivo,
2590 3841 2939 3905 conformis
2985 3850 3082 3905 est
3124 3852 3314 3907 vento
3358 3842 3441 3905 ob

1959 3944 2223 4007 nimiam
2268 3942 2600 4022 utriusque
2647 3939 3127 4003 fluxibilitatem
3170 3960 3243 4003 ac
3288 3940 3445 4003 labi-

1959 4043 2200 4106 litatem
2238 4050 2301 4103 et
2337 4040 2755 4114 brevitatem;
2797 4040 3100 4121 itemque,
3133 4038 3438 4121 quoniam

1958 4141 2122 4205 sicut
2165 4149 2393 4206 ventus
2436 4140 2603 4202 idem
2646 4157 2773 4202 non
2818 4138 3002 4215 redit,
3038 4137 3123 4199 ita
3156 4136 3288 4201 vita
3332 4137 3445 4200 ho—

333 4250 571 4329 plebor
624 4247 955 4307 doloribus
1009 4264 1210 4323 usque
1258 4248 1346 4305 ad
1395 4247 1681 4305 tenebras
1739 4263 1849 4307 no-
1876 4244 1927 4308 D
1959 4240 2150 4302 minis
2198 4246 2341 4321 post
2377 4246 2645 4301 mortem
2677 4238 2755 4299 ad
2798 4236 2989 4300 istum
3022 4254 3151 4299 non
3190 4235 3445 4299 reverti·

341 4342 494 4419 etis,
549 4342 616 4405 id
664 4350 784 4418 est,
839 4349 966 4405 tota
1012 4340 1118 4404 die
1165 4340 1374 4423 poenis
1416 4339 1695 4404 afficiar.
1731 4342 1850 4405 Cu-

338 4443 452 4525 jus
491 4460 754 4505 causam
793 4441 1030 4523 adjecit
1066 4458 1080 4502 ε
1115 4444 1364 4503 Induta
1398 4450 1488 4501 est
1514 4461 1663 4501 caro
1709 4462 1849 4503 mea

329 4542 698 4620 putredine
721 4550 782 4601 et
807 4542 1103 4601 sordibus
1123 4540 1440 4617 pulver-2⁰3,
1480 4538 1542 4601 id
1575 4548 1692 4616 est,
1728 4560 1852 4601 ma·

339 4641 508 4705 teria
535 4649 604 4704 et
631 4638 814 4702 sanie
837 4639 1147 4716 ulcerosa,
1175 4638 1734 4721 immunditiisque
1753 4640 1849 4703 lo-

339 4741 402 4804 ci
447 4758 582 4821 quo
621 4738 834 4816 sedeo,
870 4737 1117 4801 scilicet
1164 4737 1574 4819 sterquilinii,
1612 4757 1845 4821 corpus

341 4858 568 4903 meum
613 4837 1066 4914 circumdatur,
1110 4836 1416 4919 impletur
1465 4855 1537 4899 ac
1589 4836 1842 4917 tegitur,

341 4938 518 5001 sicut
563 4936 712 5019 quis
761 4943 936 5001 veste
991 4935 1298 5017 operitur.
1345 4934 1482 5012 Vel,
1535 4934 1845 4998 Sordibus

340 5035 657 5118 pulveriS,
691 5034 759 5097 id
787 5042 886 5097 est
909 5032 1399 5116 pulverulentis,
1425 5032 1642 5095 Sanies
1673 5032 1843 5095 enim

341 5134 668 5212 indurata,
699 5131 982 5196 scabiem
1027 5130 1184 5194 facit
1214 5148 1229 5192 ε
1266 5149 1407 5213 quae
1436 5129 1736 5208 arefacta,
1774 5131 1844 5193 in

337 5234 680 5315 pulvorem
719 5231 968 5296 recidit.
1007 5233 1184 5293 Cutis
1215 5252 1352 5293 mea
1393 5233 1574 5292 aruit
1606 5240 1666 5292 et
1701 5250 1847 5293 con·

339 5342 554 5394 tracta
579 5341 695 5405 est,
729 5330 794 5392 id
835 5338 932 5393 est
961 5347 1188 5412 rugosa
1227 5327 1467 5392 effecta
1496 5348 1573 5393 ex
1603 5328 1846 5392 siccita-

1959 4348 2061 4403 tur
2107 4346 2365 4401 statum.
2418 4337 2576 4399 Hinc
2622 4336 2931 4418 scriptum
2974 4344 3116 4398 est:
3160 4334 3305 4409 Quae
3348 4342 3446 4397 est
3502 4361 3736 4417 Jaeotav,

1957 4437 2086 4501 vita
2134 4438 2389 4499 vestra?
2440 4435 2649 4517 Vapor
2692 4444 2788 4497 est
2830 4436 2909 4497 ad
2956 4434 3280 4497 modicum
3341 4453 3446 4516 pa·
3476 4428 3543 4473 ¹⁵·

1958 4556 2126 4613 rem,
2150 4535 2451 4617 deinceps
2480 4534 3027 4597 exterminabitur.
3064 4532 3178 4595 Et:
3212 4532 3445 4596 Omnes
3490 4554 3739 4611 uncam.

1955 4636 2287 4710 morimur,
2319 4642 2383 4697 et
2411 4633 2595 4715 quasi
2631 4651 2813 4713 aquae
2842 4631 3188 4694 dilabimur
3218 4631 3286 4694 in
3328 4640 3448 4695 ter·
3476 4619 3544 4663 ¹⁸·

1958 4755 2114 4812 ram,
2149 4752 2293 4815 quae
2325 4750 2452 4795 non
2493 4739 2918 4795 revertuntur.-
2950 4730 3098 4793 Orat
3133 4738 3346 4793 autem
3376 4738 3449 4792 ut

1958 4835 2119 4896 Deus
2149 4833 2379 4895 horum
2422 4830 2505 4893 sit
2544 4847 2807 4906 memor,
2842 4848 2971 4893 non
3002 4830 3173 4909 quod
3218 4829 3285 4891 in
3317 4830 3443 4893 Deo

1957 4933 2140 4995 cadat
2185 4930 2425 4994 oblivio
2472 4937 2585 4991 aut
2630 4948 2849 4992 recens
2895 4927 3287 5005 memoratio,
3324 4926 3435 4991 sed

1959 5030 2262 5113 quoniam
2284 5029 2483 5091 instar
2501 5026 2939 5091 obliviscentis
2958 5045 3029 5089 se
3048 5025 3258 5103 habet,
3283 5026 3438 5087 dum

1959 5146 2347 5211 quemquam
2364 5127 2534 5207 juste
2555 5125 2881 5207 relinquit,
2906 5124 3104 5186 autin
3134 5132 3443 5188 aeternum

1958 5228 2361 5303 condemnat,
2383 5232 2492 5287 aut
2520 5224 2797 5306 peccatis
2827 5222 3119 5303 ignoscit.
3156 5225 3315 5285 Dum
3343 5242 3451 5287 ve-

1959 5346 2032 5391 ro
2077 5326 2359 5409 aliquem
2406 5322 2899 5387 misericorditer
2945 5322 3148 5403 juvat,
3177 5322 3449 5405 gratiam
