4309 6259
599 745 666 787 2⁰.

641 1368 785 1412 Marc.
805 1382 862 1419 iv,

601 1434 669 1475 39.

631 2160 710 2203 Pa.
731 2174 808 2211 cm,
825 2165 866 2205 2.

640 2260 702 2303 1⁸.
717 2275 784 2313 ιι,
801 2265 868 2308 22.

603 4137 871 4188 Paaxxxvui,

610 4203 676 4243 ¹0.

633 4334 775 4377 meh.
792 4338 870 4384 1,3.

891 477 1011 541 428

890 760 1138 842 diebus,
1170 768 1271 829 his
1308 770 1422 849 qui
1461 789 1604 832 cum
1644 770 1835 833 Paulo
1873 780 2054 834 erant
2093 772 2160 833 in
2198 771 2369 835 navi.

889 863 1230 943 Postremo,
1264 867 1426 929 Deus
1454 870 1629 930 omni
1659 879 1982 947 creaturae,
2016 871 2206 933 etiam
2241 870 2377 931 ina-

891 963 1145 1027 nimatae
1173 973 1237 1027 et
1267 965 1616 1030 irrationali
1657 969 2002 1052 praecipere
2034 969 2289 1045 dicitur,
2313 976 2377 1030 et

892 1062 1003 1124 illa
1050 1063 1266 1127 obedit
1308 1082 1322 1127 ε
1365 1065 1517 1146 quia
1563 1068 1847 1149 potentia
1891 1069 2181 1150 quaedam
2229 1067 2377 1130 obe-

890 1161 1213 1225 dientialis
1265 1164 1324 1227 ei
1375 1165 1591 1229 innata
1645 1168 1970 1245 asseritur,
2019 1186 2148 1248 qua
2195 1167 2376 1230 Crea—

895 1261 1015 1323 tori
1064 1261 1299 1325 obedit.
1332 1263 1490 1327 Hinc
1532 1265 1820 1327 Christus
1862 1265 2022 1327 mari
2065 1274 2128 1328 et
2168 1266 2375 1329 ventis

893 1361 1217 1441 praecepit,
1243 1361 1512 1444 loquens
1539 1363 1620 1424 ad
1651 1382 1846 1439 mare,
1870 1363 2030 1426 Tace
2060 1372 2123 1427 et
2153 1363 2377 1425 obmu-

893 1466 1084 1536 tesce,
1117 1467 1188 1521 ut
1217 1459 1450 1539 legitur
1483 1461 1549 1521 in
1577 1460 1802 1524 Marco.

977 1560 1103 1627 Qui
1133 1562 1422 1619 extendit
1450 1564 1630 1620 coelos
1652 1565 1845 1630 solu-3,
1871 1561 1935 1622 id
1964 1569 2078 1637 est,
2105 1560 2245 1623 sine
2275 1581 2378 1624 cu-

888 1656 1189 1737 jusquam
1228 1657 1548 1737 adjutorio
1584 1677 1694 1721 seu
1733 1659 2176 1741 cooperatione
2205 1660 2380 1722 dedit

892 1755 1257 1817 coelestibus
1288 1756 1552 1819 orbibus
1580 1758 2100 1837 magnitudinem,
2118 1766 2379 1822 certam-

1719 502 2066 547 ENARRATIO
2109 502 2171 547 IN
2215 502 2351 549 cAP.
2398 502 2464 548 lx
2503 501 2628 549 1013.
2673 522 2753 531 —
2791 504 2936 550 ΛΒΤ.
2981 505 3135 551 xxm

617 682 861 734 Aenum.
891 666 1042 728 dum
1073 686 1189 731 nec
1210 670 1302 732 sol
1327 689 1444 734 nec
1463 672 1672 735 sidera
1693 682 2126 754 apparuerunt
2154 673 2373 735 multis
2404 673 2454 735 A
2485 672 2843 737 Facientem
2872 675 3207 739 Arcturum
3246 686 3309 741 et
3334 677 3649 741 Orionem.
3682 676 3749 739 ln
3787 675 3961 738 Mam·
4004 690 4232 738 Ano-vs.

2486 782 2795 836 motractu
2836 793 3092 856 quoque
3128 776 3345 839 Bibliae
3384 776 3587 839 fertur
3618 793 3633 837 ε
3666 776 3960 838 Arcturus

2485 879 2583 933 est
2612 870 2863 952 signum
2894 881 3138 954 septem
3171 874 3371 936 stellis
3401 874 3467 936 in
3494 892 3609 937 axe
3640 873 3881 950 lucenS,
3904 882 3961 935 et

2488 989 2737 1052 semper
2768 980 3074 1049 versatur,
3108 991 3564 1056 nunquamque
3608 972 3914 1053 mergitur
3944 991 3957 1033 :

2486 1070 2654 1151 quod
2696 1071 3026 1133 saeculares
3063 1070 3328 1133 Currum
3366 1071 3713 1154 appellant.
3754 1070 3963 1151 ltaque

2488 1168 2713 1231 horum
2770 1170 3133 1251 aggregatio
3191 1171 3495 1247 siderum,
3546 1177 3811 1233 vocatur
3853 1169 3961 1231 Ar-

2484 1275 2724 1329 cturus.

2566 1365 2757 1429 Orion
2788 1384 2939 1429 vero
2972 1386 3084 1430 seu
3110 1366 3360 1445 Oriona,
3384 1368 3619 1431 dicitur
3640 1367 3970 1431 constella-

2490 1465 2580 1527 tio
2610 1465 2900 1545 quaedam
2941 1473 3090 1528 nota
3125 1485 3199 1529 ac
3237 1466 3500 1530 evidens
3538 1466 3621 1529 ob
3662 1466 3971 1545 magnitu-

2490 1562 2704 1624 dinem
2734 1582 2915 1624 suam
2936 1571 2999 1625 et
3020 1563 3392 1640 claritatem,
3413 1564 3643 1646 partim
3667 1564 3971 1625 exsistens

2492 1661 2557 1722 in
2605 1660 2831 1737 Tauro,
2874 1670 2936 1723 et.
2983 1662 3213 1743 partim
3263 1662 3327 1723 in
3374 1662 3678 1724 GeminiS.
3712 1660 3971 1735 Quidam

2489 1778 2641 1822 vero
2661 1757 3009 1834 affirmant,
3029 1760 3199 1841 quod
3228 1760 3311 1822 sit
3338 1762 3590 1841 signum
3622 1769 3771 1823 ante
3790 1760 3971 1823 Tauri

892 1872 1018 1934 que
1049 1854 1422 1935 quantitatis
1457 1874 1818 1918 mensuram
1862 1876 1971 1919 seu
2005 1857 2375 1939 sphaericam
2418 1855 2461 1915 B
2491 1857 2756 1938 vestigia
2790 1856 3064 1939 fulgenS.
3099 1858 3309 1934 Porro,
3338 1858 3756 1939 Hieronymus
3789 1878 3975 1940 super

894 1970 1087 2031 quam
1127 1952 1363 2015 habent
1404 1952 1699 2033 figuram,
1744 1957 2092 2017 secundum
2132 1956 2381 2037 sapien-

895 2050 1000 2111 tiae
1045 2070 1175 2113 suae
1219 2051 1630 2114 inscrutabile
1679 2052 2381 2134 profundissimumque

897 2150 1244 2212 decretum.
1278 2150 1454 2213 Unde
1484 2151 1574 2212 ait
1610 2152 1938 2214 Psalmista
1977 2171 1990 2214 :
2022 2153 2379 2214 Extendens

899 2248 1092 2310 coelos
1131 2249 1295 2311 sicut
1337 2249 1591 2331 pellem.
1623 2251 1700 2311 Et
1737 2250 1926 2312 isaias
1959 2249 2181 2313 scribit
2214 2268 2228 2312 :
2263 2249 2379 2323 Qui

895 2348 1176 2409 extendit
1214 2347 1390 2411 velut
1429 2349 1700 2411 nihilum
1739 2348 1955 2426 cOEIOS,
1989 2358 2051 2411 et
2081 2348 2381 2431 expandit

895 2445 1038 2507 illos
1069 2446 1234 2509 sicut
1263 2448 1739 2510 tabernaculum
1761 2449 1840 2509 ad
1867 2448 2375 2510 inhabitandum.

891 2545 981 2606 Ex
1013 2545 1248 2625 quibus
1278 2547 1696 2626 quorumdam
1741 2546 2267 2627 philosophorum
2308 2566 2379 2609 ac

893 2643 1358 2721 haereticorum,
1393 2644 1741 2706 dicentium
1781 2644 1996 2707 omnia
2027 2645 2378 2726 corporalia

891 2741 971 2804 ab
1003 2742 1220 2824 aliqua
1250 2750 1462 2805 mente
1493 2751 1698 2804 creata
1732 2762 1870 2805 esse
1899 2744 2227 2825 producta,
2253 2762 2380 2806 non

895 2842 1260 2904 immediate
1289 2861 1325 2902 a
1359 2842 1504 2917 Deo,
1537 2860 1712 2903 error
1755 2840 2194 2904 confunditur.
2227 2842 2379 2905 Nam

893 2949 955 3003 et
1001 2939 1218 3002 Ariani
1268 2940 1566 3002 dixerunt
1608 2940 1924 3003 Christum
1974 2960 2197 3023 puram
2248 2960 2383 3003 esse

2490 1956 2680 2017 Amos
2709 1955 2885 2031 dicit,
2919 1957 3087 2037 quod
3118 1955 3306 2019 Orion
3336 1956 3543 2019 hieme
3584 1957 3806 2033 oritur,
3842 1976 3977 2019 suo-

2492 2074 2614 2136 que
2645 2063 2787 2117 ortu
2820 2063 3224 2136 tempestates
3254 2056 3461 2134 signat
3490 2064 3551 2118 et
3582 2055 3833 2118 excitat.
3860 2055 3970 2117 Cui

2491 2156 2879 2217 concordans
2910 2154 3245 2234 Gregorius
3279 2171 3293 2216 ε
3328 2154 3611 2231 Orione-S,
3645 2155 3873 2236 inquit,
3908 2154 3971 2216 in

2491 2252 2631 2334 ipso
2667 2253 2945 2334 pondere
2984 2253 3297 2334 temporis
3326 2252 3617 2314 hiemalis
3655 2254 3967 2327 oriuntur,

2490 2360 2554 2413 et
2572 2361 2715 2414 ortu
2748 2371 2863 2414 suo
2885 2360 3290 2433 tempestates
3319 2352 3616 2428 excitant,
3634 2352 3831 2413 maria
3862 2360 3975 2414 ter-

2490 2468 2719 2530 rasque
2753 2450 3145 2530 perturbant.
3174 2450 3349 2511 Unde
3382 2450 3759 2527 (secundum
3788 2467 3977 2530 quos-

2490 2548 2663 2628 dam)
2701 2547 2892 2610 Orion
2934 2548 3167 2609 dicitur
3207 2548 3389 2628 quasi
3419 2546 3632 2623 Urion,
3656 2547 3737 2609 ab
3766 2548 3973 2620 urina,

2492 2645 2555 2707 id
2588 2655 2684 2707 est
2711 2645 2792 2707 ab
2826 2646 3244 2709 inundatione
3272 2665 3601 2726 aquarum.
3624 2645 3713 2707 Ex
3742 2646 3977 2726 quibus

2491 2752 2685 2825 patet,
2722 2764 2835 2807 cur
2876 2744 2942 2805 in
2984 2745 3149 2807 libro
3188 2745 3597 2807 Meteororum
3639 2744 3809 2806 dicat
3846 2745 3981 2806 Phi-

2493 2843 2820 2924 losophus,
2857 2844 3027 2923 quod
3048 2843 3240 2906 Orion
3269 2843 3353 2904 sit
3383 2841 3763 2906 indiscretus
3792 2852 3982 2923 atque

2492 2940 2813 3005 difficilis.
2862 2943 3204 3019 Postremo,
3250 2941 3541 3004 Albertus
3592 2941 3817 3005 scribit
3861 2943 3981 3005 hoc

893 3048 1271 3114 creaturam,
1297 3047 1359 3101 et
1381 3038 1584 3102 nihilo
1613 3040 1826 3101 minus
1854 3040 2154 3105 universa
2185 3059 2384 3103 creas·
2415 3036 2459 3099 C
2494 3040 2633 3103 loco
2669 3058 2682 3102 :
2716 3040 2908 3104 Orion
2958 3040 3355 3105 constellatio
3396 3048 3491 3102 est
3532 3059 3754 3105 versus
3797 3040 3981 3103 meri-

895 3158 982 3201 se.
1017 3138 1210 3219 Cujus
1240 3137 1602 3219 oppositum
1635 3139 1753 3201 hoc
1785 3139 1923 3202 loco
1952 3148 2015 3202 et
2054 3138 2221 3200 infra
2258 3138 2385 3201 cla-

899 3237 1149 3299 rissime
1189 3237 1509 3298 edocetur.
1545 3239 1629 3297 Ec
1669 3240 1982 3313 ,qr-aditur
2023 3256 2216 3313 super
2261 3240 2384 3314 siu-

895 3346 1032 3396 ctus
1062 3336 1290 3404 maris,
1323 3334 1387 3396 id
1426 3343 1542 3411 est,
1579 3335 1777 3397 instar
1808 3335 2155 3415 gradientis
2193 3344 2383 3418 atquc

897 3432 1198 3496 calcantis
1232 3433 1493 3515 subjicit
1523 3452 1631 3495 eos
1659 3454 1789 3496 suae
1821 3435 2146 3517 sapientiae
2177 3434 2385 3517 dispo-

897 3532 1137 3607 sitioni,
1169 3551 1426 3613 suaequc
1458 3530 1803 3594 voluntatis
1836 3532 2127 3614 imperiO,
2162 3552 2242 3595 ne
2271 3541 2386 3595 ter-

899 3630 1106 3691 minos
1157 3629 1278 3692 sibi
1331 3629 1628 3711 praefixos
1679 3631 2104 3709 egrediantur.
2155 3630 2383 3704 Quem-

897 3729 1240 3790 admodum
1289 3728 1461 3791 enim
1505 3728 1837 3790 ambulans
1881 3748 2072 3811 super
2114 3729 2380 3809 aliquid,

899 3826 1168 3909 pedibus
1200 3826 1357 3889 illud
1387 3827 1520 3889 suis
1551 3827 1928 3900 substernit3
1964 3826 2055 3890 sic
2080 3828 2241 3891 Deus
2272 3847 2385 3889 sua

899 3926 1134 3988 virtute
1165 3924 1405 3987 fluctus
1436 3925 1628 3987 maris
1660 3927 1737 3988 ad
1775 3925 2024 3987 libitum
2066 3946 2252 3988 suum
2292 3946 2388 3988 re-

901 4023 1140 4106 primit,
1177 4024 1426 4103 mitigat
1454 4032 1515 4085 et
1545 4024 1912 4106 compescit,
1947 4025 2199 4087 dicente
2227 4025 2389 4087 Psal-

901 4122 1127 4185 mista:
1164 4123 1254 4184 Tu
1285 4122 1633 4185 dominaris
1663 4124 1955 4203 potestati
1987 4123 2182 4184 maris
2208 4148 2223 4197 3
2261 4142 2389 4186 mo—

2493 3138 2683 3215 diem‚
2741 3139 2961 3201 lucens
3008 3139 3129 3201 sub
3178 3139 3532 3219 Sagittario,
3586 3148 3650 3202 et
3696 3140 3830 3203 sole
3878 3160 3981 3201 ex-

2492 3237 2757 3300 sistente
2803 3237 2869 3298 in
2927 3236 3262 3317 Sagittario
3318 3246 3459 3300 ortu
3508 3238 3787 3301 cosmico
3846 3236 3979 3299 sive

2434 3398 2443 3407 ,
2493 3337 2846 3410 mundan03
2870 3344 3091 3416 estque
3114 3335 3493 3417 principium
3516 3335 3811 3399 hiemalis
3834 3344 3982 3399 tem·

2493 3433 2779 3516 pestatiS,
2813 3433 2961 3494 dum
3006 3432 3309 3513 frigidum
3352 3440 3561 3495 movet
3598 3434 3675 3494 ad
3707 3433 3983 3496 elemen-

2494 3542 2703 3595 torum
2737 3531 3275 3607 commixtionem,
3310 3540 3380 3593 ut
3406 3531 3835 3613 inspissentur
3862 3533 3983 3595 ele-

2492 3639 2703 3694 menta
2722 3631 2797 3692 ad
2818 3630 3492 3710 generationemverha
3516 3630 3649 3692 haec
3670 3630 3989 3703 intricata,

2495 3740 2559 3793 et
2604 3749 2641 3791 a
2690 3728 3010 3810 praedictis
3066 3728 3291 3810 partim
3348 3727 3773 3810 discrepantia
3826 3728 3984 3791 mihi

2498 3829 2814 3891 videntur.

2575 3926 2901 4001 Praeterea,
2946 3926 3295 3988 secundum
3346 3925 3674 4001 Thomam,
3718 3926 3983 4007 HyadeS,

2498 4025 2696 4088 stellae
2727 4026 3015 4105 quaedam
3046 4031 3215 4099 sunt,
3242 4024 3306 4085 in
3340 4032 3595 4105 pectore
3624 4024 3813 4086 Tauri
3842 4044 3989 4087 con-

2498 4124 2814 4199 sistenteS,
2849 4131 3125 4203 suntque
3154 4123 3425 4185 multum
3467 4122 3778 4185 notabiles
3818 4122 3981 4185 visu.

901 4229 1036 4282 tum
1061 4229 1273 4282 autem
1301 4220 1616 4282 fluctuum
1639 4221 1777 4300 ejus
1803 4228 1868 4281 tu
1895 4220 2167 4302 mitigas
2182 4221 2386 4284 Simili
2418 4217 2467 4277 D
2497 4222 2653 4284 Huic
2684 4221 2854 4284 dicto
2884 4222 3111 4283 saltem
3150 4221 3379 4304 partim
3420 4222 3778 4294 concordat,
3813 4223 3985 4302 quod

901 4319 1090 4381 modo
1131 4318 1438 4399 scriptum
1482 4328 1573 4380 est
1625 4318 1686 4381 in
1741 4320 2040 4381 Michaea:
2083 4320 2387 4382 Dominus

901 4415 1172 4477 calcabit
1204 4434 1394 4496 super
1424 4415 1668 4478 excelsa
1702 4425 1904 4479 terrae.

982 4514 1110 4583 Qui
1140 4513 1305 4589 facit
1333 4516 1722 4583 Arcturum,
1751 4525 1810 4575 et
1843 4517 2105 4586 Oriona,
2128 4526 2189 4575 et
2218 4518 2390 4593 Hya-

896 4616 1036 4672 das,
1072 4611 1184 4673 Per
1213 4611 1574 4687 Arcturum,
1611 4611 1906 4674 Albertus
1949 4612 2250 4693 intelligit
2281 4632 2390 4694 po-

899 4709 1032 4771 lum
1067 4709 1372 4773 arcticum
1406 4730 1478 4772 ac
1504 4710 1892 4792 principium
1927 4709 2391 4791 frigoris.Tho-

899 4827 1034 4870 mas
1083 4828 1234 4872 vero
1281 4809 1390 4885 ait,
1425 4808 1597 4890 quod
1636 4808 1940 4870 Arcturus
1981 4809 2062 4869 sit
2098 4810 2387 4889 quaedam

899 4907 1300 4969 constellatio
1331 4906 1396 4968 in
1427 4907 1610 4982 coelo,
1647 4924 1788 4986 quae
1817 4906 2049 4969 dicitur
2076 4908 2231 4969 Ursa
2260 4926 2390 4969 ma-

897 5006 1017 5085 jor,
1071 5014 1134 5067 et
1181 5004 1372 5066 habet
1419 5013 1660 5086 septem
1709 5004 1924 5066 stellas
1972 5005 2197 5083 claraS,
2247 5026 2389 5087 quae

901 5102 1086 5166 nobis
1127 5121 1453 5183 nunquam
1497 5103 1817 5179 occidunt,
1853 5104 1961 5165 sed
1993 5123 2243 5185 semper
2271 5104 2392 5166 cir-

901 5210 1206 5264 cumeunt
1235 5202 1450 5283 polum
1485 5202 2045 5283 septentrionalem
2077 5221 2188 5264 seu
2212 5202 2393 5265 arcti-

903 5318 1070 5361 cum.
1087 5300 1258 5363 ldem
1279 5300 1504 5363 asserit
1520 5300 1738 5363 Glossa
1771 5320 1962 5383 super
1983 5300 2142 5363 illud
2164 5301 2385 5364 Amos:

2498 4321 2607 4382 alii
2656 4320 2899 4397 dicunt,
2936 4320 3100 4383 hanc
3140 4339 3277 4382 esse
3323 4319 3871 4383 constellationem
3915 4320 3983 4381 in

2499 4418 2709 4482 fronte
2759 4418 2970 4495 Tauri,
3025 4418 3267 4481 vernali
3320 4426 3601 4499 tempore
3647 4418 3981 4480 orientem.

2496 4517 2833 4597 Gregorius
2880 4536 3137 4597 quoque
3182 4525 3451 4578 testatur
3484 4534 3497 4577 :
3528 4516 3987 4580 Juvenescente

2496 4634 2713 4691 verno,
2750 4616 2993 4697 Hyades
3044 4616 3119 4677 ad
3172 4614 3317 4677 coeli
3368 4613 3595 4676 faciem
3645 4615 3983 4696 prodeunt,

2496 4721 2690 4794 atque
2740 4713 2913 4775 illius
2966 4712 3131 4792 signi
3183 4712 3496 4775 inhaerent
3543 4712 3767 4784 initiis,
3814 4714 3988 4793 quod

2499 4811 2817 4894 sapientes
2849 4811 3065 4874 saeculi
3098 4812 3374 4873 Taurum
3402 4811 3749 4894 appellant.
3774 4810 3991 4873 Graeco

2498 4918 2707 4972 autem
2756 4910 3015 4972 nomine
3062 4913 3307 4987 lzyados
3355 4909 3575 4990 pluvia
3622 4908 3877 4985 dicitur,
3930 4918 3995 4971 et

2499 5008 2741 5091 Hyades
2781 5027 2818 5070 a
2852 5006 3090 5089 pluviis
3132 5025 3363 5070 nomen
3403 5015 3803 5089 acceperunt,
3840 5027 3996 5090 quo-

2501 5107 2674 5168 niam
2722 5116 2897 5181 ortae,
2950 5107 3169 5188 procul
3222 5106 3419 5169 dubio
3468 5106 3699 5168 imbres
3750 5105 3991 5170 ferunt.

2501 5204 2658 5267 Hinc
2689 5204 2775 5265 ait
2804 5204 3101 5266 Albertus
3126 5222 3140 5265 :
3168 5204 3409 5285 Hyades
3436 5204 3736 5265 dicuntur
3764 5223 3799 5266 a
3828 5204 3995 5266 Grae-

2502 5320 2577 5365 co
2622 5305 2853 5380 hydor,
2897 5303 3066 5383 quod
3117 5308 3213 5363 est
3258 5320 3445 5382 aqua,
3485 5308 3549 5364 et
3595 5309 3745 5362 sunt
3792 5302 3995 5365 stellae
