4309 6259
880 494 961 559 64

1447 509 1797 557 cumano
1839 511 1900 556 [N
1943 510 2082 557 cn.
2127 510 2231 556 XV!
2274 510 2433 557 unm
2472 510 2697 565 omum
2736 512 2965 559 REGUU.
3008 531 3089 543 -—
3128 513 3271 559 Am.
3314 512 3423 559 111

956 688 1151 746 Anno
1185 686 1460 745 secundo
1488 686 1738 747 phacee
1762 684 1898 761 filii
1921 686 2233 745 Romelioe
2260 704 2361 743 re·
2391 681 2443 743 A
2474 688 2643 747 hum
2690 688 3022 756 Romelioe,
3070 687 3147 748 ad
3196 684 3632 794 castigandum
3678 702 3791 766 per
3849 700 3963 745 eos

868 784 974 858 qis
1016 785 1244 853 Israel,
1284 784 1584 859 reynam't
1624 782 1907 843 Joathan
1953 784 2137 859 filius
2186 783 2361 843 022·ae

872 883 1042 959 reyis
1058 883 1256 943 Iuda.
1280 883 1532 958 Πρέπει·
1558 883 1848 961 quinque
1874 901 2202 942 annorum
2220 890 2363 941 erat

873 1002 1074 1061 quum
1117 1000 1390 1057 reynare
1425 983 1728 1059 coepisset‚
1759 990 1820 1041 et
1855 983 2128 1041 sedecim
2164 982 2363 1042 annis

872 1082 1170 1157 reynavit
1201 1082 1273 1139 in
1291 1082 1668 1142 Jerusalem.
1691 1081 1942 1143 Nomen
1973 1082 2205 1141 matris
2222 1080 2365 1156 ejus

869 1182 1124 1249 Iertes-a,
1143 1180 1293 1255 filia
1311 1180 1542 1240 Sadoc.
1565 1180 1862 1258 Fen-itque
1879 1181 2052 1259 quod
2069 1188 2210 1239 erat
2220 1182 2365 1255 pla-

871 1280 1076 1339 citum
1113 1298 1330 1339 coram
1367 1279 1642 1340 Domino
1656 1301 1686 1350 ;
1707 1278 1914 1354 juxta
1952 1279 2176 1339 omnia
2218 1297 2363 1357 quae

871 1380 1028 1455 fecit
1055 1380 1248 1439 Ozias
1276 1388 1468 1454 pater
1503 1397 1683 1447 suus,
1712 1388 2010 1453 operatus
2035 1386 2148 1437 est.
2184 1376 2361 1437 Unde

872 1476 1290 1558 Hieronymus
1320 1494 1512 1558 super
1540 1475 1788 1551 isaiam,
1806 1476 2060 1539 vocavit
2087 1494 2233 1539 eum
2262 1475 2363 1556 ju-

2470 784 2761 865 quaedam
2792 792 3051 866 peccata
3077 783 3298 867 populi
3321 784 3501 860 Juda,
3524 782 3635 864 qui
3660 802 3697 845 a
3716 791 3963 891 tempo-

2475 900 2543 943 re
2572 882 2927 945 Salomonis
2956 893 3021 945 et
3050 882 3373 963 deincepS,
3398 899 3527 945 non
3556 880 3827 944 cessavit
3842 879 3964 941 im-

2472 980 2713 1045 molare
2738 991 2802 1045 et
2832 981 3085 1046 adolere
3126 1001 3241 1045 seu
3268 999 3551 1045 cremare
3583 980 3843 1043 incensa
3884 978 3961 1040 in

2474 1079 2631 1143 locis
2671 1080 3055 1144 sublimibus
3088 1098 3103 1143 ε
3136 1081 3333 1163 quod,
3382 1079 3621 1161 templo
3663 1087 3959 1142 constru-

2473 1188 2597 1256 cte,
2632 1198 2759 1243 non
2802 1179 3007 1255 licuit,
3040 1179 3335 1262 quamvis
3367 1177 3556 1241 fieret
3594 1178 3673 1240 ad
3700 1176 3811 1240 Dei
3842 1178 3961 1239 ho-

2473 1296 2718 1341 norem.
2742 1281 2829 1341 Ec
2846 1282 3159 1341 dormivit
3174 1282 3458 1341 Joathan
3484 1298 3634 1339 oum
3656 1278 3957 1355 patribus

2468 1380 2632 1447 suis,
2656 1383 3067 1459 sepultusque
3092 1388 3183 1439 est
3212 1380 3285 1437 in
3313 1378 3576 1437 civitate
3604 1378 3823 1437 David
3846 1395 3963 1453 pa-

2473 1478 2593 1536 tris
2606 1480 2728 1545 sui,
2747 1487 2806 1537 et
2825 1480 3121 1555 reynavit
3137 1479 3357 1538 Achaz
3376 1478 3559 1554 filius
3578 1476 3715 1552 ejus
3728 1495 3851 1555 pro
3868 1494 3957 1535 eo.

645 1584 682 1628 11
705 1585 820 1629 Par.

581 1652 818 1699 must-⁶·
2550 1574 2978 1656 Spiritualiter
3007 1576 3113 1639 hic
3133 1576 3457 1652 docemur,
3479 1574 3761 1656 qualiter
3786 1574 3954 1637 inter
4034 1594 4203 1639 Sam

873 1574 1222 1637 stissimum
1245 1599 1260 1650 3
1293 1584 1356 1638 et
1385 1575 1664 1638 secundo
1691 1574 2213 1656 Paralipomenon
2234 1593 2364 1636 ma-

871 1672 1268 1754 gnific-entia,
1295 1673 1702 1755 prosperitas,
1729 1672 2055 1749 fortitudo,
2090 1681 2154 1736 et
2180 1672 2361 1753 justi·
2470 1675 2777 1755 superbos
2806 1694 3058 1757 semper
3086 1683 3235 1736 sunt
3259 1674 3496 1755 jurgia,
3521 1682 3583 1736 et
3602 1682 3841 1755 quanta
3868 1672 3954 1736 fa·
3980 1658 4255 1773 ’ζξῗζυώῇ

873 1773 961 1835 tia
987 1774 1128 1855 ejus
1159 1772 1568 1836 scribuntur:
1593 1773 1672 1834 de
1699 1772 1935 1853 quibus
1966 1780 2028 1835 et
2045 1771 2357 1853 Iosephus
2467 1772 2688 1835 cinora
2716 1773 2936 1853 gignat
2965 1772 3254 1849 ambitio,
3280 1780 3343 1835 et
3370 1772 3648 1853 qualiter
3683 1780 3947 1851 regnum
3984 1787 4047 1825 ¹⁰

871 1870 1218 1951 magnifice
1239 1870 1474 1934 scribit.
1494 1875 1940 1931 Verumtamen
1959 1874 2207 1930 excelsa
2228 1890 2357 1931 non
2394 1869 2486 1936 Β
2470 1889 2535 1930 m
2566 1888 2635 1932 se
2664 1870 2966 1946 divisum,
3002 1870 3294 1933 celeriter
3330 1868 3671 1932 desoletur.
3705 1869 3858 1930 Nam
3888 1877 3950 1932 et
3978 1847 4252 1959 ἰξαῖζῗ,

865 1972 1152 2031 abstulit.
1167 1974 1400 2032 Adhuc
1413 1974 1692 2047 populus
1715 1972 2107 2040 immolabat,
2130 1980 2190 2030 et
2208 1973 2358 2029 ado-
2466 1987 2733 2050 regnum
2764 1968 2952 2031 Israel
2995 1968 3063 2030 in
3094 1966 3379 2051 praefatis
3410 1967 3755 2050 tyrannicis
3788 1968 3949 2049 regi-
3980 1973 4047 2021 ¹⁷

865 2071 1029 2129 lebat
1060 2072 1393 2131 incensum
1423 2072 1496 2129 in
1517 2072 1801 2129 excelsis.
1822 2072 1967 2147 Ipse
1993 2071 2348 2146 oedifi'eavit
2464 2066 2583 2129 bus
2613 2067 2838 2129 habuit
2867 2066 3092 2130 finem.
3127 2067 3308 2129 Tales
3348 2076 3561 2130 autem
3592 2085 3771 2147 reges
3802 2086 3945 2129 raro

853 2179 1114 2245 portam
1131 2172 1359 2229 domus
1378 2171 1650 2230 Domini
1666 2168 2355 2231 sublimissimamcir-
2462 2174 2571 2227 aut
2615 2185 2943 2247 nunquam
2988 2166 3227 2229 habent
3266 2166 3477 2230 cordis
3527 2164 3951 2247 tranquillita-

861 2285 937 2329 ca
966 2267 1086 2330 hoc
1115 2267 1340 2330 scribit
1357 2266 1622 2349 quidam
1643 2284 1658 2328 ε
1679 2266 1908 2329 Dicunt
1927 2266 2355 2329 communiter
2461 2272 2622 2339 tem3
2647 2266 2757 2328 sed
2788 2265 3055 2328 insidias
3084 2266 3337 2328 assidue
3366 2264 3793 2346 suspicantur,
3814 2264 3950 2328 vix-

863 2365 1154 2428 doctores
1183 2366 1383 2429 nostri
1393 2366 1596 2447 ,quod
1626 2366 1749 2426 ista
1775 2374 1873 2427 est
1898 2373 2084 2446 porta
2108 2384 2254 2446 quae
2285 2365 2351 2426 in
2460 2385 2585 2447 que
2614 2365 2808 2428 alicui
2836 2365 3126 2441 credunt,
3161 2364 3317 2446 quia
3360 2382 3478 2427 nec
3518 2364 3641 2445 ipsi
3673 2363 3950 2426 fidelita-

599 2472 704 2516 Aet-
720 2486 778 2523 m
795 2474 836 2524 Ξ,
862 2462 1034 2527 Actis
1079 2472 1341 2527 vocatur
1383 2473 1567 2546 porta
1612 2463 1832 2546 templi
1873 2463 2193 2573 Speciosa.
2231 2462 2353 2525 Sed
2462 2472 2587 2526 tem
2618 2469 2971 2526 servarunt.
3006 2462 3150 2525 ldeo
3180 2462 3488 2544 scriptum
3518 2469 3655 2524 est:
3689 2460 3949 2525 Sonitus
3992 2481 4083 2526 σοι,
4098 2486 4253 2533 aas.

573 2537 641 2577 ¹⁰⁸
865 2563 986 2626 hoc
1017 2580 1146 2625 non
1178 2563 1431 2626 videtur
1451 2581 1694 2639 verum,
1713 2561 2018 2644 quoniam
2046 2562 2355 2625 Nabuzar·
2460 2562 2719 2625 terroris
2750 2580 3002 2644 semper
3032 2562 3099 2624 in
3130 2561 3393 2623 auribus
3424 2560 3628 2643 impii,
3653 2570 3719 2624 et
3744 2580 3945 2644 quum

569 2668 838 2728 Why-‚m
864 2662 989 2723 dan
1019 2662 1306 2725 incendit
1335 2661 1642 2743 templum
1672 2668 1738 2724 et
1763 2662 2024 2723 domum
2065 2660 2253 2740 regis,
2289 2670 2354 2724 et
2458 2680 2579 2743 pax
2627 2660 2732 2737 sit,
2772 2661 2883 2724 ille
2932 2658 3197 2723 insidias
3245 2660 3626 2741 suspicatur.
3660 2659 3726 2722 In
3780 2659 3947 2724 libro

569 2736 612 2784 ⁸·
633 2736 674 2779 ⁹
861 2758 1186 2823 civitatem
1210 2760 1597 2823 Jerusalem:
1632 2760 1776 2823 ideo
1805 2768 1990 2842 porta
2017 2760 2096 2823 de
2124 2778 2253 2841 qua
2281 2760 2347 2821 in
2455 2777 2715 2841 quoque
2762 2758 3102 2841 SapIentiae
3151 2758 3385 2839 legitur
3428 2776 3443 2819 :
3477 2757 3740 2840 Semper
3788 2778 3947 2841 prae-
4012 2786 4257 2843 svam,

861 2857 1145 2937 Actibus,
1169 2858 1292 2921 fuit
1319 2858 1430 2921 diu
1461 2867 1680 2940 postea
1707 2856 2060 2933 aedificata3
2094 2864 2161 2920 et
2183 2857 2351 2921 Iose-
2456 2856 2653 2920 sumit
2698 2876 2865 2921 saeva
2912 2856 3279 2940 perturbata
3328 2856 3741 2921 conscientia.
3773 2846 3941 2921 Nihil
3976 2851 4043 2899 ¹⁰·
4068 2853 4139 2895 ¹¹·

859 2958 1026 3038 phus
1048 2957 1214 3022 velle
1239 2959 1494 3021 videtur
1518 2958 1692 3040 quod
1723 2957 1846 3020 fuit
1875 2965 2237 3021 constructa
2265 2956 2347 3019 ab
2454 2954 2629 3018 enim
2660 2964 2759 3019 est
2796 2956 3009 3033 timor,
3046 2956 3173 3018 nisi
3218 2955 3737 3038 praesumptionis
3765 2956 3945 3019 auxi-

859 3055 1100 3119 Herode
1127 3056 1508 3119 Ascalonita.
1527 3056 1763 3119 Verum
1793 3057 1894 3119 his
1925 3056 2140 3119 obviat
2170 3055 2342 3137 quod
2379 3054 2423 3117 C
2456 3053 2637 3116 lium.
2672 3054 2943 3118 Econtra
2984 3054 3357 3117 innocentes
3400 3063 3465 3117 et
3492 3054 3672 3131 recti,
3706 3054 3821 3135 qui
3860 3055 3944 3117 si-

853 3153 1144 3235 Magister
1171 3156 1241 3217 in
1271 3155 1553 3219 historiis
1585 3154 2062 3237 loquiturzllaec
2081 3163 2179 3218 est
2197 3173 2341 3236 quae
2450 3151 2517 3215 bi
2546 3154 2786 3217 conscii
2818 3172 2949 3216 non
2978 3161 3129 3215 sunt
3169 3153 3342 3235 quod
3374 3160 3729 3216 nocuerunt
3768 3153 3935 3231 aliis,

853 3252 922 3314 in
951 3254 1213 3317 Actibus
1242 3254 1687 3337 Apostolorum
1719 3254 2017 3336 Speciosa
2047 3263 2335 3329 vocatur,

851 3359 917 3413 et
943 3352 1025 3413 ab
1053 3353 1330 3416 Hebraeis
1360 3362 1543 3435 porta
1576 3353 1844 3417 Joathan
1887 3353 2157 3427 dicitur3
2202 3354 2337 3415 haec

853 3451 990 3512 sola
1017 3452 1322 3515 remansit
1351 3452 1416 3514 in
1449 3452 1780 3516 eversione
1819 3452 1984 3516 facta
2015 3471 2130 3534 per
2158 3450 2341 3515 Chal·

851 3549 1042 3611 daeos.
1541 3628 1548 3635 .

925 3650 1210 3728 Reliqua
1255 3658 1474 3710 autem
1513 3669 1883 3710 sermonum
1920 3651 2229 3719 lanckun,
2274 3658 2335 3709 et

851 3749 1157 3808 universa
1183 3768 1326 3827 quoe
1342 3750 1523 3825 feeit,
1541 3768 1754 3809 nonne
1771 3750 1906 3809 Izoec
1921 3750 2165 3825 scripta
2182 3758 2337 3807 sunt

849 3846 922 3905 in
963 3847 1124 3905 libro
1163 3848 1506 3907 Verborum
1543 3847 1801 3906 dierum
1843 3865 2070 3921 reyum
2105 3847 2283 3905 Iuda
2306 3846 2339 3904 ἒ

846 3946 930 4005 In
958 3947 1184 4005 diebus
1227 3946 1365 4004 illis
1406 3946 1594 4021 coepit
1623 3946 1944 4005 Dominus
1981 3945 2233 4003 mittere
2263 3946 2337 4003 in

841 4044 1086 4104 Iudam
1113 4045 1319 4105 Rasin
1361 4062 1570 4121 reyem
1611 4042 1848 4119 Syriae,
1880 4051 1940 4102 et
1969 4044 2220 4103 Phacee
2257 4046 2337 4119 fi-

2447 3268 2678 3331 magna
2715 3251 3053 3314 securitate
3094 3252 3411 3315 laetantur.
3442 3252 3789 3329 Postremo,
3824 3270 3941 3334 per

2446 3349 2657 3413 Oziam
2685 3350 2799 3432 qui
2830 3351 2955 3412 sibi
2986 3350 3377 3414 sacerdotale
3411 3350 3751 3431 usurpavit
3789 3349 3944 3414 offi-

2447 3449 2643 3525 cium,
2678 3449 2839 3512 bene
2884 3449 3331 3530 intelliguntur
3374 3449 3699 3531 principes
3740 3468 3943 3513 saecu-

2448 3548 2634 3625 lareS‚
2682 3548 2795 3629 qui
2844 3550 2925 3612 de
2972 3547 3423 3611 ecclesiasticis
3476 3546 3817 3611 beneficiis
3866 3568 3941 3611 ac

2446 3646 2865 3726 dignitatibus
2903 3645 3334 3723 conferendiS,
3370 3655 3479 3708 aut
3518 3646 3662 3709 aliis
3714 3666 3942 3730 procu·

2449 3745 2685 3822 randiS,
2725 3745 2891 3808 ultra
2938 3764 3119 3808 suam
3168 3764 3237 3807 se
3286 3743 3722 3807 intromittunt
3767 3766 3945 3809 men—

2448 3862 2702 3917 suram3
2736 3843 2956 3924 sicque
2996 3842 3367 3925 cupiditatis
3410 3850 3473 3905 et
3509 3843 3807 3907 elationis
3846 3844 3946 3907 in-

2448 3950 2715 4003 currunt
2744 3940 3009 4024 lepram,
3044 3950 3107 4005 et
3138 3941 3717 4004 innumerabilibus
3748 3951 3943 4024 atque

2444 4038 2839 4119 gravissimis
2868 4039 3287 4104 involvuntur
3318 4040 3619 4121 peccatiS.

1923 4468 2567 4557 ARTICULUS
2642 4470 2848 4557 XIX

1055 4744 1370 4790 Exposrrlo
1411 4742 1686 4789 mrmu
1729 4742 2112 4789 sEmeEclm
2158 4744 2173 4788 :
2218 4743 2383 4788 ANNo
2426 4742 2903 4789 snrrmonsscmo
2944 4743 3185 4789 PHACEE
3226 4743 3369 4788 utu
3408 4742 3709 4789 ROHELIAE.

977 5022 1370 5101 EGNATlO,
1393 5022 1814 5103 transgressio
1845 5030 2040 5104 atque
2072 5020 2327 5104 punitio
2357 5021 2409 5083 D
2440 5030 2499 5083 ta
2548 5030 2698 5082 sunt
2754 5039 2899 5103 quae
2944 5020 3049 5083 hic
3098 5020 3487 5083 scribuntur.
3519 5025 3715 5083 Anno
3742 5026 3934 5100 septi-

993 5125 1160 5205 regis
1189 5125 1415 5201 Achaz,
1439 5124 1545 5187 hic
1565 5121 2018 5185 describuntur
2045 5139 2058 5182 :
2083 5121 2165 5182 de
2184 5120 2327 5200 qui-

2432 5121 2780 5179 modecimo
2822 5122 3069 5180 Phae-ee
3096 5122 3232 5197 filii
3260 5123 3591 5189 Romelt'oe,
3626 5125 3932 5197 reynavit

603 5234 641 5278 u
665 5235 778 5277 1³0¹·-
832 5223 954 5287 bus
1001 5224 1192 5285 etiam
1243 5222 1524 5285 secundo
1581 5222 1746 5284 libro
1795 5218 2323 5300 Paralipomenon
2432 5220 2651 5278 Achaz
2680 5218 2865 5294 filius
2898 5218 3180 5278 Joatlaean
3224 5220 3395 5295 reyis
3428 5221 3629 5280 Iuda.
3674 5222 3931 5296 Viqinti

541 5310 684 5341 mm·

829 5330 1159 5399 tractatur,
1193 5330 1258 5385 et
1295 5321 1386 5383 ibi
1431 5339 1546 5403 pro
1575 5338 1806 5401 magna
1848 5326 2030 5401 parte
2075 5316 2321 5397 exposi-

2430 5334 2757 5375 annorum
2798 5324 2937 5375 erac
2977 5317 3195 5375 Achaz
3246 5337 3447 5395 quum
3492 5336 3764 5393 reynare
3810 5338 3927 5379 σα·-
