4309 6259
637 1968 785 2011 Eccli.

598 2045 736 2083 xxxiv,
764 2034 803 2074 7.

629 2166 735 2209 Lev.
755 2180 838 2215 xix,

576 2223 644 2263 26.

582 2462 730 2505 Ecclae.
744 2476 784 2511 v,
799 2466 837 2503 2.

579 2650 840 2703 Gen-xxxvii,

579 2716 602 2754 7

609 2716 680 2765 ,9.

594 3050 843 3101 Danaum.

611 4924 780 4967 Colone.
792 4938 847 4975 m,

587 4989 627 5027 5.

865 474 984 537 412

1733 494 2078 541 ENARRATIO
2121 494 2183 539 IN
2226 494 2362 539 cAP.
2398 493 2481 538 vn
2522 492 2647 539 1013.
2694 512 2775 522 —
2814 492 2955 537 Am.
3003 493 3089 538 ΣΧ

865 670 925 724 et
949 682 1138 744 quam
1170 664 1808 746 supet-gravissimum
1828 664 1910 727 sit
1929 684 1964 726 a
1985 664 2205 727 divino
2224 663 2358 727 vul·
2385 660 2436 724 A
2464 671 2832 747 pescuntur.
2876 663 2979 727 Sic
3024 683 3299 745 namque
3343 672 3407 727 et
3449 662 3736 725 Christus
3769 661 3956 742 jubet

869 768 934 822 tu
965 762 1032 823 in
1061 770 1366 825 aeternum
1398 764 1655 847 repelli;
1684 764 1775 827 sic
1808 765 1956 826 talia
1987 763 2357 845 frequenter

867 862 933 924 in
974 880 1196 925 somno
1235 870 1297 925 et
1336 862 1582 925 visione
1619 884 1728 925 seu
1769 863 2223 944 imaginatione
2256 882 2358 925 no-

865 968 1092 1023 cturna
1123 960 1215 1023 eis
1245 980 1373 1024 non
1405 962 1542 1025 sine
1573 982 1806 1045 pavore
1837 970 2197 1025 occurrunt.
2217 962 2358 1025 Por-

866 1078 959 1135 το,
995 1068 1064 1121 ut
1101 1060 1325 1122 scribit
1355 1060 1716 1141 GregoriuS,
1749 1061 2004 1123 Somnia
2036 1062 2355 1124 interdum

867 1158 1107 1221 ventris
1129 1159 1528 1241 plenitudine
1549 1160 1647 1223 vel
1671 1160 1996 1238 inanitate,
2011 1160 2357 1241 aliquando

866 1275 1016 1318 vero
1047 1256 1364 1333 illusione,
1384 1259 1728 1339 aliquando
1756 1259 2137 1339 cogitatione
2166 1259 2354 1321 simul

867 1362 930 1417 et
960 1354 1280 1433 illusione,
1315 1356 1658 1438 aliquando
1695 1366 1907 1421 autem
1945 1357 2355 1433 revelatione,

865 1452 1210 1534 aliquando
1239 1455 1620 1535 cogitatione
1659 1457 1850 1517 simul
1881 1465 1944 1519 et
1973 1456 2359 1522 revelatione

865 1561 1270 1632 generantur.
1319 1554 1525 1616 Prima
1572 1555 1697 1617 duo
1743 1574 1974 1635 genera
2023 1574 2243 1618 omnes
2293 1555 2358 1617 in

869 1650 1052 1713 nobis
1094 1652 1417 1715 multoties
1457 1654 1839 1736 experimur.
1870 1656 2059 1717 Porro
2099 1674 2175 1717 cx
2216 1654 2360 1716 illu-

869 1750 1048 1813 sione
1096 1762 1464 1829 nascuntur,
1516 1755 1666 1816 dum
1713 1754 1796 1816 ab
1847 1755 2027 1817 hoste
2083 1754 2352 1827 occulto,

2466 764 2683 826 oculos
2721 763 2880 839 erui,
2914 782 3141 825 manus
3180 772 3242 825 et
3280 763 3471 845 pedes
3498 761 3580 841 (si
3618 779 3735 823 nos
3776 780 3953 823 sean-

2466 861 2776 941 dalizent)
2828 862 3145 925 abscindi.
3206 861 3534 924 Salubrius
3586 869 3799 922 autem
3854 868 3951 921 est

2466 969 2751 1043 tempore
2786 961 3210 1037 adversitatis,
3246 959 3640 1022 infirmitatis
3676 968 3743 1021 et
3778 957 3953 1019 affli-

2466 1060 2695 1123 ctionis
2724 1079 2979 1123 omnem
3011 1060 3329 1123 carnalem
3366 1057 3847 1121 delectationem
3888 1065 3952 1119 et

2466 1158 2964 1221 consolationem
3006 1166 3433 1233 contemnere,
3475 1166 3665 1238 atque
3713 1156 3780 1217 in
3818 1155 3955 1219 solo

2466 1260 2591 1321 Deo
2639 1258 3041 1338 refrigerium
3082 1277 3385 1339 quaerere‚
3428 1276 3617 1338 quam
3666 1257 3747 1318 ad
3787 1255 3956 1317 miti-

2466 1358 2669 1439 ganda
2698 1358 2964 1421 adversa
2991 1356 3488 1419 consolationem
3512 1355 3830 1418 carnalem
3850 1355 3955 1416 ad-

2466 1456 2741 1532 mittere,
2785 1456 2951 1517 sicut
2997 1454 3231 1518 fatetur
3274 1454 3602 1517 Psalmista
3656 1471 3669 1516 :
3723 1453 3955 1516 Renuit

2467 1554 2780 1618 consolari
2831 1554 3041 1616 anima
3090 1572 3251 1628 mea,
3296 1571 3537 1615 memor
3577 1551 3674 1614 fui
3720 1552 3849 1629 Dei,
3888 1562 3955 1613 et

2468 1653 2813 1716 delectatus
2844 1671 3007 1715 sum.
3042 1653 3183 1715 ldeo
3214 1652 3505 1716 subditur
3538 1670 3551 1713 ε
3580 1654 3952 1729 Desperavi,

2470 1752 2533 1815 id
2572 1760 2688 1828 est,
2734 1752 2796 1814 in
2838 1751 3257 1815 exterioribus
3302 1760 3366 1814 et
3406 1751 3672 1813 terrenis
3712 1750 3953 1812 nullam

871 1848 1114 1912 scilicet
1152 1849 1426 1927 diabolo,
1461 1850 1856 1931 ingeruntur.
1892 1852 2152 1933 Propter
2188 1851 2355 1932 quod
2397 1850 2443 1911 B
2472 1850 2773 1914 fiduciam
2805 1849 3025 1926 habui,
3060 1850 3211 1931 quia
3240 1851 3373 1913 haec
3402 1850 3549 1911 totis
3589 1849 3957 1932 praecordiis

869 1945 1175 2027 scriptum
1207 1956 1303 2010 est
1333 1948 1396 2009 in
1428 1949 1868 2012 Ecclesiastico
1903 1966 1916 2011 :
1949 1949 2173 2012 Multos
2201 1968 2361 2011 erra-

872 2062 938 2105 re
979 2042 1269 2107 fecerunt
1306 2046 1572 2108 somnia.
1614 2047 1682 2108 In
1729 2047 2010 2111 Levitico
2050 2065 2307 2128 quoque
2342 2063 2355 2107 :

869 2144 1003 2205 Non
1041 2144 1536 2223 augurabimini,
1580 2165 1696 2208 nec
1735 2145 2157 2209 observabitis
2197 2165 2362 2208 som-

869 2240 996 2303 nia.
1031 2240 1203 2315 Quod
1235 2262 1384 2306 vero
1423 2262 1498 2306 ex
1540 2244 1839 2307 illusione
1873 2244 2062 2306 simul
2099 2253 2163 2306 et
2197 2243 2363 2323 cogi-

869 2340 1106 2403 tatione
1149 2340 1464 2404 interdum
1506 2345 1872 2425 procedant,
1909 2350 2157 2405 constat
2184 2362 2257 2405 ex
2286 2361 2361 2404 eo

871 2438 1040 2517 quod
1090 2438 1384 2501 Salomon
1431 2440 1656 2502 asserit
1707 2459 1719 2502 :
1768 2441 1988 2502 Multas
2038 2460 2221 2503 curas
2268 2461 2364 2503 sc-

872 2545 1156 2616 quuntur
1199 2538 1466 2599 somnia.
1500 2537 1675 2612 Quod
1715 2548 1925 2602 autem
1965 2539 2247 2603 vicissim
2287 2560 2362 2602 ex

873 2634 1258 2697 revelatione
1297 2636 1446 2713 sint,
1480 2645 1647 2718 patet
1700 2637 1765 2697 in
1804 2637 2068 2699 somniis
2102 2637 2357 2719 Joseph.

870 2732 1214 2810 Postrcm0,
1264 2735 1434 2815 quod
1485 2753 1942 2817 nonnunquam
1997 2755 2073 2798 ex
2128 2736 2362 2819 praevia

873 2831 1254 2911 cogitatione
1292 2832 1481 2895 simul
1524 2842 1586 2896 et
1623 2834 2009 2897 revelatione
2050 2835 2357 2911 oriantur,

875 2930 1178 3013 probatur
1209 2950 1320 3012 per
1349 2931 1409 2994 id
1443 2933 1611 3012 quod
1641 2933 1858 2997 Daniel
1898 2934 2218 2996 somnium
2248 2935 2363 2996 Na-

2470 1949 2705 2031 sprevi,
2738 1970 2883 2011 cum
2921 1949 3249 2011 Psalmista
3289 1949 3631 2011 decantans
3667 1966 3682 2009 t
3716 1947 3958 2011 Concu-

2469 2046 2658 2129 piscit
2687 2056 2749 2109 et
2779 2046 3003 2109 deficit
3032 2047 3241 2109 anima
3265 2065 3403 2109 mea
3424 2047 3489 2108 in
3510 2046 3671 2108 atria
3692 2045 3961 2109 Domini.

2470 2149 2676 2207 Parce
2706 2148 2896 2215 mihi,
2928 2145 2989 2207 id
3020 2153 3136 2213 est,
3171 2144 3446 2227 peccatis
3476 2145 3635 2208 meis
3666 2145 3955 2225 ignosce-3

2472 2245 2645 2303 nihil
2681 2246 2851 2303 enim
2893 2253 3045 2303 sunt
3083 2246 3221 2303 dies
3260 2246 3385 2301 mei
3417 2263 3439 2302 .·
3481 2243 3655 2323 juxta
3698 2262 3957 2305 sensum

2470 2341 2914 2423 praehabitum.
2948 2341 3224 2404 Virtuosi
3256 2341 3491 2403 etenim
3524 2341 3665 2416 viri,
3696 2360 3829 2422 quo
3856 2360 3963 2403 ve-

2472 2440 2625 2515 riuS‚
2661 2458 2789 2521 quo
2818 2439 3052 2502 clarius
3090 2439 3307 2503 divina
3346 2447 3407 2502 et
3448 2459 3695 2503 summa
3730 2458 3961 2519 cogno-

2472 2546 2678 2615 scunt,
2736 2557 2809 2600 eo
2866 2537 3164 2600 subtilius
3221 2547 3471 2600 terrena
3524 2538 3888 2619 despiciunt
3940 2556 3955 2600 :

2472 2638 2742 2719 ideoque
2777 2639 3106 2720 praesentis
3146 2639 3292 2701 vitae
3330 2638 3465 2701 dies
3504 2638 3593 2699 nil
3632 2656 3773 2701 esse
3812 2658 3961 2701 con-

2471 2736 2771 2819 spiciunt,
2805 2737 3108 2817 quoniam
3138 2736 3528 2799 illuminatos
3566 2738 3801 2799 mentis
3830 2758 3959 2799 suae

2471 2835 2689 2897 oculos
2747 2835 2813 2896 in
2870 2835 3239 2897 aeternitatis
3298 2835 3806 2899 consideratione
3850 2837 3957 2899 de-

2473 2932 2705 3014 figunt.

3980 780 4205 823 Heldua
4219 796 4239 823 1.

3981 849 4025 887 Ι),
4046 848 4085 885 ἦ,

4004 1472 4091 1513 Ρε.
4114 1486 4233 1515 [nu.

3984 1537 4027 1579 3.
4050 1537 4090 1576 ὁ.

4002 1973 4233 2014 Panum.

3986 2041 4027 2078 3.

4032 2758 4197 2813 Ephn.
4222 2771 4243 2800 t.

3988 2824 4057 2863 ts.

874 3029 1359 3092 buchodonosor
1399 3031 1562 3111 regis
1603 3032 2024 3114 interpretans
2065 3034 2152 3095 ait
2190 3052 2203 3095 :
2242 3034 2354 3109 Tu,
2397 3036 2440 3099 C
2545 3032 3118 3114 Verum,quoniam
3150 3052 3293 3116 pars
3324 3033 3444 3095 ista
3471 3032 3663 3113 hujus
3693 3033 3954 3115 capituli
4022 3052 4249 3097 octaua

875 3147 1003 3204 rex,
1050 3128 1298 3210 coepisti
1347 3130 1622 3209 cogitare
1670 3131 1734 3191 in
1782 3139 1982 3193 stratu
2031 3140 2161 3209 tuo,
2204 3132 2359 3213 quid

872 3235 1037 3289 esset
1076 3234 1413 3290 venturum
1463 3238 1606 3309 post
1653 3230 1827 3308 haee;
1870 3238 1932 3292 et
1970 3230 2080 3311 qui
2122 3231 2361 3293 revelat

872 3324 1169 3407 mysteria
1218 3327 1401 3404 DcuS‚
1455 3328 1732 3390 ostendit
1779 3328 1894 3390 tibi
1955 3348 2096 3409 quae
2146 3328 2360 3390 futura

872 3433 1040 3486 sunt.

956 3525 1401 3594 Quamobrem,
1455 3522 1516 3585 id
1567 3532 1682 3598 est,
1733 3544 1933 3605 quum
1993 3533 2183 3587 tantae
2234 3525 2361 3587 sint

874 3639 1028 3682 meae
1059 3618 1474 3698 afflictiones,
1497 3625 1686 3696 elessz't
1704 3626 2148 3699 suspendium,
2174 3623 2238 3686 id
2267 3631 2364 3686 est

873 3718 1106 3780 mentis
1135 3718 1552 3783 elevationem
1584 3720 1662 3781 ad
1693 3720 1840 3795 alta,
1865 3724 2090 3781 anima
2113 3743 2268 3791 mea,
2294 3730 2364 3783 ut

873 3817 954 3879 ab
1002 3816 1416 3881 inferioribus
1461 3838 1574 3901 per
1622 3819 2192 3882 considerationem
2234 3841 2365 3882 sus-

873 3935 1092 3998 pensa,
1144 3916 1507 3980 divinorum
1548 3917 2068 3999 contemplationi
2121 3918 2363 3981 intenta

873 4016 977 4091 sit,
1003 4034 1274 4097 quorum
1298 4016 1749 4098 contemplatio
1781 4017 2366 4099 contemplationis-

875 4133 1000 4194 que
1055 4112 1412 4189 delectatio,
1467 4114 1890 4195 corporalium
1950 4114 2365 4178 obliviscatur

2471 3131 2536 3193 in
2565 3129 2816 3193 Officiis
2847 3129 3291 3194 defunctorum
3332 3150 3447 3213 pro
3486 3131 3758 3194 lectione
3788 3150 3959 3194 assu-

2470 3228 2679 3304 mitur,
2700 3229 3075 3292 intuendum
3098 3231 3252 3311 quid
3272 3231 3350 3292 ad
3371 3230 3615 3292 animas
3636 3230 3747 3292 def
3752 3240 3959 3293 uncto-

2472 3347 2612 3389 rum
2643 3327 2708 3389 in
2740 3328 2945 3410 poenis
2975 3328 3423 3391 remedialibus
3444 3328 3829 3401 exsistentes
3846 3349 3958 3412 pro

2471 3425 2705 3507 quibus
2736 3428 3061 3489 dumtaxat
3090 3436 3322 3504 oratur,
3351 3428 3469 3490 ista
3496 3428 3875 3509 pertineant,
3898 3439 3961 3491 et

2472 3526 2791 3606 quomodo
2828 3526 3138 3608 applicari
3180 3527 3279 3588 his
3318 3528 3591 3589 valeant.
3638 3528 3857 3608 Itaque-
3896 3528 3959 3589 in

2472 3644 2741 3707 persona
2798 3625 3167 3705 hujusmodi
3223 3625 3451 3688 animae
3510 3626 3777 3707 loquens
3820 3627 3958 3701 Job,

2472 3724 2559 3784 ait
2595 3743 2608 3787 :
2644 3727 2849 3785 Parc-e
2890 3726 3077 3786 mihi.
3121 3724 3345 3786 Anima
3394 3743 3671 3804 namque
3712 3724 3778 3785 in
3818 3744 3963 3807 pur-

2471 3822 2695 3903 gatorii
2730 3822 2935 3904 poenis
2968 3823 3345 3899 consistcnS‚
3372 3822 3648 3903 postulat
3678 3823 3802 3886 sibi
3834 3844 3965 3905 par-

2473 3921 2555 3998 ci,
2588 3940 2669 3983 ne
2708 3929 3018 4001 quantum
3062 3922 3297 3984 meruit
3346 3922 3668 4003 puniatur,
3712 3923 3822 3985 sed
3872 3941 3964 3983 se-

2473 4019 2752 4082 cundum
2774 4018 3009 4081 divinae
3030 4019 3529 4099 magnitudinem
3557 4019 3811 4101 pietatis
3842 4020 3961 4082 sibi

2474 4117 2553 4178 de
2581 4134 2769 4198 poena
2797 4116 2953 4197 quid
2984 4116 3365 4191 remittatur,
3398 4116 3587 4178 etiam
3620 4136 3733 4199 per
3760 4117 3964 4180 Eccle-

876 4212 1188 4287 dolorum,
1225 4220 1284 4275 et
1324 4212 1672 4275 delectetur
1714 4212 1777 4273 in
1818 4213 1943 4275 Deo
1979 4232 1992 4275 :
2029 4215 2200 4294 quod
2242 4214 2367 4277 for-
2398 4218 2447 4279 D
2476 4214 2584 4276 siae
2620 4214 2953 4276 militantis
2990 4213 3323 4293 suffragia,
3358 4215 3465 4277 sed
3500 4224 3564 4277 et
3602 4234 3715 4297 per
3746 4235 3963 4297 preces

877 4310 1194 4372 tissimum
1224 4319 1442 4373 contra
1472 4310 1719 4373 dolores
1750 4320 1951 4373 exstat
1989 4313 2363 4375 remedium.

877 4408 1202 4488 Siquidem
1236 4426 1364 4488 quo
1394 4408 1606 4469 anima
1634 4409 1803 4471 actui
1845 4410 2036 4472 unius
2068 4412 2367 4493 potentias

881 4506 1108 4568 fortius
1141 4513 1235 4567 est
1265 4506 1620 4583 intendem,
1660 4526 1735 4569 eo
1775 4508 2042 4571 aliarum
2077 4519 2255 4571 actus
2287 4510 2371 4573 vi-

879 4606 1044 4667 rium
1075 4605 1286 4667 minus
1317 4606 1610 4669 advertit.
1637 4610 1720 4668 Ec
1741 4618 2006 4668 mortem
2035 4630 2176 4669 ossa
2206 4630 2367 4680 mea,

880 4704 942 4767 id
975 4712 1090 4782 est,
1117 4703 1384 4767 virtutes
1413 4704 1642 4767 animae
1672 4724 1826 4768 meae
1857 4706 2064 4767 carnis
2096 4706 2371 4769 mortifi-

878 4802 1193 4867 cationem
1215 4801 1542 4865 vivificam
1575 4803 1903 4883 elegerunt
1928 4821 1942 4865 :
1967 4806 2372 4885 quemadmo-

878 4904 1028 4965 dum
1067 4900 1166 4963 'ait
1211 4900 1547 4983 Apostolus
1596 4919 1610 4962 ε
1662 4900 2036 4965 Mortificate
2085 4903 2369 4966 membra

880 5009 1088 5063 vestra
1118 5018 1310 5081 super
1339 5008 1582 5062 terram.
1607 4998 1765 5062 Caro
1793 5000 1965 5063 enim
1995 5011 2057 5063 et
2084 5003 2369 5064 membra

880 5099 1220 5162 salubriter
1266 5097 1761 5174 mortificantur,
1808 5100 1960 5161 dum
2009 5120 2045 5161 a
2093 5100 2369 5183 propriis

880 5196 1408 5260 inclinationibus
1428 5196 1994 5280 voluptatibusque
2018 5197 2365 5275 frenantur,

877 5304 1071 5377 atque
1097 5295 1180 5357 ab
1208 5294 1381 5358 omni
1413 5294 1772 5361 inordinato
1804 5318 1920 5360 usu
1949 5298 2188 5380 jugiter
2210 5317 2372 5361 com-

2475 4332 2548 4375 ac
2581 4312 2805 4375 merita
2834 4313 3189 4375 Beatorum.
3226 4315 3421 4377 Nihil
3446 4316 3621 4374 enim
3649 4325 3803 4375 sunt
3830 4318 3965 4375 dies

2478 4413 2630 4481 mei,
2673 4410 2735 4473 id
2776 4419 2894 4488 est,
2938 4418 3221 4492 tempora
3259 4411 3495 4493 quibus
3534 4412 3966 4493 temporaliter

2475 4507 2627 4580 vixi,
2662 4507 2917 4589 penitus
2960 4508 3368 4586 transierunt,
3412 4527 3529 4572 nec
3572 4509 3776 4572 habeo
3816 4519 3967 4572 tem-

2478 4628 2596 4689 pus
2637 4608 2943 4685 merendi,
2988 4607 3071 4670 ita
3113 4609 3281 4689 quod
3330 4627 3431 4670 me
3479 4608 3678 4690 ipsam
3721 4627 3965 4690 nequeo

2476 4708 2803 4788 adjuvare.

2558 4805 2820 4887 Insuper
2848 4805 2993 4867 talis
3026 4805 3240 4867 anima
3277 4805 3559 4886 loquitur
3586 4805 3713 4867 Deo
3747 4824 3762 4867 :
3796 4808 3967 4874 Quid

2476 4915 2565 4965 esc
2614 4906 2819 4976 hom0,
2872 4905 3029 4981 quia
3077 4906 3461 4981 maynificas
3504 4906 3699 4963 eum?
3737 4902 3799 4965 id
3848 4913 3961 4977 est,

2480 5022 2677 5083 quum
2730 5009 2918 5063 tantae
2964 5001 3047 5062 sit
3088 4999 3472 5081 fragilitatis,
3515 5000 3749 5064 mirum
3796 5002 3961 5083 quod

2479 5119 2673 5182 opera
2708 5099 2849 5179 ejus
2887 5107 3015 5162 tam
3056 5097 3336 5178 rigorose
3374 5117 3446 5160 ac
3480 5098 3717 5161 seriose
3754 5102 3967 5163 adver-

2481 5199 2584 5272 tis,
2600 5197 2850 5279 judicas
2878 5205 3071 5278 atque
3100 5197 3647 5278 ulcisceriS,quasi
3668 5216 3963 5278 magnum

2480 5296 2725 5379 aliquid
2756 5296 2841 5359 sit
2874 5313 2888 5358 t
2924 5315 3117 5377 quem
3146 5296 3339 5359 etiam
3368 5314 3481 5378 per
3507 5295 3675 5359 dona
3701 5306 3961 5370 naturas,

3982 3116 4117 3157 nibus
4154 3116 4243 3157 offi-

3982 3178 4039 3219 cii
4077 3178 4229 3219 detm-

3983 3244 4173 3283 elotum.
