4309 6259
570 1387 703 1429 Prov-
721 1400 803 1436 xiv,

545 1453 609 1493 13.

573 4646 808 4700 Amatur,

549 4711 614 4751 13.

835 502 952 566 314
1027 595 1035 601 Ι

1737 520 2084 567 manuue
2127 518 2193 565 IN
2233 518 2369 565 cAP.
2416 519 2439 565 1
2476 519 2603 566 108.
2648 540 2729 551 —
2769 519 2911 566 ΛΒΤ.
2956 519 3019 564 lv

834 692 1068 755 lentam
1117 693 1256 772 ejus
1285 690 1856 767 denuntiationem,
1887 690 2004 753 Job
2043 688 2320 773 amplius
2348 688 2399 751 Α
2430 708 2577 753 oves
2607 699 2669 753 et
2700 699 2981 773 pastores
3014 689 3288 767 fuerant,
3315 690 3703 754 fundebatur
3730 698 3793 752 et
3812 708 3921 751 ex-

833 799 1196 855 moveretur
1235 800 1298 853 et
1337 790 1700 853 turbaretur
1735 807 1748 851 :
1783 790 1890 871 qui
1943 789 2135 852 etiam
2186 796 2322 850 tan-

835 910 1026 971 quam
1059 890 1156 951 vir
1185 890 1393 971 justus
1435 889 1636 969 magis
1676 890 1754 951 de
1783 907 2126 971 puerorum
2155 887 2321 951 occi-

833 989 1036 1065 sione,
1081 1008 1272 1070 quam
1321 1008 1618 1070 pecorum
1669 988 1992 1051 ablatione
2039 986 2315 1049 dolebat.

837 1089 1006 1150 Istud
1040 1087 1106 1149 in
1146 1087 1250 1149 die
1292 1087 1573 1151 convivii
1617 1086 1871 1163 accidit,
1905 1087 2056 1167 quia
2097 1103 2323 1148 secun-

834 1186 984 1248 dum
1041 1185 1433 1265 Gregorium‚
1486 1184 1841 1267 praenuntia
1889 1183 2321 1247 tribulationis

834 1294 930 1346 est
961 1284 1180 1347 laetitia
1209 1284 1539 1347 satietatis.
1559 1284 1734 1347 Unde
1763 1292 1826 1345 et
1845 1284 2152 1365 scripturn
2184 1290 2317 1344 est:

836 1382 1020 1445 Risus
1052 1382 1268 1446 dolore
1289 1382 1682 1459 miscebitur,
1709 1391 1772 1444 et
1799 1389 2076 1444 extrema
2105 1380 2319 1461 gaudii

839 1482 1049 1544 luctus
1079 1488 1368 1563 occupat.
1395 1480 1513 1543 Sed
1543 1490 1604 1543 et
1638 1480 2003 1561 frequenter
2033 1488 2169 1542 rota
2203 1478 2324 1541 for-

837 1588 1007 1644 tunae
1038 1600 1229 1661 quem
1259 1581 1336 1643 ad
1361 1600 1606 1642 summa
1627 1581 1835 1643 elevat
1864 1580 2062 1661 priuS‚
2087 1581 2168 1641 ad
2194 1578 2321 1641 ima

837 1679 1139 1757 declinat,
1174 1688 1238 1741 et
1265 1680 1404 1743 vice
1432 1698 1634 1743 versa.

924 1783 1261 1859 Quumque
1301 1781 1515 1840 adhuc
1559 1782 1670 1839 ille
1715 1782 2098 1858 loqueretur,
2147 1780 2322 1838 venit

835 1883 1021 1949 alter,
1056 1897 1221 1939 unus
1261 1876 1506 1940 scilicet
1546 1896 1884 1959 puerorum
1927 1896 2078 1941 oves
2116 1885 2323 1939 custo-
2360 1872 2405 1934 B
2429 1877 2722 1953 Ieremia,
2744 1876 2917 1939 Joele
2944 1884 3008 1939 et
3036 1875 3324 1939 Habacuc
3354 1876 3553 1938 multa
3580 1874 3917 1947 dicuntum
3966 1891 4249 1938 lemna.

2431 1977 2721 2054 fecerunt
2768 1984 2892 2035 tres
2938 1986 3211 2043 turmas,
3257 1974 3581 2056 cingentes
3620 1992 3763 2055 quae
3812 1980 3919 2034 tua
3950 1954 4249 2066 ἓξξιίοζιξ

2434 2074 2717 2151 fuerunt,
2742 2093 2821 2135 ne
2850 2074 3201 2155 quidquam
3222 2080 3475 2137 tuorum
3503 2074 3827 2150 evaderet;
3858 2082 3921 2133 et
3952 2078 4200 2183 {agabae
4222 2050 4251 2123 εἶ

836 1976 1173 2051 dientium‚
1202 1983 1274 2037 ut
1307 1976 1580 2053 videtur,
1615 1986 1673 2035 et
1701 1979 1878 2036 dioeit
1909 1998 1932 2036 .·
1962 1978 2145 2053 Iynis
2175 1978 2323 2045 Dei,

836 2076 899 2138 id
939 2084 1034 2138 est
1072 2074 1383 2139 divinitus
1425 2076 1796 2157 permissuS,
1830 2076 1930 2139 vel
1973 2076 2323 2137 secundum

837 2174 1324 2237 aestimationem
1366 2173 1708 2254 loquentis,
1740 2194 1777 2235 a
1816 2175 1942 2237 Deo
1981 2192 2096 2256 pro
2137 2172 2326 2255 plaga

836 2273 1136 2335 inductus
1195 2280 1259 2334 et
1309 2272 1877 2354 supernaturaliter
1925 2279 2321 2353 procuratus,

835 2373 1064 2432 cecidit
1105 2374 1186 2431 de
1226 2376 1376 2431 coelo
1420 2389 1628 2447 aere0‚
1659 2380 1718 2431 et
1763 2380 1962 2431 tactas
2001 2390 2140 2430 oves
2172 2389 2327 2446 pue-

837 2490 1060 2549 rosque
1107 2471 1527 2546 consumpsit,
1578 2467 1642 2529 id
1699 2476 1816 2545 est,
1867 2476 2126 2549 repente
2173 2469 2323 2529 dum

837 2568 1046 2649 tetigit
1075 2587 1225 2631 oves
1257 2576 1398 2629 tuas
1439 2575 1502 2629 et
1538 2585 1754 2628 earum
1791 2574 2097 2648 pastoreS‚
2135 2566 2326 2628 simul

835 2676 1064 2731 cuncta
1093 2665 1490 2747 consumpsit
1522 2683 1536 2726 :
1571 2684 1716 2727 cum
1747 2672 1922 2727 tanto
1955 2665 2197 2746 impetu
2229 2664 2329 2727 fu-

837 2784 1106 2847 roreque
1134 2764 1334 2829 venit.
1361 2766 1446 2825 Et
1475 2767 1679 2841 effuqi
1704 2784 1813 2841 eqo
1840 2768 2032 2834 solus,
2059 2774 2130 2825 ut
2162 2785 2329 2825 nun-

839 2866 1070 2926 tiarem
1113 2866 1252 2925 tibi.
1302 2864 1446 2926 Ideo
1492 2862 1680 2925 Satan
1725 2862 2117 2945 practicavit,
2157 2864 2326 2944 quod

837 2982 1004 3025 unus
1037 2963 1124 3025 ita
1151 2960 1470 3043 effugeret
1491 2980 1563 3024 ac
1585 2961 1795 3024 subito
1818 2962 1894 3023 ad
1915 2961 2030 3023 Job
2051 2962 2325 3037 veniret,

2430 790 2829 853 tendebatur.
2864 790 3105 853 Dicitur
3143 799 3353 854 tamen
3396 790 3560 870 ignis
3602 790 3731 865 Dei,
3763 788 3917 870 quia

2430 888 2777 969 permissus
2805 910 2841 951 a
2862 890 3009 965 Deo,
3034 890 3241 952 veleb
3267 889 3456 952 aliam
3476 907 3731 951 causam
3760 906 3921 969 praa-

2432 994 2685 1049 tactam.
2718 987 2875 1050 Hinc
2922 988 3077 1050 dicit
3121 988 3455 1067 Gregorius
3490 1004 3504 1048 ε
3536 987 3915 1049 Intuendum

2432 1106 2623 1167 quam
2655 1086 2882 1149 callide
2920 1088 3175 1163 dicitur,
3201 1087 3367 1166 Ignis
3395 1086 3528 1162 Dei,
3557 1105 3631 1148 ac
3668 1085 3724 1146 si
3752 1085 3921 1147 dice·

2432 1192 2627 1261 retur,
2660 1184 2836 1247 Illius
2867 1185 3025 1247 iram
3056 1185 3355 1261 sustines,
3379 1185 3483 1248 cui
3510 1184 3799 1266 quotidie
3822 1184 3920 1246 sic

2432 1283 2683 1345 servisti
2726 1290 2945 1363 totque
2976 1283 3215 1346 hostias
3244 1283 3556 1360 obtulisti,
3588 1290 3659 1345 ut
3684 1282 3801 1345 Job
3838 1282 3921 1343 de

2433 1382 2717 1446 exhibito
2745 1382 2871 1445 Deo
2900 1382 3209 1463 obsequio
3242 1382 3619 1458 tristaretur,
3642 1400 3841 1462 seque
3856 1380 3923 1443 ei

2434 1480 2667 1543 frustra
2700 1480 2971 1544 servisse
3002 1488 3521 1562 conquereretur.

2512 1584 2642 1643 Sed
2678 1592 2737 1642 et
2776 1583 2890 1641 illo
2931 1584 3148 1642 adhuc
3188 1584 3500 1660 loquente,
3532 1581 3709 1641 venit
3744 1582 3923 1641 alius

2432 1698 2592 1761 puer
2631 1688 2973 1761 custosque
3011 1698 3335 1761 pecorum,
3377 1688 3436 1739 et
3472 1680 3649 1739 dixit
3676 1696 3701 1739 .·
3732 1679 3925 1738 Chal-

2431 1779 2562 1839 doei
2598 1797 2623 1839 .·
2666 1779 2744 1840 de
2792 1796 3063 1858 quorum
3112 1776 3385 1840 maxima
3432 1776 3805 1839 crudelitate
3852 1775 3919 1837 in

2432 2175 2819 2233 invaserunt
2853 2177 3143 2243 camelos,
3166 2182 3225 2233 et
3255 2176 3543 2233 tulerunt
3567 2191 3689 2243 eoa,
3720 2182 3780 2231 et
3799 2192 3921 2249 pu-

2432 2292 2567 2331 eros
2587 2282 3041 2348 percusserunt
3070 2274 3295 2348 ¹qladio
3311 2294 3335 2343 ,·
3360 2280 3420 2331 et
3452 2272 3654 2347 effuyi
3686 2290 3799 2347 eqo
3824 2289 3922 2329 so-

2436 2374 2564 2441 lua,
2590 2380 2664 2430 ut
2710 2372 3087 2430 nuntiarem
3134 2372 3273 2441 tibi,
3310 2369 3597 2431 addendo
3634 2368 3919 2431 dolorem

2435 2468 2663 2531 dolori.
2695 2469 3115 2545 Pensandum,
3148 2468 3321 2549 quod
3358 2476 3629 2547 quatuor
3658 2467 3925 2529 tribula·

2436 2566 2641 2629 tiones
2670 2566 3128 2629 denuntiantur
3154 2564 3341 2627 beato
3367 2564 3481 2629 Job
3506 2583 3520 2627 :
3545 2584 3702 2645 quas
3732 2564 3923 2627 Satan

2436 2666 2530 2728 sic
2560 2664 2899 2739 ordinavit,
2935 2665 3105 2744 quod
3141 2665 3283 2726 duae
3318 2664 3401 2726 ab
3430 2664 3795 2727 hominibus
3826 2663 3927 2725 in·-

2439 2763 2781 2839 ferrentur‚
2816 2763 2956 2825 duae
2994 2762 3305 2825 divinitus
3345 2762 3751 2825 crederentur
3790 2761 3929 2823 illa-

2439 2873 2556 2937 tae3
2600 2871 2662 2925 et
2691 2862 2895 2943 prima
2932 2861 3016 2923 ab
3045 2861 3413 2925 hominibus
3451 2861 3625 2923 illata
3654 2860 3775 2943 ipsi
3802 2859 3927 2923 Iob

2438 2961 2751 3037 nuntiata,
2784 2960 3185 3023 nuntiaretur
3220 2960 3495 3023 secunda
3529 2960 3797 3041 desuper
3828 2957 3929 3021 fa*

837 3062 1038 3125 altero
1080 3062 1286 3123 adhuc
1333 3061 1654 3142 loquente,
1693 3068 2010 3142 quatenus
2050 3060 2328 3123 adversi-
2362 3058 2405 3121 C
2436 3068 2557 3136 eta,
2584 3058 2813 3121 deinde
2843 3058 3027 3121 tertia
3054 3058 3137 3120 ab
3165 3058 3533 3121 hominibus
3564 3056 3833 3133 inflicta,
3858 3066 3923 3121 et

837 3170 932 3223 tas
961 3159 1329 3224 adversitati
1358 3159 1681 3240 adjuncta,
1715 3167 1778 3221 et
1817 3160 1958 3221 sine
1990 3159 2327 3222 intervallo

838 3266 1155 3341 percepta,
1183 3266 1460 3320 mentem
1493 3258 1693 3319 sancti
1722 3258 1839 3321 Job
1872 3258 2074 3335 magis
2105 3258 2328 3320 obrue-

838 3364 954 3431 ret,
990 3357 1139 3418 dum
1185 3375 1252 3418 se
1285 3374 1396 3437 pcr
1429 3355 1732 3437 temporis
1766 3353 2327 3436 interpolationem

837 3454 914 3515 ad
939 3454 1310 3536 patientiam
1343 3472 1469 3517 non
1503 3461 1797 3515 armaret.
1822 3452 2325 3535 Denique,quod

837 3552 1093 3630 dicitur,
1127 3553 1294 3633 Ignis
1330 3554 1458 3625 Dei,
1489 3552 1747 3633 quidam
1781 3561 2130 3633 exponunt,
2160 3552 2325 3632 Ignis

841 3652 971 3725 Dei,
992 3652 1054 3713 id
1080 3659 1176 3714 est
1206 3651 1439 3713 missus
1471 3670 1508 3712 a
1539 3651 1663 3714 Deo
1685 3650 1890 3731 :quod
1921 3669 2050 3713 non
2074 3650 2327 3714 videtur

835 3767 1116 3829 congrue
1139 3750 1396 3825 dictum,
1417 3748 1720 3829 quoniam
1757 3748 1966 3827 ignem
2003 3748 2193 3809 istum
2227 3748 2329 3809 Sa-

837 3857 942 3909 tan
985 3846 1284 3929 produxit
1331 3846 1395 3907 in
1444 3865 1610 3923 aere,
1660 3844 1938 3927 fecitque
1987 3845 2328 3908 descende-

837 3966 926 4009 re.
965 3946 1127 4009 Deus
1158 3954 1368 4008 autem
1404 3964 1519 4008 nec
1551 3965 1663 4027 per
1695 3965 1762 4033 se
1796 3945 2029 4026 ipsum,
2065 3963 2182 4007 nec
2214 3964 2326 4026 per

837 4045 1132 4125 angelum
1155 4045 1416 4121 bonum,
1444 4044 1551 4106 sed
1577 4064 1689 4125 per
1715 4042 1903 4105 Satan
1924 4041 2323 4119 afflixitJob‚

840 4143 926 4206 ita
957 4145 1126 4223 quod
1171 4144 1417 4205 daemon
1462 4142 1670 4222 ignem
1713 4142 1883 4203 hunc
1913 4142 2276 4224 procuravit
2310 4160 2323 4202 ε

2438 3158 2663 3220 ultimo
2692 3165 2915 3239 quarta
2944 3157 3217 3239 desuper
3256 3157 3431 3239 lapsa
3464 3175 3479 3219 t
3512 3158 3681 3239 quod
3720 3156 3927 3218 hostis

2434 3256 2739 3336 antiquus
2768 3254 3179 3318 callidissime
3197 3255 3277 3317 ad
3298 3255 3535 3319 doloris
3563 3254 3929 3337 procuravit

2434 3362 2870 3434 augmentum.
2895 3354 3063 3416 Mens
3096 3373 3325 3435 nempe
3344 3354 3683 3433 justorum,
3708 3352 3787 3413 ab
3818 3352 3929 3415 bo—

2438 3450 2722 3513 minibus
2753 3460 3005 3533 sumpta
3038 3450 3295 3531 injuria,
3326 3450 3819 3515 consolationem
3856 3449 3923 3512 in

2437 3551 2562 3613 Deo
2592 3550 2902 3631 requirit:
2927 3569 3121 3631 quem
3152 3550 3205 3611 si
3236 3569 3381 3614 mox
3414 3550 3642 3613 viderit
3670 3549 3790 3611 sibi
3818 3550 3927 3611 ad·

2438 3668 2619 3712 versa
2667 3667 3042 3729 exaggerare
3079 3657 3143 3711 et
3181 3649 3397 3731 plagas
3434 3666 3687 3728 augere,
3720 3648 3927 3728 magis

2433 3746 2778 3827 affligitur.

2502 3849 2737 3907 Adhuc
2760 3848 3134 3925 loquebatur
3154 3848 3283 3914 ille,
3298 3856 3357 3906 et
3376 3866 3512 3905 ecce
3530 3847 3703 3906 alius
3724 3847 3931 3905 intra-

2438 3946 2557 4013 vit,
2578 3954 2635 4004 et
2664 3945 2841 4005 dioeit
2870 3966 2893 4003 .·
2914 3947 3112 4006 Filiis
3144 3946 3273 4005 tuis
3300 3954 3359 4004 et
3387 3946 3651 4023 filiabus
3680 3964 3929 4003 vescen-

2440 4046 2608 4103 tibus
2632 4053 2691 4104 et
2722 4044 3076 4103 bibentibus
3104 4045 3334 4103 vinum
3376 4045 3449 4103 in
3476 4046 3663 4103 domo
3688 4043 3925 4117 fratris

2436 4143 2544 4201 sui
2568 4143 3017 4219 primoqeniti,
3046 4151 3299 4217 repente
3334 4150 3562 4201 ventus
3598 4143 3927 4201 vehemens

841 4242 1010 4322 quod
1042 4240 1314 4303 naturali
1348 4240 1658 4302 industria
1689 4248 1751 4301 et
1781 4240 2017 4301 virtute
2054 4238 2329 4302 faciliter
2360 4242 2409 4303 D
2443 4240 2644 4299 irruit
2671 4259 2711 4298 a
2749 4241 3009 4315 regione
3043 4239 3299 4310 deserti,
3330 4247 3389 4298 et
3426 4239 3739 4298 concussit
3774 4256 3929 4316 qua·

840 4340 1070 4421 potuit,
1087 4339 1294 4401 activa
1315 4347 1508 4419 atque
1530 4338 1779 4420 passiva
1804 4339 2153 4401 materialia
2177 4339 2331 4401 invi-

841 4456 977 4499 cem
1008 4436 1414 4519 applicando.
1439 4437 1614 4498 Unde
1643 4446 1706 4498 et
1738 4437 1802 4498 in
1835 4436 2213 4519 Apocalypsi
2245 4436 2331 4498 lc-

839 4534 1012 4615 gitur
1046 4552 1060 4596 :
1093 4535 1319 4611 Bestia,
1355 4535 1418 4597 id
1449 4544 1544 4597 est
1573 4534 1999 4598 Antichristus
2039 4554 2149 4597 seu
2190 4536 2329 4615 ejus

839 4641 1114 4709 caterva,
1151 4632 1303 4696 fecit
1333 4634 1511 4715 signa
1532 4652 1780 4713 magna,
1809 4642 1878 4695 ut
1897 4634 2086 4695 etiarn
2118 4634 2330 4713 ignem

845 4731 1080 4794 faceret
1099 4733 1179 4794 de
1197 4733 1361 4796 coelo
1381 4733 1764 4795 descendere
1785 4732 1850 4793 in
1873 4742 2211 4813 conspeetu
2231 4732 2333 4794 ho-

841 4829 1086 4891 minum
1125 4848 1138 4892 :
1173 4831 1342 4911 quod
1371 4831 1752 4909 (secundum
1793 4829 2183 4911 expositores
2214 4829 2333 4892 ibi-

840 4929 1013 5007 dem)
1045 4926 1160 4990 siet
1189 4928 1558 5009 operatione
1586 4926 1848 4989 diaboli.
1882 4926 2098 5007 Aliqui
2137 4926 2329 4989 etiam

838 5026 1082 5098 dicunt,
1115 5027 1284 5107 quod
1318 5025 1483 5106 ignis
1514 5026 1633 5087 iste
1662 5025 1893 5087 cecidit
1920 5025 2000 5086 de
2028 5025 2191 5087 coelo
2220 5044 2333 5106 per

840 5124 1348 5187 coruscationem
1399 5132 1462 5186 et
1510 5123 1747 5201 fulgur.
1783 5124 1900 5185 Sed
1950 5123 2149 5202 magis
2198 5123 2335 5204 opi-

841 5242 980 5299 nor,
1013 5223 1184 5304 quod
1232 5222 1472 5285 directe
1517 5242 1594 5284 ex
1630 5240 1776 5284 aere
1817 5222 2021 5297 irruit,
2057 5241 2176 5283 nec
2222 5241 2335 5303 per

847 5330 1027 5385 terrae
1057 5340 1306 5405 gyrum,
1339 5321 1448 5382 sed
1479 5339 1592 5401 per
1622 5320 1830 5383 locum
1861 5322 2187 5383 dumtaxat
2224 5319 2333 5381 ubi

2442 4347 2587 4397 tuor
2633 4340 2905 4414 anyulos
2950 4340 3177 4397 domus
3205 4358 3228 4396 .·
3258 4358 3401 4415 quce
3446 4356 3773 4406 corruenS,
3816 4355 3927 4413 op-

2432 4437 2665 4513 pressit
2708 4439 2933 4496 liberos
2964 4446 3101 4496 tuos
3130 4453 3153 4496 .·
3182 4454 3299 4497 nec
3345 4434 3611 4497 dubium
3658 4434 3813 4516 quin
3864 4444 3929 4497 et.

2441 4532 2637 4610 filias,
2672 4552 2814 4614 quae
2862 4534 2940 4595 ad
2981 4532 3354 4612 fugiendum
3398 4532 3652 4595 fuerant
3696 4532 3929 4595 tardio-

2442 4651 2541 4694 res
2568 4650 2583 4709 ;
2616 4642 2673 4693 ct
2702 4634 2945 4693 mortui
2970 4642 3145 4703 sunt,
3176 4642 3234 4692 et
3262 4634 3466 4709 effuqi
3492 4652 3601 4709 eqo
3628 4636 3821 4701 sotus,
3854 4642 3927 4693 ut

2440 4732 2819 4791 nuntiarem
2849 4732 2987 4791 tibi.
3020 4729 3196 4793 Unde
3224 4730 3477 4793 videtur
3506 4730 3675 4810 quod
3704 4747 3925 4791 omnes

2442 4827 2553 4909 qui
2592 4835 2773 4891 erant
2812 4827 2877 4889 in
2917 4828 3127 4903 dome,
3160 4828 3448 4910 oppressi
3488 4827 3636 4903 sint,
3672 4827 3790 4889 isto
3820 4846 3927 4890 ex-

2441 4934 2648 5007 cepte,
2682 4925 2796 5007 qui
2828 4924 2992 4989 forte
3030 4935 3221 4989 vento
3252 4925 3533 4988 irruente
3574 4924 3698 4987 fuit
3740 4924 3803 4985 in
3841 4926 3928 5005 ja·

2442 5044 2567 5085 nua
2596 5033 2708 5085 aut
2736 5033 2911 5087 extra
2949 5024 3207 5087 domum
3244 5042 3259 5085 ε
3292 5032 3515 5103 estque
3553 5023 3923 5098 verisimile,

2440 5122 2613 5204 quod
2644 5122 2829 5184 multi
2868 5142 3015 5185 cum
3057 5120 3215 5183 siliis
3252 5130 3315 5184 et
3356 5120 3616 5183 filiabus
3641 5122 3757 5185 Job
3796 5120 3933 5184 fue-

2442 5230 2591 5283 runt
2622 5220 2687 5282 in
2717 5220 3293 5301 domo,praesertim
3324 5220 3402 5282 de
3422 5218 3933 5283 ministrantibus

2444 5320 2522 5381 ad
2570 5338 2855 5383 mensam
2896 5318 3057 5381 filiis
3094 5337 3167 5381 ac
3218 5317 3481 5381 filiabus
3530 5326 3657 5381 tam
3706 5316 3933 5400 inclyti
