4309 6259
537 2182 698 2226 Joann.
710 2196 789 2233 xiv,

528 2248 592 2295 ¹0,
616 2248 678 2287 ll.

560 2475 681 2519 lbid.
704 2478 771 2518 23.

528 2869 545 2913 1
559 2870 791 2917 Cor-‚nnn

548 4154 665 4199 Ibid.
680 4167 748 4203 ιιι,
762 4156 804 4196 8-

538 4220 601 4259 10.

538 4636 795 4686 Μαίηωκν,

540 4702 604 4741 ¹5.

450 4870 457 4877 .
558 4832 726 4887 Ephe&
744 4846 798 4883 w,

811 500 931 563 628
1626 518 1975 565 εΝΑωιΑτιο
2016 519 2078 563 m
2120 518 2258 563 car.
2305 518 2500 563 xxvm
2539 518 2664 563 101³.
2709 538 2791 547 —
2829 520 2973 564 Αιιτ.
3021 520 3093 563 ιν

892 689 1186 749 Perditio
1214 699 1274 749 ec
1304 709 1470 749 mors
1498 691 1813 748 diruerunt
1835 690 2168 749 :Auribus
2201 708 2302 746 no-
2329 686 2380 747 A
2413 697 2592 769 ptum
2639 697 2736 751 est
2790 707 2804 750 z
2853 690 2988 751 Non
3038 689 3118 751 ad
3169 708 3530 752 mensuram
3579 691 3688 753 dat
3733 691 3898 752 Deus
3959 716 4198 758 J00,02...2,

811 789 963 847 stris
1020 788 1397 846 audivimus
1450 788 1703 863 famam
1759 788 1920 862 ejus,
1974 786 2300 847 Daemones

812 903 1043 965 nempe
1083 892 1147 945 et
1189 883 1615 957 condemnati,
1650 883 1995 945 increatam
2048 883 2304 964 Sapien-

812 982 961 1045 tiam
995 982 1063 1043 in
1094 1002 1161 1043 se
1194 982 1331 1064 ipsa
1352 1000 1481 1045 non
1502 982 1738 1057 vident,
1758 983 1869 1043 sed
1900 982 1967 1043 in
1999 982 2129 1043 suis
2162 1000 2300 1043 eam

809 1080 1153 1145 effectibus
1186 1090 1481 1157 noscunt,
1516 1088 1579 1143 et
1620 1081 1821 1143 multa
1853 1081 1931 1142 de
1974 1100 2049 1143 ea
2086 1080 2304 1142 audie-

810 1179 1081 1241 runt.1n
1133 1179 1273 1261 ipsa
1319 1179 1575 1241 demum
1627 1178 2037 1260 proportione
2084 1197 2304 1260 poena-

810 1296 952 1338 rum
984 1278 1062 1339 ad
1104 1276 1326 1358 culpas
1367 1295 1506 1338 eam
1546 1284 1957 1355 cognoscunt.
1992 1280 2164 1337 Deus
2193 1276 2302 1336 Pa-

812 1384 926 1451 ter,
948 1374 1077 1438 imo
1103 1384 1165 1437 et
1188 1374 1459 1456 Spiritus
1483 1376 1763 1450 Sanctus,
1785 1377 2092 1451 intelligit
2124 1377 2300 1434 viam

808 1476 970 1551 ejm,
1019 1473 1082 1534 id
1128 1482 1225 1535 est
1269 1473 1565 1535 increatae
1609 1472 1947 1554 Sapientiae
1989 1472 2303 1553 operatio-

810 1590 980 1647 nem,
1001 1578 1063 1633 et
1092 1571 1211 1633 iter
1244 1589 1356 1632 seu
1378 1571 1636 1632 modum
1669 1589 1799 1651 quo
1818 1568 1995 1633 venit
2027 1571 2103 1631 ad
2127 1588 2302 1630 men—

812 1679 905 1732 tes
951 1678 1192 1731 creatas
1238 1688 1352 1750 per
1396 1669 1855 1732 lucar-nationis
1902 1668 2298 1750 mysterium,

812 1788 924 1830 seu
968 1766 1362 1831 invisibilem
1408 1766 1805 1829 missionem.
1842 1770 1925 1829 Et
1958 1768 2087 1843 ipse
2125 1768 2302 1826 novit

2411 788 2744 868 Spiritum.
3931 780 4006 819 ³⁴·

2481 889 2748 954 Quando
2765 888 3035 963 ponebat
3050 888 3316 961 pluviis,
3333 886 3452 948 hoc
3473 895 3570 949 est
3587 887 3900 949 doctrinis

2411 992 2472 1044 et
2505 984 2908 1046 sermonibus
2929 984 3258 1046 doctorum
3284 1004 3356 1046 ac
3387 984 3896 1065 praedicatorum.

2411 1080 2586 1142 L'nde
2617 1081 2683 1142 in
2709 1082 3196 1144 Deuteronomio
3217 1082 3453 1163 Moyses
3483 1082 3574 1143 ait
3599 1100 3614 1143 :
3637 1082 3902 1145 Concre-
3929 1106 4050 1148 1222.ae
4075 1120 4196 1150 ma

2411 1187 2544 1239 scat
2566 1186 2636 1239 ut
2654 1178 2871 1258 pluvia
2891 1178 3178 1241 doctrina
3199 1178 3898 1252 meaQuemadmodum
3929 1173 3974 1211 ²·

2413 1284 2622 1337 autem
2681 1276 3126 1356 praedicatores
3177 1276 3476 1338 dicuntur
3523 1277 3756 1353 nubeS‚
3806 1276 3899 1338 sic

2411 1373 2701 1435 doctrina
2737 1392 2956 1436 corum
2993 1373 3222 1436 dicitur
3261 1374 3500 1455 pluvia.
3537 1378 3790 1451 Leman,
3831 1374 3898 1435 id

2413 1480 2510 1533 est
2540 1481 2948 1553 praeceptum,
2967 1472 3243 1553 qualiter
3273 1482 3338 1535 et
3363 1472 3600 1553 quibus
3628 1472 3902 1534 debeant

2416 1569 2749 1650 impertiri,
2796 1591 2869 1633 ac
2918 1572 3241 1635 observari
3282 1572 3489 1652 primo
3535 1590 3573 1631 a
3617 1572 3902 1634 docenti-

2413 1668 2556 1743 buS,
2602 1668 2830 1731 deinde
2869 1670 2949 1731 ab
2986 1670 3437 1749 audientibus;
3469 1682 3528 1731 et
3557 1674 3736 1731 viam
3755 1690 3904 1747 pro-

2413 1768 2590 1827 cellis
2630 1770 3032 1838 sonantibus,
3079 1768 3142 1829 id
3195 1777 3292 1831 est
3337 1787 3702 1850 processum
3765 1769 3902 1829 sive

813 1872 1021 1927 locum
1044 1868 1228 1925 illius
1260 1885 1283 1927 .·
1312 1867 1391 1929 de
1422 1884 1547 1946 quo
1581 1866 1718 1929 loco
1747 1866 1877 1947 jam
1908 1866 2147 1927 dictum
2181 1872 2298 1925 est.
2342 1873 2387 1933 Β
2415 1864 2722 1926 el'l'ectum
2775 1865 3166 1927 terribilibus
3215 1866 3682 1947 Scripturarum
3731 1885 3904 1929 com-

814 1965 969 2027 Nam
1000 1973 1060 2026 et
1091 1964 1291 2039 Pater,
1329 1965 1678 2027 secundum
1710 1963 2103 2043 Gregorinm,
2126 1962 2303 2025 locus

816 2072 913 2125 est
951 2061 1289 2143 Sapientiae
1336 2061 1549 2143 hujus,
1586 2060 2121 2142 quemadmodum
2169 2058 2306 2141 ipsa

818 2161 907 2223 ait
938 2178 953 2222 :
988 2160 1119 2241 Ego
1159 2159 1225 2221 in
1255 2159 1455 2235 Patre,
1488 2167 1554 2221 et
1580 2160 1760 2221 Pater
1801 2159 1867 2219 in
1910 2176 2011 2229 me
2050 2166 2168 2220 est.
2203 2157 2309 2218 Pa·

821 2268 915 2321 ter
943 2258 1133 2321 etiam
1167 2266 1229 2319 et
1257 2256 1532 2319 Trinitas
1566 2256 2096 2339 superbenedicta
2127 2256 2308 2317 novit

818 2366 881 2419 et
927 2355 1237 2437 approbat
1286 2363 1553 2431 menteS‚
1608 2375 1765 2435 quas
1816 2354 2140 2436 Sapientia
2188 2354 2308 2415 ista

822 2453 1154 2529 inhabitat,
1205 2472 1349 2534 quae
1402 2453 1682 2533 loquitur
1732 2470 1745 2513 :
1790 2453 1853 2515 Si
1901 2452 2047 2532 quis
2096 2451 2308 2530 diligit

821 2572 945 2627 me,
998 2569 1354 2613 sermonem
1404 2568 1617 2612 meum
1666 2548 1965 2625 servabit,
2018 2557 2082 2610 et
2129 2549 2308 2610 Pater

823 2670 1000 2712 meus
1031 2649 1255 2729 diliget
1284 2668 1454 2723 eum,
1490 2657 1552 2710 et
1580 2648 1660 2709 ad
1690 2665 1837 2709 eum
1869 2647 2220 2723 veniemuS‚
2247 2653 2309 2708 et

824 2748 1218 2811 mansionem
1250 2747 1419 2827 apud
1440 2764 1586 2807 eum
1620 2744 1949 2808 faciemus,
1970 2745 2308 2826 Apostolus

824 2866 1079 2929 quoque
1128 2853 1394 2907 testatur
1429 2860 1441 2903 :
1476 2845 1807 2925 Templum
1862 2844 1967 2906 Dei
2018 2852 2308 2905 sanctum

824 2954 941 3019 est,
974 2945 1146 3025 quod
1175 2942 1328 3005 estis
1360 2960 1495 3005 VOS.

2416 1961 2875 2024 minationibus
2922 1964 3001 2023 de
3051 1962 3284 2024 futuris
3334 1963 3720 2044 suppliciis3
3773 1962 3898 2034 vel,

2413 2058 2617 2134 Viam,
2666 2058 2728 2120 id
2777 2067 2874 2120 est
2922 2059 3164 2121 aditum
3214 2068 3404 2140 atque
3449 2060 3780 2123 introitum
3820 2059 3900 2120 ad

2415 2164 2660 2218 mentes
2687 2157 3112 2220 audientium.

2502 2259 2678 2317 Tunc
2717 2258 2883 2317 vidit
2919 2259 3120 2317 illam.
3155 2256 3334 2319 Pater
3373 2257 3546 2319 enim
3591 2257 3904 2320 aeternali-

2417 2362 2512 2415 ter
2551 2354 2776 2430 noscit,
2813 2355 3099 2418 intuetur
3141 2363 3203 2419 et
3244 2357 3726 2438 comprehendit
3753 2356 3904 2418 Uni—

2416 2452 2700 2531 genitum
2743 2472 2953 2526 suum‚
2989 2453 3288 2516 videlicet
3319 2454 3706 2536 Sapientiam
3739 2455 3902 2516 hanc

2421 2550 2762 2613 increatam
2795 2570 2869 2613 ac
2906 2552 3211 2630 genitam,
3245 2552 3410 2614 sicut
3437 2561 3496 2615 et
3536 2554 3676 2634 ipse
3703 2552 3903 2613 Filius

2418 2656 2801 2729 protestatur
2835 2649 3070 2711 :Nemo
3121 2649 3298 2713 novit
3343 2650 3586 2712 Patrem
3637 2649 3761 2711 nisi
3805 2650 3904 2710 Fi-
3963 2680 4202 2723 must„-

2421 2746 2565 2824 lius,
2593 2766 2710 2809 nec
2740 2748 2970 2809 Filium
3002 2748 3148 2829 quis
3177 2749 3356 2812 novit
3385 2749 3508 2810 nisi
3541 2750 3741 2811 Pater.
3761 2748 3898 2823 Vel,
3935 2745 4007 2784 ²⁷·

2419 2846 2595 2908 Tunc
2641 2846 2822 2921 vidit,
2858 2847 2922 2908 id
2967 2854 3084 2923 est,
3119 2867 3186 2909 so
3235 2846 3452 2910 videre
3501 2848 3899 2921 monstravit,

2418 2944 2707 3025 aliosque
2727 2944 2944 3009 videre
2966 2944 3118 3007 fecit
3137 2945 3300 3008 hanc
3321 2946 3724 3027 Sapientiam,
3745 2945 3908 3007 sicut

908 3044 1035 3111 Qui
1059 3043 1215 3119 fecit
1236 3042 1444 3101 ventis
1458 3043 1737 3117 pondus.
1761 3039 1874 3102 Per
1902 3047 2146 3115 ventOS‚
2176 3058 2312 3120 pro·
2349 3049 2392 3112 C
2422 3042 2488 3103 in
2520 3042 2744 3105 Genesi
2783 3042 2874 3103 ait
2911 3044 2990 3105 ad
3018 3043 3335 3105 Abraham
3373 3062 3385 3105 ε
3419 3044 3596 3107 Nunc
3634 3043 3907 3125 cognovi
3978 3068 4204 3112 cmm..

822 3150 964 3223 pter
994 3158 1213 3201 eorum
1243 3138 1639 3201 velocitatem
1662 3158 1735 3201 ac
1763 3138 2203 3214 subtilitatem,
2224 3138 2312 3197 in-

825 3238 1214 3302 tellectuales
1245 3237 1558 3312 essentiae‚
1584 3237 1827 3301 scilicet
1858 3237 2102 3311 animae,
2121 3254 2313 3315 ange-

824 3339 999 3419 lique
1032 3336 1397 3417 signantur:
1418 3337 1654 3418 quibus
1678 3337 1837 3399 Deus
1868 3336 2018 3399 fecit
2041 3337 2312 3417 ponduS‚

824 3437 889 3499 id
920 3445 1037 3513 est,
1065 3455 1346 3499 amorem
1382 3435 1475 3497 eis
1509 3435 1833 3516 impressit
1860 3443 1923 3497 et
1960 3434 2315 3497 naturalem

827 3534 1306 3598 inclinationem
1339 3535 1418 3596 ad
1451 3532 1817 3596 felicitatem
1849 3558 1863 3608 3
1901 3533 2147 3615 pondus
2171 3550 2318 3612 quo-

827 3652 953 3713 que
1010 3632 1309 3695 virtuosae
1380 3631 1708 3713 gravitatis
1770 3650 1843 3693 ac
1906 3630 2310 3692 maturitatis.

828 3734 913 3794 Ec
944 3752 1172 3810 aquas,
1189 3730 1251 3792 id
1283 3738 1379 3793 est
1408 3729 1789 3792 charismata
1817 3729 2186 3809 gratiarum,
2212 3748 2318 3805 ap-

821 3832 1053 3907 pendit
1084 3831 1153 3890 in
1187 3849 1515 3898 mensura,
1547 3828 1666 3890 hoc
1689 3835 1803 3903 est,
1840 3828 2067 3889 creatis
2098 3826 2318 3888 menti-

831 3928 949 3989 bus
994 3926 1229 3989 indidit
1269 3927 1617 3988 secundum
1652 3926 1940 3988 ordinem
1988 3924 2318 4006 sapientiae

832 4045 985 4101 suae,
1018 4025 1269 4088 decenti
1301 4044 1374 4087 ac
1404 4023 1578 4087 varia
1613 4024 2003 4099 diversitate,
2039 4024 2204 4085 sicut
2231 4023 2318 4084 ait

829 4125 1217 4205 Apostolus:
1262 4122 1412 4204 quia
1460 4122 1569 4184 alii
1620 4141 1733 4203 per
1780 4122 2085 4204 Spiritum
2134 4123 2320 4183 datur

2421 3142 2594 3222 quod
2625 3141 2848 3204 timeas
2881 3142 3098 3204 Deum.
3133 3145 3220 3203 Et
3245 3146 3606 3213 enarravit,
3635 3142 3756 3205 hoc
3787 3151 3905 3218 est,
3943 3134 4012 3171 ¹²·

2423 3239 2566 3301 aliis
2598 3258 2736 3301 eam
2771 3258 2883 3320 per
2915 3241 3130 3303 lumen
3165 3240 3321 3304 fidei
3351 3241 3718 3317 declaravit,
3743 3241 3913 3303 vide-

2425 3337 2570 3399 licet
2617 3338 3160 3419 praedicatoribuS‚
3202 3340 3559 3420 ceterisque
3601 3339 3912 3403 divinitus

2425 3435 2792 3511 illustrati83
2833 3447 2892 3497 et
2927 3440 3355 3515 prcz’paravz't,
3392 3437 3457 3500 id
3497 3445 3615 3513 est,
3653 3436 3916 3500 audien-

2427 3532 2586 3594 tium
2618 3534 2916 3597 cordibus
2946 3554 3059 3615 per
3080 3535 3564 3617 praedicatorum
3587 3554 3916 3598 sermones

2429 3630 2768 3695 infundere
2827 3652 2938 3695 seu
2988 3635 3269 3697 revelare
3315 3634 3626 3716 disposuit
3677 3652 3693 3695 ε
3745 3635 3916 3715 quod

2429 3739 2713 3812 tempore
2750 3731 3112 3813 apostolicae
3153 3733 3618 3814 praedicationis
3657 3751 3918 3813 praeser-

2428 3829 2540 3890 tim
2576 3829 2794 3905 fiebat,
2812 3831 3067 3910 quando
3100 3849 3212 3911 per
3227 3830 3672 3912 Apostolorum
3705 3830 3920 3912 praedi·

2427 3927 2739 3989 cationem
2763 3929 2926 3989 Deus
2959 3928 3150 3990 corda
3180 3927 3524 3989 illustravit
3551 3928 3914 4006 gentilium.

2429 4026 2514 4084 Ec
2549 4026 2984 4101 invesce'yavit,
3017 4024 3079 4085 id
3111 4032 3227 4102 est,
3263 4025 3343 4087 ab
3372 4024 3515 4087 aliis
3547 4024 3918 4105 investigari

2433 4122 2604 4198 fecit,
2625 4141 2896 4203 quorum
2928 4122 3320 4184 intellectum
3342 4122 3642 4185 excitavit
3669 4122 3750 4183 ad
3779 4140 3922 4184 con-

831 4239 1041 4283 sermo
1079 4218 1429 4301 sapientiae,
1466 4218 1575 4281 alii
1620 4237 1827 4281 sermo
1869 4219 2175 4294 scientiae,
2209 4218 2319 4279 alii
2351 4217 2398 4278 D
2430 4220 2838 4282 siderandum
2871 4229 2930 4282 et
2972 4221 3496 4301 perscrutandum
3530 4239 3674 4301 quae
3713 4220 3794 4282 de
3822 4219 3920 4281 Sa-

830 4318 1032 4401 gratia
1079 4318 1443 4393 sanitatum,
1489 4317 1598 4379 alii
1650 4318 1934 4398 operatio
1983 4318 2314 4392 virtutum,

829 4416 939 4480 alii
968 4434 1203 4497 genera
1233 4415 1619 4495 linguarum,
1654 4415 1764 4477 alii
1804 4415 2103 4479 discretio
2134 4416 2322 4497 spiri-

829 4523 1033 4578 tuum.
1070 4513 1357 4578 Salvator
1394 4532 1649 4594 quoque
1676 4516 1775 4594 (ut
1815 4515 2177 4595 parabolice
2203 4514 2321 4594 ait)

831 4612 944 4676 uni
988 4630 1317 4675 servorum
1363 4611 1537 4673 dedit
1578 4612 1865 4693 quinque
1909 4612 2166 4688 talenta,
2209 4612 2319 4673 alii

829 4711 977 4787 du0,
1010 4710 1120 4772 alii
1153 4728 1373 4773 unum.
1408 4708 1565 4771 Hinc
1600 4728 1817 4771 rursus
1860 4718 2122 4771 testatur
2157 4710 2322 4791 Apo-

831 4810 1032 4872 stolus
1068 4826 1082 4870 :
1116 4807 1474 4889 Unicuique
1507 4816 1791 4870 nostrum
1817 4809 1962 4870 data
1991 4816 2085 4870 est
2116 4807 2320 4888 gratia

829 4908 1178 4970 secundum
1236 4925 1599 4969 mensuram
1649 4906 2008 4969 donationis
2057 4906 2314 4967 Christi.

828 5008 1183 5088 Unicuique
1223 5006 1414 5068 etiam
1462 5007 1810 5069 electorum
1848 5008 2011 5068 Deus
2050 5006 2318 5085 gratiam

829 5114 1083 5187 praestat
1119 5106 1298 5186 juxta
1338 5122 1700 5165 mensuram
1742 5104 2320 5184 praedestinationis

830 5222 957 5265 suae
996 5211 1059 5265 et
1096 5201 1464 5283 capacitatis
1506 5200 1701 5262 illius,
1738 5202 1910 5262 Unus
1948 5222 2099 5265 vero
2144 5203 2318 5266 solus

828 5310 943 5377 est,
980 5300 1225 5363 scilicet
1252 5300 1539 5362 Christus
1572 5308 1639 5360 ut
1670 5300 1881 5377 homo,
1906 5301 1986 5362 de
2017 5319 2143 5380 quo
2176 5302 2322 5363 scri-

2430 4318 2672 4400 pientia
2699 4319 2896 4381 Patris
2927 4318 3177 4381 Christo
3207 4318 3734 4400 praedicabantur,
3769 4318 3918 4380 scri-

2429 4425 2664 4497 ptaque
2698 4424 2876 4478 erant
2912 4433 2925 4476 :
2959 4417 3492 4497 quemadmodum
3530 4416 3596 4477 in
3627 4416 3798 4479 Actis
3834 4416 3915 4478 de

2430 4514 3098 4577 Thessalonicensibus
3144 4514 3396 4596 legitur,
3443 4514 3796 4577 Nobiliores
3836 4532 3914 4575 ex
3981 4542 4190 4584 ,mmm

2429 4613 2521 4675 eis
2561 4621 2978 4693 susceperunt
3010 4614 3274 4676 verbum
3313 4632 3455 4675 cum
3501 4613 3674 4675 omni
3720 4612 3916 4674 avidi·
3947 4608 4011 4647 ¹¹·

2434 4718 2576 4786 tate,
2613 4709 2900 4790 quotidie
2939 4719 3291 4772 scrutantes
3324 4710 3702 4791 ScripturaS.
3733 4710 3914 4771 Et·in

2431 4808 2768 4889 Sapientiae
2790 4808 2954 4870 libro
2983 4806 3072 4869 ait
3091 4816 3310 4870 auctor
3339 4808 3486 4869 libri
3517 4808 3745 4889 hujus:
3765 4807 3916 4881 Quid
3945 4836 4114 4890 Sap,‚-1,
4131 4836 4189 4874 ιι,

2431 4906 2513 4967 sit
2544 4905 2877 4987 sapientia,
2913 4905 3228 4973 referam:
3271 4914 3334 4967 et
3371 4924 3500 4967 non
3529 4905 3916 4967 abscondam

2429 5012 2822 5066 sacramenta
2869 5003 2999 5080 Dei,
3045 5004 3153 5065 sed
3203 5004 3284 5065 ab
3331 5004 3516 5067 initio
3564 5003 3916 5066 nativitatis

2430 5102 2850 5183 investigabo.
2882 5101 3064 5163 Juxta
3101 5100 3273 5163 hunc
3312 5102 3568 5164 modum
3612 5100 3916 5183 loquendi

2428 5201 2515 5262 ait
2557 5200 2893 5281 Apostolus
2933 5216 2946 5259 :
2987 5200 3125 5281 Ipse
3165 5198 3436 5281 Spiritus
3480 5200 3760 5281 postulat
3801 5218 3918 5281 pro
3977 5228 4186 5269 Restm.

2431 5298 2640 5375 nobis,
2665 5298 2728 5360 id
2760 5304 2875 5374 est,
2899 5296 3220 5378 postulare
3251 5315 3368 5360 nos
3397 5296 3574 5360 facit.
3606 5297 3676 5359 In
3703 5297 3916 5361 Exodo
3945 5291 4008 5331 ²⁶·
