4309 6259
903 499 982 563 70
1459 516 1807 563 RNARRATIO
1849 517 1911 561 IN
1953 517 2088 561 CAP-
2135 516 2263 561 xvn
2306 516 2465 561 unm
2506 515 2730 570 QUAM!
2772 515 2997 561 REGUH.
3040 534 3123 545 —
3163 516 3306 561 Am.
3351 515 3436 562 XX

907 707 1104 763 scere,
1139 696 1202 749 et
1241 686 1299 749 ei
1346 686 1688 767 aliqualem
1731 686 2102 749 servitutem
2148 684 2396 766 impen-
2421 682 2473 745 A
2504 684 2743 747 Idcirco
2791 683 3247 765 subjungitur:
3273 687 3597 763 ponebant
3633 706 3731 746 eos
3776 688 3847 745 in
3888 690 4001 766 fa-

906 786 1086 860 dere3
1111 793 1340 848 etcum
1369 784 1488 849 hoc
1512 784 1846 847 coluerunt
1870 784 2021 847 deos
2053 802 2201 847 suos
2233 801 2392 863 quos
2504 784 2631 853 nis,
2677 781 2740 843 id
2790 790 2886 843 est
2945 781 3196 863 templis
3249 782 3534 859 deorum,
3583 785 3993 845 sublimibus.

904 892 1052 946 ante
1101 883 1308 946 colere
1355 882 1526 946 soliti
1575 891 1754 945 eraut
1797 899 1811 943 ε
1853 890 2159 963 erantque
2208 881 2395 963 quin-
2500 882 2588 941 Et
2618 900 2821 959 quum
2854 882 3210 940 Dominum
3246 885 3540 951 colerent,
3573 882 3705 941 diis
3742 902 3999 961 quoque

903 1001 1030 1064 que
1059 990 1279 1061 gentes
1310 1000 1580 1063 quarum
1601 979 1904 1061 quaelibet
1933 999 2115 1042 suum
2149 979 2388 1043 idolum
2500 980 2637 1039 suis
2664 980 3043 1048 serviebant,
3053 980 3261 1055 juxta
3287 982 3813 1040 consuetudinem
3836 1000 3998 1057 yen-

905 1081 1062 1145 fecit
1094 1100 1165 1144 ac
1196 1079 1415 1157 coluit,
1449 1088 1521 1142 ut
1551 1086 1841 1142 narratur
1873 1079 1938 1140 in
1971 1079 2203 1142 littera.
2233 1079 2391 1141 Hinc
2506 1079 2697 1147 tium,
2724 1080 2805 1137 de
2847 1079 3077 1156 quibus
3120 1080 3425 1137 translati
3461 1081 3731 1159 fuerant
3770 1081 3843 1139 in
3870 1082 3997 1141 Sa-

902 1179 1214 1261 Josephus
1236 1178 1462 1241 refert:
1487 1179 1679 1241 Erant
1701 1187 1911 1241 autem
1935 1178 2223 1259 quinque
2240 1196 2393 1257 gen—
2504 1179 2808 1236 mariam.

907 1287 1040 1352 tes;
1077 1286 1141 1341 et
1177 1296 1374 1358 quum
1421 1277 1570 1340 deos
1602 1296 1718 1340 suo
1767 1294 1941 1340 more
1989 1276 2249 1359 proprio
2288 1295 2392 1340 co·
2595 1277 2794 1354 Usque
2842 1276 2915 1333 in
2958 1284 3337 1351 proesentem
3386 1277 3556 1335 diem
3618 1296 3855 1336 morem
3897 1298 3996 1336 se-

907 1378 1132 1453 lerent,
1186 1377 1264 1439 ad
1315 1376 1708 1438 iracundiam
1758 1385 1821 1438 et
1861 1375 2141 1438 furorem
2196 1376 2389 1437 Deum
2498 1382 2797 1451 quuntur
2825 1375 3193 1451 antiquum.
3220 1375 3368 1433 Non
3392 1376 3617 1434 timent
3633 1376 3993 1435 Dominum

903 1475 1248 1537 maximum
1288 1483 1816 1556 provocaverunt.
1850 1473 2167 1555 Venitque
2204 1472 2392 1554 pesti·
2501 1469 2688 1532 filiali
2720 1480 2826 1533 aut
2847 1470 3080 1533 initiali
3102 1471 3351 1547 timore,
3374 1472 3484 1533 sed
3512 1472 3717 1534 solum
3748 1473 3983 1551 servili,

905 1574 1102 1636 lentia
1131 1591 1322 1655 super
1343 1590 1452 1635 eos
1478 1590 1491 1634 :
1517 1590 1630 1654 per
1659 1592 1850 1652 quam
1871 1571 2171 1654 corrupti,
2191 1590 2389 1653 quum
2502 1588 2703 1648 neque
2748 1571 3119 1630 custodiunt
3162 1571 3569 1630 carimonias
3610 1572 3765 1648 ejus,
3798 1581 3989 1651 atque

907 1672 1149 1734 nullam
1181 1671 1492 1734 malorum
1516 1670 1898 1733 medicinam
1934 1670 2222 1732 invenire
2252 1688 2392 1751 pos-
2484 1668 2780 1744 judicia,
2798 1678 2856 1728 et
2888 1672 3105 1746 legem,
3128 1679 3187 1729 et
3210 1672 3619 1741 mandatum,
3636 1672 3808 1749 quod
3818 1690 3987 1747 prae-

906 1779 1070 1847 sent,
1123 1770 1316 1833 Deum
1371 1770 1717 1831 maximum
1767 1788 1884 1851 pro
1933 1768 2134 1831 salute
2182 1769 2390 1831 colere
2498 1776 2746 1843 ceperat
2778 1768 3095 1827 Dominus
3121 1769 3285 1844 filiis
3310 1769 3523 1838 Jacob,
3556 1788 3744 1847 quem
3772 1788 3988 1846 cayno-
4028 1799 4272 1849 omum,

905 1875 1256 1949 coepcrunt.
1290 1867 1730 1948 Mittentesque
1759 1868 1834 1929 ad
1868 1884 2078 1947 regem
2111 1866 2390 1948 Assyrio·
2425 1866 2473 1929 B
2502 1867 2781 1925 minavit
2811 1867 3051 1937 Isran,·
3069 1874 3128 1925 et
3148 1876 3549 1943 percusserat
3577 1886 3725 1927 cum
3752 1870 3845 1927 eis
3868 1888 3986 1946 pa·
4012 1865 4089 1905 ²⁸·

849 1978 856 1983 ’
905 1986 1047 2028 111111
1079 1965 1338 2047 1636105,
1375 1966 1894 2048 supplicaverunt
1931 1973 2000 2027 ut
2042 1965 2388 2027 destinaret
2498 1973 2698 2032 ctum,
2728 1972 2789 2023 et
2832 1966 3261 2024 mandaverat
3306 1965 3420 2034 eis,
3464 1966 3684 2025 dicens
3715 1986 3738 2024 .·
3770 1968 3987 2028 Nol-ite

905 2065 996 2129 eis
1055 2065 1410 2127 sacerdotes
1453 2084 1527 2127 ex
1577 2064 1850 2147 captivis
1908 2062 2330 2126 israelitarum
2372 2079 2386 2124 ε

903 2181 1032 2245 quo
1077 2164 1392 2239 mittente,
1427 2164 1784 2227 sacerdotes
1818 2162 1923 2225 Dei
1957 2171 2019 2225 et
2059 2160 2221 2242 legis
2262 2160 2418 2223 cul-‘

901 2270 1110 2323 turam
1143 2279 1250 2325 eos
1281 2262 1706 2336 edocuerunt;
1735 2266 1796 2323 et
1826 2280 2024 2341 quum
2045 2259 2390 2341 coepissent

903 2360 1100 2423 Deum
1150 2375 1399 2422 summa
1445 2359 1784 2424 devotione
1834 2357 2145 2434 venerari,
2191 2357 2387 2440 pesti-

904 2457 1102 2520 lentia
1160 2466 1418 2539 repente
1465 2457 1760 2520 cessavit.
1813 2456 1969 2518 Hinc
2016 2473 2271 2537 quoque
2321 2455 2387 2516 in

904 2555 1295 2619 Scholastica
1320 2554 1681 2618 continetur
1720 2553 1984 2616 historia
2019 2571 2033 2615 :
2068 2553 2389 2616 Habitavit

904 2654 1196 2716 sacerdos
1229 2652 1338 2715 ille
1369 2652 1434 2714 in
1456 2652 1694 2727 Bethel,
1719 2660 1783 2715 61
1809 2659 2229 2733 susceperunt
2245 2667 2390 2729 gen-

899 2761 998 2815 tes
1051 2751 1178 2813 illae
1225 2750 1776 2817 circumcisionem
1827 2758 1889 2813 et
1937 2749 2223 2830 legitima
2278 2750 2385 2811 Dei

903 2850 1114 2913 Israel.
1162 2850 1316 2912 Nam
1375 2850 1666 2912 sacerdos
1721 2848 1832 2912 ille
1899 2848 2102 2928 1636111
2162 2848 2387 2929 Moysis

901 2950 1202 3031 scriptam
1236 2946 1703 3029 antiquioribus
1737 2946 1966 3010 litteris
1998 2966 2213 3009 secum
2246 2965 2390 3028 por—

2502 2063 2723 2121 timere
2746 2064 2892 2122 deos
2912 2064 3176 2133 alienos,
3208 2072 3269 2123 et
3288 2082 3417 2123 non
3448 2065 3726 2124 adoretis
3754 2084 3854 2124 eos
3884 2086 3987 2126 ne-

2497 2180 2621 2238 que
2647 2161 2873 2219 colatis
2898 2180 3019 2233 eos,
3052 2171 3112 2221 et
3148 2181 3279 2221 non
3322 2164 3663 2222 immoletis
3706 2166 3799 2223 eis
3816 2186 3845 2235 ,·
3878 2168 3987 2224 sed

2496 2260 2851 2319 Dominum
2881 2261 3087 2319 Deum
3132 2270 3437 2337 vestrum,
3470 2262 3587 2339 qui
3622 2264 3853 2322 eduxit
3882 2284 3989 2323 vos

2496 2358 2576 2415 de
2608 2366 2779 2417 terra
2798 2359 3086 2435 .AEyypti
3128 2360 3196 2418 in
3234 2354 3626 2434 fortitudine
3656 2380 3899 2437 mayna
3928 2372 3989 2421 et

2500 2457 2571 2515 in
2602 2458 2859 2516 brachio
2887 2467 3158 2529 extenta
3185 2460 3399 2534 ipsum
3431 2460 3658 2528 timete,
3690 2470 3751 2520 et
3794 2462 3989 2521 illum

2499 2556 2786 2624 adorate,
2802 2565 2861 2615 et
2885 2556 3011 2631 ipsi
3042 2558 3389 2617 immolate.
3408 2558 3825 2619 Caerimonias
3842 2579 3991 2638 quo-

2498 2672 2620 2730 que
2648 2661 2707 2712 et
2722 2653 2992 2729 judicia
3022 2664 3082 2714 et
3112 2657 3309 2731 leyem
3327 2663 3388 2714 et
3408 2658 3793 2716 mandatum
3814 2660 3989 2735 quod

2496 2752 2755 2828 scripsit
2785 2753 2979 2824 vobis,
2998 2754 3330 2823 custodite,
3346 2762 3419 2813 ut
3446 2754 3711 2829 faciatis
3738 2758 3991 2815 cunctis

2496 2849 2745 2918 diebus,
2762 2857 2822 2908 et
2852 2869 2982 2909 non
3014 2851 3294 2910 timeatis
3321 2853 3467 2910 deos
3486 2852 3752 2914 alienos.
3776 2854 3865 2913 Et
3876 2872 3991 2930 pa-

2496 2956 2669 3006 ctum
2702 2951 2875 3026 quod
2898 2952 3214 3026 percussit
3245 2951 3587 3021 vobiscum,
3622 2954 3821 3012 nolite
3838 2955 3989 3013 obli-

901 3048 1082 3111 tavit.
1115 3046 1292 3109 Unde
1322 3045 1523 3127 aliqui
1555 3045 1923 3127 opinantur,
1958 3045 2129 3127 quod
2160 3044 2387 3105 Esdras
2423 3050 2467 3112 C
2498 3047 2684 3114 visci,
2716 3066 2829 3106 nec
2855 3047 3078 3107 colatis
3114 3050 3261 3107 deos
3300 3050 3547 3108 alienos
3564 3071 3591 3119 ,·
3630 3052 3739 3109 sed
3766 3052 3991 3111 Domi-

901 3145 1300 3227 recupcravit
1329 3144 1821 3207 pentateuchum
1854 3144 2078 3226 Moysis
2110 3162 2187 3206 ex
2234 3143 2389 3206 litte-

901 3244 992 3307 ris
1021 3242 1578 3306 Samaritanorum.

981 3344 1068 3404 Ec
1097 3362 1500 3422 unaquoeque
1530 3362 1689 3418 qens
1713 3343 2040 3418 fabricata
2075 3351 2166 3402 est
2194 3344 2387 3402 deum

899 3460 1113 3502 suum.
1147 3443 1482 3502 Posuerun
1493 3450 1635 3519 tque
1657 3459 1758 3499 eos
1785 3441 1858 3499 in
1887 3441 2071 3516 fanis
2099 3440 2382 3510 eaxcelsis‚

901 3560 1044 3619 quoe
1080 3540 1367 3615 fecerant
1405 3539 1780 3609 Samaritae,
1806 3557 1963 3614 qens
2005 3548 2065 3597 et
2105 3556 2263 3613 qens
2312 3539 2386 3597 in

901 3638 1167 3697 urbibus
1207 3638 1342 3695 suis
1389 3638 1463 3695 in
1511 3637 1744 3715 quibus
1793 3636 2192 3696 habitabant.
2248 3636 2388 3695 Vir-i

901 3738 1077 3796 enim
1107 3736 1459 3811 Babylonii
1485 3735 1776 3810 fecerunt
1808 3736 2080 3796 Sochotlt
2110 3733 2386 3801 Benoth,

901 3835 1038 3895 viri
1065 3842 1279 3894 autem
1306 3834 1554 3894 Cutkoei
1581 3833 1873 3910 fecerunt
1895 3835 2149 3909 Nerqel,
2172 3842 2232 3891 et
2255 3833 2388 3891 viri

897 3936 977 3995 de
1015 3932 1260 3994 Ematlt
1297 3934 1588 4012 fecerunt
1635 3934 1887 3993 Asima.
1920 3934 2127 3993 Porro
2164 3932 2387 3991 Hevoei

897 4034 1190 4109 fecerunt
1222 4032 1548 4101 Nebalzaz‚
1580 4040 1640 4091 et
1677 4032 2015 4091 Tharthac.
2047 4031 2141 4091 Hi
2167 4038 2385 4089 autem

899 4133 1018 4211 qui
1073 4138 1259 4191 erant
1306 4133 1385 4190 de
1438 4130 1891 4206 Sepkarvaim,
1938 4129 2387 4188 comburebant

2497 3164 2659 3204 num
2698 3147 2908 3205 Deum
2946 3155 3229 3207 vestrum
3271 3148 3502 3218 timete,
3534 3157 3594 3207 et
3638 3150 3772 3225 ipse
3808 3162 3987 3211 eruet

2500 3262 2604 3301 vos
2632 3246 2712 3301 de
2742 3262 2946 3304 manu
2973 3246 3269 3305 omnium
3308 3246 3726 3307 inimicorum
3760 3258 3988 3309 vestro-

2496 3360 2669 3400 rum.
2703 3342 2823 3400 Illi
2866 3361 3012 3400 vero
3053 3362 3184 3403 non
3226 3345 3608 3414 audierunt,
3644 3347 3753 3405 sed
3774 3346 3985 3421 juxta

2496 3441 3021 3499 consuetudinem
3051 3461 3239 3501 suam
3274 3443 3631 3518 pristinam
3652 3454 3986 3521 perpetra—

2497 3538 2670 3598 bant.
2707 3540 3003 3599 Fuerunt
3034 3540 3243 3615 iyitur
3264 3550 3482 3617 yentes
3510 3542 3650 3603 istoe
3696 3542 3984 3603 timentes

2494 3638 2757 3716 quidem
2804 3639 3184 3707 Dominum,
3234 3640 3345 3697 sed
3399 3640 3610 3700 nihilo
3659 3642 3878 3700 minus
3924 3652 3985 3701 et

2498 3737 2691 3793 idolis
2731 3737 2867 3794 suis
2907 3739 3269 3797 servientes.
3305 3739 3479 3797 Nam
3507 3740 3642 3814 filii
3676 3757 3897 3799 eorum
3924 3750 3986 3799 et

2495 3842 2769 3909 nepoteS,
2800 3834 2967 3893 sicut
3005 3836 3297 3914 fecerunt
3334 3845 3553 3911 patres
3580 3838 3714 3905 sui,
3748 3838 3843 3896 ita
3884 3838 3985 3913 fa-

2494 3933 2677 3991 ciunt
2708 3952 2907 4011 usque
2946 3934 3017 3993 in
3050 3942 3429 4010 proesentem
3466 3935 3664 3995 diem.
3699 3934 3983 4016 Denique

2495 4029 2799 4112 quoniam
2832 4031 2996 4093 Deus
3027 4030 3433 4114 omnipotens
3464 4040 3697 4095 terram
3720 4034 3986 4115 promis-

2498 4129 2696 4193 sionis
2726 4130 2804 4192 ad
2837 4130 3079 4192 cultum
3110 4150 3295 4193 suum
3330 4131 3691 4213 specialiter
3724 4132 3985 4215 deputa-

899 4230 1072 4308 fi'tios
1099 4248 1244 4288 suos
1285 4230 1432 4305 iqni
1459 4230 1882 4289 Adrameleclz
1911 4236 1971 4287 et
1999 4230 2385 4288 Anameleclz
2415 4228 2463 4289 D
2498 4228 2609 4304 vit,
2644 4228 2845 4292 voluit
2879 4236 2949 4291 ut
2986 4236 3205 4309 gentes
3253 4229 3342 4292 ibi
3382 4238 3722 4309 moranteS,
3757 4232 3981 4295 saltem

901 4329 1035 4389 diis
1078 4328 1510 4404 sepharvaim
1543 4344 1567 4386 .·
1606 4335 1665 4386 et
1706 4327 1914 4385 nihilo
1964 4327 2188 4385 minus
2232 4328 2388 4384 cole-

901 4430 1054 4487 bant
1093 4426 1468 4487 Dominum.
1509 4428 1825 4485 Fecerunt
1871 4434 2088 4484 autem
2133 4424 2263 4482 sibi
2309 4425 2388 4482 de

903 4526 1271 4586 novissimis
1312 4527 1662 4585 sacerdotes
1703 4526 2137 4583 excelsorum:
2171 4523 2235 4585 id
2266 4530 2380 4600 est,

897 4631 1118 4704 gentes
1166 4622 1290 4685 illae
1319 4630 1702 4703 acceperunt
1745 4621 1870 4683 sibi
1914 4622 2269 4684 sacerdotes
2307 4622 2387 4685 de

899 4722 1147 4785 infimis
1177 4729 1239 4786 et
1260 4720 1596 4787 vilioribus
1615 4720 1977 4803 quibusque
1996 4720 2381 4799 110111111111115,

878 4841 1028 4886 ‘non
1059 4823 1139 4885 de
1169 4820 1414 4884 semine
1442 4820 1670 4882 Aaron.
1703 4820 1880 4882 Unde
1909 4828 2178 4897 constat,
2212 4820 2385 4902 quod

897 4940 1027 4984 non
1077 4919 1412 4983 coluerunt
1451 4918 1645 4981 Deum
1695 4918 1883 4981 Israel
1935 4925 2128 4981 totam
2179 4917 2383 4999 legem

896 5016 1122 5101 Moysis
1153 5018 1484 5095 servand0‚
1509 5018 1617 5079 sed
1650 5015 1863 5098 aliqua
1891 5018 2031 5099 ejus
2063 5017 2379 5079 mandata.

901 5118 979 5181 Et
1011 5118 1113 5179 isti
1161 5116 1515 5179 sacerdotes
1560 5124 1739 5179 erant
1783 5117 2135 5179 sacerdotes
2186 5116 2387 5179 excel-

885 5235 1142 5293 sorum,
1178 5215 1242 5277 id
1284 5222 1380 5277 est
1409 5214 1695 5291 deorum,
1727 5232 1889 5295 quos
1929 5223 2384 5296 reputaverunt

897 5313 1200 5390 excelsoS,
1233 5320 1296 5375 et
1344 5328 1502 5393 quos
1549 5311 1844 5375 colebant
1894 5312 1960 5373 in
2010 5311 2153 5373 altis
2200 5311 2377 5374 10615.

2494 4327 2857 4409 aliqualiter
2888 4338 3363 4407 cognoscerent,
3401 4328 3699 4393 timerent
3726 4339 3791 4393 61
3820 4331 3985 4394 cole-

2494 4435 2635 4489 rent
2676 4446 2844 4502 eum,
2880 4434 2949 4488 ut
2988 4446 3101 4508 per
3148 4426 3272 4490 hoc
3325 4427 3696 4509 temporalia
3740 4428 3985 4493 incom-

2494 4525 2681 4587 moda
2721 4526 2853 4605 jam
2894 4533 3193 4608 praetacta
3241 4527 3602 4603 evaderent,
3638 4535 3703 4589 et
3749 4535 3979 4591 terram

2496 4631 2621 4685 tam
2672 4624 2986 4704 egregiam
3040 4625 3201 4687 lacte
3249 4632 3311 4687 et
3361 4625 3549 4687 melle
3588 4633 3975 4704 manantem,
4012 4656 4267 4702 offlam,

2493 4722 2818 4803 possidere
2878 4731 3089 4784 essent
3141 4723 3376 4785 idonei.
3438 4723 3676 4805 Nempe
3732 4743 3848 4805 per
3905 4723 3983 4787 ti-

2494 4838 2732 4882 morem
2768 4820 2946 4882 illum
2991 4821 3287 4884 servilem
3334 4830 3397 4885 et
3445 4821 3685 4884 cultum
3727 4822 3836 4886 Dei
3885 4823 3981 4885 in-

2496 4918 2790 4996 formem,
2846 4938 2973 4983 non
3036 4920 3393 5001 spiritualia
3436 4929 3501 4984 et
3556 4928 3811 4999 aeterna,
3866 4923 3978 4985 sed

2492 5016 2866 5098 temporalia
2896 5026 3140 5079 tantum
3171 5017 3339 5081 bona
3366 5028 3875 5101 promeruerunt.

2594 5116 2677 5179 De
2723 5116 2823 5177 his
2876 5116 3173 5197 gentibus
3214 5118 3524 5199 Josephus
3572 5118 3767 5181 refert
3810 5136 3823 5180 ε
3874 5118 3979 5182 Se-

2490 5215 2779 5276 cundum
2810 5214 3132 5294 eloquium
3166 5215 3591 5291 Hebraeorum,
3610 5216 3851 5279 Cuthaei
3878 5236 3979 5281 vo-

2488 5320 2737 5389 cantur,
2788 5312 2943 5393 quia
2989 5308 3295 5396 praecipui
3347 5314 3513 5378 inter
3560 5332 3667 5379 eos
3719 5314 3977 5379 suerunt
