4309 6259
86 1564 170 1604 Jer.
185 1576 282 1604 xxxxx

194 2468 296 2503 nnnnnn

933 496 1281 549 numano
1325 496 1386 541 IN
1429 495 1564 541 cAP.
1611 494 1654 540 X
1693 493 1851 539 unm
1893 492 2118 548 QUARTI
2158 494 2383 543 REGUM.
2426 516 2507 527 —
2546 498 2688 543 AM.
2736 498 2846 544 1111

3351 479 3429 541 47

331 664 388 727 ei
437 665 938 749 imprecabatur.
989 671 1078 730 Et
1126 670 1223 729 ait
1269 670 1433 729 Jehu
1483 670 1571 727 ad
1615 684 1762 727 eum
1806 682 1831 725 .·
1864 664 1912 725 Α
1940 670 2113 729 servi
2159 672 2352 731 Baal.
2408 672 2556 733 Non
2602 671 2741 747 suit
2787 671 3086 730 residuus
3133 688 3213 728 ne
3258 686 3431 727 unus

329 765 685 844 Numquid
713 778 804 827 est
833 788 942 827 cor
973 777 1158 828 tuum
1191 776 1434 827 rectum
1463 783 1610 826 eum
1646 766 1832 823 corde

326 884 489 933 mee,
519 866 694 926 sieut
732 886 844 927 cor
884 887 1098 927 meum
1135 887 1284 927 eum
1323 867 1508 925 corde
1553 865 1706 924 tuo?
1732 863 1833 925 Jo-

327 962 538 1025 nadah
591 962 736 1041 iste,
792 974 864 1027 ut
908 965 1218 1047 Iosephus
1267 972 1503 1039 narrat,
1561 960 1685 1024 suit
1733 960 1831 1024 vir

327 1057 536 1122 bonus
568 1081 643 1124 ac
675 1062 910 1142 justuS,
944 1071 1009 1126 et
1045 1064 1201 1127 olim
1243 1062 1446 1145 ipsius
1478 1062 1637 1124 Jehu
1671 1060 1828 1123 ami-

325 1176 474 1232 cus;
519 1158 936 1243 laudavitque
977 1162 1188 1244 ipsum
1225 1162 1407 1239 Jehu,
1439 1161 1612 1243 quod
1650 1160 1830 1240 juxta

325 1256 433 1317 Dei
468 1258 870 1322 voluntatem
903 1261 1163 1322 domum
1184 1260 1400 1323 Achab
1421 1257 1829 1323 exterminas-

327 1361 442 1416 set.
484 1356 576 1417 De
618 1357 902 1419 Jonadab
935 1358 1056 1420 isto
1098 1366 1162 1421 et
1199 1358 1472 1440 posteris
1513 1356 1674 1437 eJUS,
1719 1356 1826 1417 ha-

327 1452 515 1515 bctur
562 1454 632 1516 in
676 1455 969 1533 Ieremia,
1007 1456 1118 1518 ubi
1163 1456 1522 1519 Rechabitae
1573 1455 1705 1518 nati
1750 1474 1827 1517 ex

287 1552 574 1616 ‚semine
624 1554 932 1632 Jonadab,
980 1555 1203 1618 dicunt
1253 1573 1266 1616 ε
1311 1554 1594 1618 Jonadab
1645 1552 1824 1615 filius

325 1652 602 1729 Rechab,
638 1662 822 1735 pater
860 1663 1096 1731 noster,
1141 1654 1444 1736 praecepit
1485 1653 1692 1730 nobis,
1731 1651 1827 1714 di-

325 1770 474 1815 cens
500 1769 515 1812 :
543 1752 684 1815 Non
716 1752 948 1816 bibetis
981 1752 1203 1815 vinum
1235 1772 1347 1817 vos
1377 1762 1439 1817 et
1470 1752 1598 1815 filii
1626 1751 1823 1815 vestri

1941 769 2226 844 quidem,
2260 770 2377 847 qui
2406 789 2535 829 non
2568 770 2833 829 veniret.
2862 771 2945 830 Ec
2974 767 3250 845 ingressi
3274 774 3429 825 sunt

1945 870 2251 943 templum
2293 870 2484 928 Baal.
2530 870 2614 929 Ec
2657 871 2896 946 repleta
2938 876 3027 926 est
3067 869 3321 933 domu-5,
3365 862 3428 923 id

1941 970 2036 1024 cst
2066 964 2397 1046 templum,
2418 968 2587 1025 Baal
2608 986 2647 1025 a
2667 984 2914 1025 summo
2936 983 3136 1043 usque
3155 965 3243 1023 ad
3259 982 3430 1021 sum-

1941 1082 2142 1134 mum,
2164 1060 2227 1123 id
2252 1070 2347 1125 est
2366 1063 2446 1125 ab
2472 1082 2600 1127 una
2629 1062 3023 1125 extremitate
3054 1060 3190 1142 ejus
3223 1078 3429 1141 usque

1939 1160 2017 1222 ad
2047 1160 2261 1223 aliam.
2294 1160 2508 1225 Refert
2535 1162 2868 1244 Josephus,
2904 1160 3073 1243 quod
3112 1158 3257 1222 Baal
3300 1158 3427 1220 fuit

1938 1258 2092 1323 deus
2123 1260 2477 1343 Tyriorum.
2496 1260 2711 1324 Achab
2740 1278 2889 1341 ergo
2921 1260 3143 1323 volens
3173 1258 3426 1339 placere

1937 1377 2157 1422 socero
2186 1379 2301 1423 suo
2319 1360 2535 1423 Jobal*
2556 1368 2706 1422 tunc
2729 1359 2860 1441 regi
2879 1359 3208 1441 Tyriorum
3233 1366 3425 1439 atque

1937 1457 2212 1535 Sidonis,
2239 1459 2547 1541 templum
2580 1458 2734 1522 fecit
2762 1458 2905 1521 Baal
2937 1456 3003 1519 in
3034 1455 3335 1533 Samaria,
3360 1464 3424 1519 et

1937 1559 2292 1621 sacerdotes
2324 1558 2383 1621 ei
2416 1557 2715 1634 instituit,
2741 1557 3040 1640 ipsosque
3070 1554 3246 1619 omni
3278 1554 3424 1617 reli-

1934 1655 2145 1736 gionis
2176 1656 2427 1719 cultura
2456 1656 2897 1719 venerabatur.
2922 1657 3237 1735 Dixitque
3263 1653 3421 1716 Jchu

1935 1756 2038 1815 Itis
2065 1757 2183 1835 qui
2210 1766 2397 1816 erant
2423 1775 2616 1832 super
2645 1764 2859 1826 veste-5,
2879 1753 2943 1816 id
2975 1762 3071 1817 est
3100 1770 3421 1815 sacrarum

324 1869 528 1931 usque
589 1851 658 1913 in
720 1854 1208 1935 sempiternum,
1261 1861 1324 1916 et
1371 1853 1632 1916 domum
1691 1870 1818 1915 non
1861 1853 2207 1916 Bvestium
2231 1853 2701 1936 superstitionis
2723 1853 2895 1915 illius
2916 1850 3288 1925 custodibus
3309 1868 3422 1911 seu

322 1948 756 2028 aedificabitis,
792 1960 856 2014 et
884 1961 1236 2015 sementem
1269 1971 1397 2015 non
1429 1952 1676 2028 seretiS,
1709 1951 1818 2013 sed

326 2048 388 2109 in
433 2048 868 2113 tabernaculis
913 2050 1308 2114 habitabitis,
1350 2051 1528 2115 Unde
1575 2052 1821 2114 innote-

325 2148 463 2224 scit,
498 2150 676 2229 quod
705 2157 890 2212 erant
917 2150 1041 2214 viri
1073 2150 1258 2214 valde
1289 2149 1596 2231 religiosi,
1633 2158 1826 2213 terre-

325 2266 554 2311 norum
603 2248 894 2311 omnium
945 2257 1438 2331 contemptoreS.
1483 2249 1709 2331 Atque,
1755 2258 1825 2311 ut

324 2346 722 2429 expositores
763 2346 1066 2425 fatentur,
1105 2356 1288 2411 erant
1325 2368 1402 2411 ex
1440 2348 1684 2411 semine
1729 2349 1822 2411 Je-

328 2445 466 2507 thro
493 2445 752 2525 cognati
781 2446 1010 2528 Moysis
1046 2463 1060 2508 :
1094 2446 1205 2527 qui
1243 2446 1457 2509 Jethro
1496 2447 1575 2510 ad
1619 2446 1822 2526 legem

323 2544 550 2625 Moysis
605 2543 732 2607 ruit
779 2564 1150 2611 conversuS.
1193 2548 1280 2608 Et
1327 2549 1424 2607 ait
1463 2550 1758 2608 Jonadab
1797 2568 1819 2607 .·

321 2645 470 2707 Est..
485 2645 569 2705 Si
597 2654 712 2714 est,
735 2645 980 2724 inquit,
1003 2648 1091 2705 da
1112 2646 1279 2705 mihi
1307 2664 1578 2705 manum
1611 2655 1814 2707 tuam.

1933 1952 2383 2015 matriculariis
2436 1970 2450 2014 ε
2509 1955 2801 2033 Proferte
2848 1953 3221 2012 vestimenta
3272 1951 3420 2011 uni-

1933 2052 2128 2111 versis
2170 2054 2369 2111 servis
2398 2056 2569 2113 Baal
2599 2070 2622 2113 .·
2652 2050 2890 2133 quibus
2932 2050 2997 2111 in
3040 2050 3235 2112 sacris
3273 2048 3415 2111 Baal

1933 2149 2025 2211 uti
2073 2149 2385 2227 solebant,
2422 2158 2491 2211 ut
2534 2149 2625 2212 sic
2672 2150 3187 2213 discernerentur
3233 2167 3270 2210 a
3319 2166 3419 2210 ce-

1935 2247 2106 2310 teris,
2151 2248 2409 2325 Tamen,
2453 2248 2803 2311 secundum
2846 2245 3211 2327 Josephum,
3260 2244 3417 2307 Jehu

1934 2347 2235 2429 praecepit
2287 2346 2583 2429 pontifici
2632 2347 2840 2411 cultus
2890 2344 3058 2423 Baal,
3098 2353 3184 2415 ‚ut
3240 2344 3419 2406 daret

1933 2445 2231 2509 omnibus
2258 2456 2487 2510 vesteS.
2519 2446 2697 2509 Unde
2726 2444 3001 2522 elicitur,
3026 2443 3197 2526 quod
3227 2442 3417 2525 jussit

1931 2544 2053 2607 hoc
2082 2553 2207 2607 tam
2247 2564 2545 2627 supremo
2577 2545 2741 2608 inter
2772 2544 2939 2621 illos,
2973 2562 3166 2625 quam
3200 2540 3417 2603 inferi-

1930 2644 2149 2707 oribus
2184 2644 2555 2709 custodibus
2595 2644 2964 2726 huJusmodi
2997 2642 3294 2707 vestium.
3331 2643 3418 2701 Et

325 2744 452 2810 Qui
477 2744 665 2803 dedit
692 2745 758 2802 ei
787 2764 1058 2805 manum
1085 2764 1294 2805 suam.
1319 2746 1407 2805 At
1437 2746 1551 2803 ille
1582 2748 1822 2807 levavit
1921 2748 2341 2821 protulerunt
2379 2746 2469 2804 eis
2510 2754 2722 2804 vesteS.
2760 2745 3217 2821 Ingressusque
3253 2742 3418 2801 Jehu

316 2861 465 2900 eum
510 2845 603 2901 ad
645 2862 711 2901 se
748 2843 822 2902 in
861 2862 1155 2914 currum,
1185 2845 1488 2923 cii-vitque
1525 2846 1616 2904 ad
1643 2864 1818 2915 eum,

318 2939 436 3001 hoc
487 2947 586 3002 ἀεὶ
632 2939 916 3003 Jonadab
973 2958 985 3002 2
1049 2944 1203 3002 Veni
1242 2963 1512 3014 mecum,
1562 2953 1621 3003 et
1671 2946 1819 3003 vide

1928 2852 1986 2902 et
2026 2845 2322 2904 Jonadab
2361 2845 2545 2920 filius
2581 2844 2833 2904 Reclzab
2875 2844 3181 2919 templum
3220 2843 3413 2909 Baal,

1928 2943 2025 3001 ait
2053 2943 2406 3006 cultoribus
2437 2944 2608 3001 Baal
2625 2961 2647 3000 .·
2670 2941 3065 3019 Perquirite,
3090 2948 3149 2999 et
3180 2940 3409 3008 videte,

315 3042 530 3099 zelum
559 3060 780 3100 meu-m
809 3058 934 3117 pro
962 3041 1264 3111 Domine,
1297 3040 1361 3103 id
1403 3048 1500 3103 est
1543 3041 1817 3122 qualiter
1855 3035 1898 3098 C
1931 3060 2008 3099 ne
2037 3041 2185 3119 quis
2213 3041 2382 3117 sorte
2411 3040 2731 3099 vobiscum
2760 3040 2845 3101 sit
2874 3042 2953 3099 de
2978 3040 3181 3099 servis
3201 3038 3419 3099 Domi-

313 3137 449 3202 zelo
478 3137 692 3202 divini
722 3138 956 3201 amoris
989 3138 1356 3201 idololatras
1377 3140 1519 3202 Baal
1553 3141 1812 3219 necab0‚

313 3237 694 3320 cultumque
724 3236 868 3299 Baal
899 3237 1335 3301 exterminabo
1367 3256 1444 3301 ex
1473 3239 1658 3303 Israel
1697 3258 1711 3302 ε
1745 3248 1810 3303 et

315 3344 382 3396 ut
407 3336 727 3418 Iosephus
753 3335 1060 3417 loquitur,
1084 3336 1328 3417 optima
1357 3337 1550 3399 nimis
1581 3356 1654 3401 ac
1673 3356 1810 3419 gra·-

313 3432 564 3495 tissima
617 3442 756 3496 erat
805 3434 1120 3516 inspectio
1169 3435 1292 3497 ista
1339 3434 1476 3499 viro
1521 3435 1690 3499 bono
1739 3456 1812 3500 ac

310 3529 508 3611 justo.
545 3533 634 3593 Et
668 3532 1043 3609 impositum
1071 3534 1305 3593 currui
1341 3553 1478 3603 suo,
1511 3535 1710 3594 duoeit
1741 3537 1812 3595 in

311 3632 712 3693 Samariam.
735 3632 822 3691 Ec
833 3632 1150 3707 percussit
1179 3652 1394 3692 omnes
1423 3633 1540 3711 qui
1567 3634 1810 3713 reliqui

309 3730 584 3805 fuerant
621 3732 702 3791 de
738 3731 960 3791 Achab
1001 3731 1072 3790 in
1109 3732 1442 3802 Samaria,
1487 3751 1686 3811 usque
1726 3734 1815 3791 ad

313 3830 758 3907 unum,juoeta
780 3828 1044 3889 verbum
1071 3831 1362 3899 Domini,
1375 3833 1546 3910 quod
1567 3834 1814 3891 loeutus

309 3939 400 3988 esc
415 3948 542 4005 per
569 3930 825 3989 Eliam.

393 4027 824 4104 Conqreyavit
843 4046 992 4103 erqo
1010 4027 1177 4087 Jehu
1198 4047 1452 4089 omnem
1463 4032 1809 4106 populum,

312 4136 370 4185 et
387 4128 569 4185 dixit
594 4128 685 4186 ad
705 4146 807 4185 eos
837 4124 904 4187 in
937 4123 1117 4189 dolo:
1137 4128 1359 4187 Achab
1379 4130 1577 4187 coluit
1601 4128 1810 4209 ipsum

1927 3140 2028 3207 ni,
2070 3141 2181 3199 sed
2227 3148 2299 3198 ut
2336 3139 2467 3199 sint
2510 3139 2681 3197 servi
2722 3140 2891 3199 Baal
2933 3138 3079 3198 soli.
3128 3134 3414 3211 Inqressi

1927 3248 2078 3299 sunt
2121 3239 2331 3315 igitur
2372 3247 2444 3298 ut
2484 3239 2767 3317 facerent
2812 3238 3106 3298 victimas
3148 3244 3209 3296 et
3246 3238 3417 3295 kolo-

1926 3347 2170 3398 causta.
2202 3339 2368 3398 Jehu
2398 3346 2615 3397 autem
2638 3343 3126 3415 proeparaverat
3164 3336 3292 3395 sibi
3318 3336 3415 3411 fo·-

1925 3437 2019 3494 ris
2055 3438 2376 3513 octoyinta
2422 3437 2614 3506 υίνοε,
2659 3445 2718 3495 et
2764 3434 3025 3495 dixerat
3062 3436 3153 3495 eis
3192 3451 3215 3494 .·
3258 3434 3416 3503 Qui-

1923 3554 2194 3614 cumque
2237 3536 2486 3612 fugerit
2532 3537 2611 3594 de
2659 3534 3026 3594 hominibus
3076 3533 3202 3604 hie,
3256 3554 3411 3613 quos

1923 3652 2032 3709 eyo
2079 3636 2414 3694 add-umero
2462 3634 2535 3693 in
2586 3652 2817 3693 manus
2868 3642 3127 3703 vestrae,
3181 3634 3409 3693 anima

1923 3732 2063 3809 ejus
2090 3734 2215 3791 erit
2240 3751 2361 3809 pro
2392 3733 2619 3791 anima
2648 3732 2857 3791 illiue.

2005 3832 2279 3891 Factum
2304 3840 2395 3891 est
2424 3839 2639 3890 autem
2670 3850 2873 3909 quum
2910 3833 3293 3907 completum
3322 3851 3412 3891 es-

1921 3937 2013 3988 set
2048 3930 2513 3999 holocaustum,
2544 3931 2853 4006 praecepit
2890 3930 3054 3989 Jeku
3091 3929 3413 3990 militibus

1922 4036 1982 4087 et
2006 4030 2279 4087 ducibus
2307 4028 2444 4088 suis
2474 4047 2496 4085 .·
2525 4027 2991 4103 Inyredimini,
3013 4035 3073 4085 et
3093 4030 3413 4103 percutite

1921 4145 2062 4197 eos:
2101 4130 2326 4187 nullus
2359 4128 2612 4186 evadat.
2657 4128 3244 4203 percusseruntque
3283 4145 3410 4196 e03,

313 4228 484 4285 Baal
509 4244 778 4302 parum,
814 4233 1106 4305 respectu
1137 4224 1350 4286 cultus
1380 4244 1570 4305 quem
1602 4244 1719 4306 ego
1752 4226 1811 4289 ei
1843 4226 1894 4289 D
1923 4223 2221 4286 videlicet
2267 4242 2483 4288 servos
2531 4222 2674 4285 Baal
2736 4222 2903 4288 servi
2949 4222 3130 4300 Jehu,
3182 4225 3255 4284 in
3306 4244 3413 4285 ore

313 4321 714 4405 impendam3
736 4342 848 4399 eqo
869 4334 1086 4384 autem
1103 4326 1312 4384 colam
1330 4344 1478 4384 eum
1498 4327 1805 4401 ampliu-3.

315 4424 510 4485 Nunc
539 4422 753 4499 ἱρέων
781 4441 994 4481 omnes
1016 4424 1362 4500 prophetas
1381 4424 1552 4481 Baal
1577 4432 1638 4483 et
1666 4426 1814 4484 uni-

311 4542 518 4581 versos
547 4540 764 4580 servos
791 4520 960 4596 eju-3,
978 4530 1038 4581 et
1055 4530 1314 4581 cunctos
1337 4524 1687 4582 sacerdotes
1719 4524 1811 4599 ip-

309 4622 472 4689 sius,
513 4629 736 4680 vocate
781 4622 870 4679 ad
916 4640 1035 4681 me.
1090 4621 1333 4680 Nullus
1379 4622 1466 4681 sit
1513 4623 1632 4701 qui
1681 4642 1812 4683 non

312 4719 553 4779 veniat.
587 4718 1016 4795 Sacrificium
1043 4718 1220 4778 enim
1243 4721 1498 4794 yrande
1525 4728 1616 4779 est
1646 4720 1814 4780 mihi

313 4818 504 4877 Baal.
530 4816 936 4895 Quicumque
954 4816 1265 4893 defuerit,
1287 4836 1418 4876 non
1441 4817 1630 4878 vivet.
1655 4820 1813 4879 Por-

313 4934 380 4973 ro
407 4917 576 4975 Jelm
615 4915 898 4991 faciebat
938 4917 1053 4975 hoc
1089 4916 1422 4987 insidiose,
1457 4926 1529 4975 ut
1567 4918 1813 4994 disper-

313 5015 486 5075 deret
533 5016 813 5074 cultores
851 5017 1042 5074 Baal.
1085 5014 1170 5074 Ec
1211 5015 1390 5075 dixit
1430 5035 1452 5073 .·
1498 5018 1810 5093 Sanctifi-

312 5122 468 5184 cate,
503 5110 567 5173 id
601 5120 724 5187 est,
757 5110 1094 5174 sacrificiis
1135 5111 1456 5193 deputate,
1489 5118 1810 5175 solennem

311 5212 484 5269 diem
526 5214 720 5271 Baal.
775 5211 1156 5289 Voeavitque
1198 5220 1258 5270 et
1307 5213 1488 5271 misit
1536 5212 1610 5271 in
1660 5213 1811 5271 uni-

311 5328 520 5371 verso-s·
551 5310 860 5370 terminos
889 5310 1117 5381 Israel,
1149 5318 1208 5369 et
1239 5319 1552 5370 venerunt
1588 5311 1808 5371 cuncti

1914 4325 2158 4399 qladii,
2186 4333 2245 4384 et
2264 4324 2677 4401 projecerunt
2708 4326 2945 4384 milites
2974 4333 3033 4385 et
3069 4326 3281 4385 duces,
3324 4326 3405 4386 Εἰ

1921 4424 2139 4482 ierunt
2168 4424 2242 4482 in
2272 4424 2601 4484 civitatem
2634 4424 2855 4500 templi
2881 4426 3079 4492 Baal,
3110 4432 3171 4483 et
3191 4432 3414 4500 protu-

1921 4524 2136 4581 lerunt
2174 4530 2459 4582 statuam
2501 4524 2581 4581 de
2617 4522 2776 4598 fano
2807 4525 2997 4593 Baal,
3030 4528 3090 4583 et
3128 4524 3408 4583 combus-

1917 4628 2140 4679 serunt
2185 4629 2243 4679 et
2290 4621 2805 4681 comminuerunt
2850 4640 3012 4681 eam.
3058 4622 3407 4681 Destruoee-

1919 4728 2078 4778 runt
2105 4738 2351 4797 quoque
2378 4722 2605 4787 aedem,
2628 4717 2690 4780 id
2722 4727 2818 4781 est
2849 4716 3178 4799 templum,
3204 4722 3399 4791 Baal,

1917 4826 1979 4876 et
1999 4819 2291 4897 fecerunt
2305 4837 2427 4894 pro
2450 4838 2545 4889 ea,
2574 4816 2641 4879 id
2668 4825 2765 4879 est
2788 4816 2855 4878 in
2880 4816 3021 4880 loco
3044 4815 3179 4879 sani
3205 4817 3400 4893 illius,

1921 4914 1986 4977 in
2021 4924 2455 4997 contemptum
2489 4916 2657 4993 Baal,
2693 4920 2993 4993 latri-nae,
3030 4916 3095 4977 id
3132 4924 3228 4979 est
3264 4917 3411 4980 sub·

1921 5023 2242 5077 terraneos
2282 5014 2613 5077 cuniculos
2658 5014 2735 5076 ad
2781 5015 3179 5077 mundandas
3227 5015 3404 5081 urhis

1922 5112 2078 5187 viaS‚
2115 5134 2315 5193 usque
2347 5116 2419 5173 in
2450 5116 2623 5175 diem
2655 5118 2843 5176 Itane.

2000 5215 2248 5274 Delevit
2280 5215 2497 5292 itaque
2522 5214 2689 5274 Jehu
2716 5216 2888 5274 Baal
2924 5217 3004 5273 de
3033 5217 3257 5276 Israel.
3297 5216 3406 5275 Ve-

1917 5320 2285 5371 rumtamen
2305 5332 2345 5371 a
2356 5312 2634 5388 peccatis
2648 5312 2978 5373 Jeroboam
3007 5314 3141 5389 filii
3162 5314 3404 5385 Nabat,

3482 1379 3499 1398 ⁶
3528 1378 3693 1423 lthobal
