4309 6259
919 480 1035 545 182
1297 498 1642 547 mannum
1685 500 1746 544 m
1788 499 1926 545 ω.
1971 496 2123 545 xxix
2166 496 2322 544 unm
2363 496 2533 543 rann
2573 497 3105 543 ranstironsson.
3150 514 3230 527 -
3270 496 3411 542 ΛΒΤ.
3457 495 3609 542 xxix

916 672 1086 752 quod
1137 671 1331 735 verba
1379 668 1489 731 illa
1535 668 1861 744 Hebraica,
1904 668 2231 750 aequivoca
2272 668 2401 729 sint
2428 666 2477 730 A
2508 667 2859 731 ostenderit
2890 666 3011 729 ista
3038 666 3233 729 David
3263 684 3378 748 per
3406 664 3855 729 revelationem
3876 682 3981 729 coe·

913 766 992 828 ad
1026 767 1357 830 leunculos
1392 774 1458 829 et
1496 766 1868 847 expiatoria,
1904 766 2073 829 sicut
2103 764 2401 847 frequen-

913 873 1008 929 ter
1047 866 1360 946 contingit
1388 866 1454 927 in
1486 864 1704 928 simili.

989 966 1214 1026 Altari
1243 974 1459 1025 autem
1504 966 1575 1024 in
1615 984 1740 1044 quo
1770 966 2148 1026 adolebatur
2186 967 2401 1025 incen-

909 1082 1077 1133 sum,
1097 1062 1160 1124 id
1191 1071 1288 1125 est
1317 1081 1432 1145 pro
1455 1062 1566 1126 illo
1596 1063 1780 1125 altari
1814 1061 2031 1126 fiendo
2063 1061 2128 1123 in
2162 1063 2399 1145 templo

911 1160 1279 1237 constituto,
1306 1161 1373 1223 in
1403 1179 1530 1242 quo
1559 1161 2023 1224 accendebatur
2053 1162 2401 1243 thymiama

909 1258 1126 1337 mave,
1160 1262 1340 1322 dedit
1378 1278 1619 1321 aurum
1641 1262 2093 1337 purissimum,
2125 1270 2187 1321 et
2217 1270 2289 1321 ut
2320 1282 2401 1319 ew

911 1359 1048 1436 ipso
1080 1376 1237 1421 auro
1262 1363 1445 1436 fieret
1475 1361 1840 1420 similitudo
1883 1360 2221 1439 quadriyoe
2254 1361 2403 1421 Clie-

911 1458 1129 1517 rubim
1156 1460 1640 1518 eoetendentium
1660 1461 1823 1530 alas,
1839 1467 1898 1518 et
1921 1459 2279 1517 velantium
2298 1478 2403 1518 ar—

913 1574 1054 1615 cam
1095 1556 1362 1632 foederis
1405 1557 1694 1616 Domini.
1739 1555 1881 1637 Ipsa
1927 1555 2165 1617 etenim
2212 1574 2403 1617 aurea

905 1651 1256 1715 Cherubim
1315 1652 1516 1715 instar
1568 1673 1791 1715 currus
1849 1653 2189 1736 portabant
2238 1653 2405 1717 thro-

914 1768 1070 1812 num
1091 1749 1202 1813 Dei
1235 1769 1346 1814 seu
1370 1751 1908 1833 propitiatorium,
1934 1760 2125 1834 atque
2143 1771 2402 1815 suarum

2510 766 2734 829 lestem
2766 765 2831 827 in
2866 764 3241 845 imaginaria
3270 764 3538 841 visione,
3573 771 3681 825 aut
3709 763 3835 827 alio
3858 782 3981 832 mo,—

2509 864 2612 941 do,
2665 864 3202 945 quemadmodum
3258 862 3451 945 Moysi
3506 862 3865 925 ostenderat
3918 861 3978 923 in

2507 971 2724 1025 monte
2772 962 2945 1025 Sinai
3004 960 3394 1024 tabernaculi
3456 959 3749 1037 formam,
3801 959 3977 1041 eique

2507 1060 2671 1122 dixit
2691 1060 2949 1124 :Omnia
2976 1059 3077 1123 fac
3098 1060 3448 1123 secundum
3469 1057 3977 1141 exemplar,quod
4022 1070 4141 1173 ⁸³⁴ss
4164 1135 4201 1173 3„

4052 1147 4085 1180 ,1
4144 1164 4154 1182 ι

2588 1261 2779 1320 Dixit
2798 1278 3046 1338 quoque
3066 1260 3285 1318 David
3302 1256 3642 1319 Salomoni
3668 1256 3809 1333 filio
3835 1273 3978 1315 suo:
4003 1195 4123 1300 ἔειπ’
4151 1208 4213 1244 m'

2509 1160 2624 1223 tibi
2659 1160 2725 1222 in
2756 1168 2973 1223 monte
3002 1166 3423 1222 monstratum
3452 1165 3569 1221 est.

2528 1360 2820 1420 Viriliter
2848 1377 2987 1434 aye,
3019 1367 3079 1417 et
3119 1358 3510 1435 confortare,
3538 1364 3596 1415 et
3624 1356 3754 1432 fac.
3790 1354 3886 1415 Ne
3914 1354 3982 1413 ti-

2512 1477 2683 1518 meas
2709 1466 2769 1517 et
2797 1476 2877 1517 ne
2911 1476 3151 1533 paveas
3190 1453 3551 1517 inordinato
3588 1452 3837 1515 timore.
3870 1454 3985 1513 Do-

2514 1558 2732 1616 minus
2759 1556 2931 1615 enim
2966 1556 3137 1617 Deus
3166 1574 3343 1615 meus
3376 1564 3578 1614 tecum
3603 1553 3756 1621 erit,
3774 1561 3834 1612 et
3864 1571 3987 1611 non

2512 1657 2795 1715 dimittet
2826 1665 2903 1725 te,
2936 1674 3052 1715 nec
3077 1655 3477 1733 derelinquet
3513 1660 3594 1728 te,
3627 1655 3826 1712 donec
3846 1670 3990 1729 per-

2511 1755 2697 1830 ficias
2726 1774 2910 1814 omne
2938 1771 3097 1830 opus
3126 1753 3482 1813 ministerii
3516 1754 3745 1811 domus
3780 1750 3993 1810 Domi-

914 1849 1283 1911 extensione
1312 1849 1556 1913 alarum
1585 1868 1796 1912 arcam
1829 1849 2144 1927 velabant,
2188 1850 2253 1912 id
2282 1858 2398 1927 est,
2440 1856 2485 1917 B
2514 1855 2613 1922 ni,
2637 1851 2701 1913 id
2733 1861 2829 1914 est
2858 1849 3125 1934 praefata
3144 1870 3295 1915 vasa
3322 1859 3385 1913 et
3416 1850 3839 1911 instrumenta
3866 1847 3992 1911 cul-

914 1966 990 2009 ex
1030 1947 1226 2010 latere
1271 1947 1646 2029 operiebant
1693 1967 1834 2011 eam
1883 1948 2198 2030 superiuS‚
2252 1966 2405 2029 quo—

914 2045 1084 2108 niam
1120 2064 1264 2109 arca
1299 2045 1365 2108 in
1397 2045 1608 2109 medio
1639 2045 1980 2108 Cherubim
2012 2043 2159 2108 fuit.

997 2146 1258 2215 Omnia,
1290 2147 1532 2225 inquit,
1578 2156 1890 2205 venerunt
1928 2148 2171 2223 scripta
2202 2164 2407 2205 manu

911 2244 1182 2304 Domini
1224 2246 1312 2303 ad
1359 2264 1480 2317 me,
1514 2254 1586 2304 ut
1627 2245 2053 2321 intelligerem
2100 2246 2406 2305 universa

912 2356 1104 2418 opera
1133 2344 1544 2419 exemplaris.
1580 2339 1767 2414 Quasi
1801 2349 2055 2403 sanctus
2085 2340 2185 2405 vir
2209 2341 2405 2404 David

913 2439 1082 2502 dicat
1111 2457 1228 2502 suo
1259 2438 1402 2502 filio
1433 2438 1752 2502 Salomoni
1789 2457 1803 2501 :
1837 2439 2000 2516 Noli,
2035 2457 2074 2503 o
2104 2438 2229 2517 fili,
2265 2459 2407 2522 par-

914 2536 1259 2619 vipendere
1290 2545 1397 2599 aut
1441 2537 1760 2617 negligere
1793 2537 1934 2614 ista,
1968 2538 2151 2620 quasi
2190 2539 2407 2600 huma-

913 2654 1012 2698 nae
1040 2634 1512 2699 adinventionis
1535 2634 1882 2698 novitatem
1914 2645 2023 2698 aut
2053 2654 2235 2718 opuS,
2254 2635 2409 2717 quia

913 2734 1236 2816 exemplar
1267 2735 1494 2797 horum
1523 2742 1846 2797 ostensum
1879 2734 2039 2795 mihi
2071 2733 2170 2798 est'
2196 2755 2233 2797 a
2254 2736 2401 2797 Deo.

913 2831 1086 2906 Quod
1138 2832 1481 2914 dupliciter
1520 2840 1729 2914 potest
1779 2832 2052 2914 intelligi
2104 2851 2118 2895 ε
2169 2834 2401 2910 Primo,

913 2930 1084 3011 quod
1127 2930 1378 2994 Samuel
1415 2931 1515 2995 vel
1548 2930 1792 2992 Nathan
1832 2940 1941 2993 aut
1971 2932 2122 3009 Gad,
2160 2932 2405 2996 aliusve

2514 1958 2615 2011 tus
2674 1950 2877 2014 divini
2929 1950 2995 2012 in
3046 1949 3306 2031 templo.
3360 1948 3489 2011 Hoc
3538 1947 3727 2029 plane
3776 1946 3993 2009 beatus

2513 2049 2709 2111 David
2741 2046 3031 2130 praedixit
3062 2047 3433 2130 prophetico
3464 2065 3593 2123 ore,
3636 2053 3699 2108 et
3730 2043 3856 2107 fuit
3883 2043 3995 2105 im-

2514 2147 2777 2228 pletum.
2830 2146 2981 2209 Nam
3033 2165 3237 2227 usque
3294 2146 3373 2207 ad
3424 2144 3712 2208 omnium
3769 2143 3989 2205 horum

2512 2244 3125 2308 consummationem
3155 2242 3391 2305 mansit
3420 2241 3487 2307 in
3513 2240 3738 2322 gratia.
3778 2240 3995 2303 Postea

2512 2353 2723 2407 autem
2756 2342 3101 2406 enormiter
3118 2350 3181 2405 et
3201 2339 3730 2424 insipientissime
3750 2338 3991 2403 cecidit.

2514 2446 2672 2504 Eece
2699 2444 3049 2503 divisiones
3076 2444 3476 2501 sacerdotum
3504 2450 3563 2501 et
3593 2440 3991 2507 Levitarum,

2513 2541 2633 2603 hoc
2653 2547 2749 2602 est
2779 2541 3134 2603 sacerdotes
3166 2548 3231 2603 et
3257 2538 3493 2601 Levitae
3520 2537 3809 2601 ordinate
3836 2534 3994 2598 mul-

2515 2639 2947 2721 tipliciterque
2978 2638 3189 2714 divisi,
3226 2641 3299 2697 in
3330 2658 3517 2699 omne
3559 2635 3995 2697 ministerium

2510 2742 2741 2799 domus
2786 2740 3081 2809 Domini,
3137 2737 3201 2799 id
3251 2744 3349 2800 est
3395 2736 3475 2798 ad
3514 2734 3993 2816 exsequendum

2513 2855 2705 2919 opera
2736 2836 2939 2900 divini
2970 2835 3286 2918 obsequii,
3311 2838 3620 2898 adsistent
3652 2836 3772 2895 tibi
3798 2831 3997 2897 consi-

2514 2936 2601 2999 lio
2645 2945 2837 3018 atque
2867 2935 3126 3013 auxilio,
3161 2946 3219 2997 et
3257 2937 3479 3013 parati
3518 2943 3697 3003 sunt,
3726 2943 3787 2994 et
3816 2945 3995 2993 nove-

911 3027 1224 3110 Propheta
1280 3047 1356 3091 ex
1404 3028 1794 3093 revelatione
1840 3029 2062 3094 divina
2117 3031 2404 3095 docuerit
2438 3041 2480 3104 C
2512 3045 2670 3096 runt
2701 3045 2833 3096 tam
2855 3036 3189 3113 principes
3229 3055 3426 3115 quam
3465 3037 3745 3113 populus
3788 3033 3996 3109 facere

913 3139 1128 3211 regem
1173 3127 1369 3193 David
1409 3127 1489 3192 de
1536 3127 1659 3193 his.
1695 3126 2005 3208 Secundo,
2037 3131 2211 3213 quod
2240 3130 2402 3196 Deus

2510 3134 2732 3195 omnia
2753 3143 3075 3211 proecepta
3106 3143 3236 3195 tua.

1945 3520 2599 3608 ARTICULUS
2674 3521 2963 3606 XXIX

1269 3766 1622 3813 ELuctDAno
1665 3767 1940 3814 CAPITULI
1982 3768 2245 3813 vtcsssun
2287 3766 2431 3813 Nom
2475 3767 2547 3812 ΕΤ
2592 3767 2795 3814 mmm
2839 3769 2852 3812 ἰ
2902 3769 3281 3823 LOCUTUSQUE
3324 3770 3431 3815 sss‘r
3472 3770 3661 3816 DAVlD

2015 3866 2136 3911 REX
2178 3866 2262 3911 An
2304 3866 2512 3913 ouNtffl
2556 3866 2904 3913 EGGLRSIAM.

1043 4114 1456 4179 APITULUM
1486 4115 1654 4178 istud
1677 4123 1772 4179 est
1800 4117 2195 4181 continuatio
2217 4118 2410 4181 histo-

2517 4117 2770 4199 pliciter
2802 4118 3003 4200 possit
3044 4119 3333 4201 intelligi,
3369 4126 3541 4201 patet
3568 4139 3646 4183 ex
3684 4118 3879 4183 dictis
3904 4140 3997 4183 su·

4002 1134 4049 1175 to

4140 1084 4213 1113 m·

1063 4214 1173 4277 riae
1203 4213 1466 4296 capituli
1497 4214 2032 4295 praecedentistet
2061 4216 2126 4277 in
2160 4217 2407 4279 duobus
2440 4215 2487 4275 D
2517 4234 2631 4297 per
2682 4216 2840 4279 illud
2890 4236 3082 4299 supra
3127 4218 3437 4300 scriptum
3482 4236 3497 4281 τ
3539 4218 3705 4281 Dixit
3746 4220 3949 4282 David
3982 4238 3995 4281 z
4038 4238 4215 4281 iram

920 4311 1060 4374 istis
1092 4311 1390 4394 capitulis
1422 4312 1624 4374 multa
1653 4313 2032 4395 supplentur
2053 4316 2132 4377 de
2165 4302 2410 4377 institu-

924 4410 1096 4473 tione
1144 4410 1501 4474 Salomonis
1551 4411 1617 4471 in
1655 4429 1889 4492 regem,
1937 4422 2000 4476 et
2051 4412 2225 4476 felici
2276 4414 2409 4478 fine

921 4508 1140 4585 David,
1177 4527 1318 4589 quae
1339 4508 1404 4570 in
1439 4507 1574 4571 fine
1603 4510 1866 4572 secundi
1889 4511 2126 4591 Regum
2151 4511 2412 4575 fuerunt

922 4606 1178 4670 omissa.
1211 4610 1613 4686 Lot-utusque
1641 4618 1730 4668 est
1760 4612 1982 4670 David
2011 4631 2128 4669 rea>
2166 4616 2255 4672 ad
2282 4633 2412 4673 om-

919 4726 1067 4766 nem
1121 4707 1474 4775 ecclesiam,
1532 4704 1652 4767 hoc
1711 4714 1804 4767 est
1861 4715 2057 4769 totam
2117 4706 2408 4773 fidelium

916 4803 1276 4867 Judaeorum
1335 4803 1888 4882 congregationem
1949 4822 2165 4867 secum
2224 4807 2413 4869 colle-

919 4910 1084 4965 ctam
1112 4919 1126 4964 :
1155 4901 1375 4981 sicque
1407 4900 1674 4963 ecclesia
1707 4902 1979 4965 sumitur
2001 4903 2107 4965 hic
2127 4912 2406 4982 extense,

919 5007 1105 5082 prout
1135 5019 1172 5061 a
1191 5016 1508 5081 synagoga
1530 5017 1657 5061 non
1678 5000 2119 5082 distinguitur,
2139 5002 2249 5064 sed
2272 5021 2410 5065 eam

920 5088 1215 5161 includit.
1254 5100 1663 5159 Salomonem
1701 5101 1922 5175 filium
1973 5120 2186 5160 meum
2224 5104 2413 5177 eleqit

919 5198 1237 5259 Dominus
1265 5195 1334 5257 in
1367 5210 1580 5275 regem
1611 5204 1676 5258 et
1707 5196 1928 5279 templi
1959 5206 2261 5275 actorem,
2297 5202 2414 5259 ad—

919 5296 1044 5355 huc
1064 5313 1345 5372 puerum
1375 5304 1435 5355 et
1475 5298 1799 5355 tenellum.
1832 5294 2113 5368 Qualiter
2151 5296 2273 5359 hoc
2303 5297 2412 5359 du-

2517 4313 2814 4378 Salomon
2847 4314 3025 4379 filius
3069 4336 3249 4379 meus
3291 4334 3449 4400 puer
3480 4317 3784 4400 parvulus
3814 4328 3913 4382 est
3939 4329 4000 4382 et
4024 4306 4061 4343 ⁵·

2516 4413 2847 4491 delicatuS,
2903 4423 3023 4477 etc.
3068 4420 3239 4493 Opus
3278 4420 3478 4487 enim,
3509 4416 3809 4482 videlicet
3848 4426 4003 4481 tem·

2519 4511 2696 4594 plum
2728 4512 3203 4591 aedificandum,
3232 4518 3487 4592 ,orande
3514 4526 3602 4576 est
3632 4517 3761 4597 Jam
3804 4516 3871 4579 in
3905 4537 4005 4599 ap-

2519 4611 2952 4693 prehensione,
2966 4620 3029 4674 et
3046 4614 3281 4692 grande
3302 4613 3419 4675 erit
3444 4614 3509 4675 in
3531 4612 4007 4695 effectu.Neque

2518 4712 2695 4769 enim
2725 4712 2980 4771 homini
3008 4712 3348 4781 habitatio,
3388 4712 3509 4774 hoc
3554 4720 3653 4774 est
3686 4712 4009 4777 habitacu-

2520 4807 2674 4884 lum,
2710 4818 3154 4884 proeparatur,
3183 4812 3293 4868 sed
3335 4812 3465 4871 Deo
3496 4832 3517 4870 :
3553 4811 3631 4872 ad
3676 4810 3861 4892 cujus
3900 4812 4010 4875 ho—

2518 4924 2737 4969 norem
2772 4905 2985 4967 decuit
3014 4906 3079 4967 in
3114 4906 3311 4969 veteri
3342 4906 3743 4972 Testamento
3772 4912 4009 4990 grande

2519 5012 2581 5067 et
2610 5003 2986 5086 praeclarum
3019 5004 3303 5067 construi
3326 5006 3661 5089 templum,
3684 5008 3840 5090 quia
3859 5017 4009 5072 tunc

2518 5100 2791 5163 exterior
2811 5101 3310 5165 honorificentia
3328 5103 3600 5166 multum
3624 5106 3830 5170 adhuc
3850 5126 4007 5190 quae-

2521 5200 2798 5262 rebatur.
2834 5200 2900 5262 In
2936 5218 3102 5263 novo
3146 5208 3359 5263 autem
3391 5201 3795 5268 Testamento
3830 5224 4009 5269 orna-

2521 5306 2622 5359 tus
2652 5296 2919 5360 interior
2962 5298 3237 5381 amplius
3273 5299 3601 5381 quaeritur.
3634 5302 3875 5385 Nempe
3912 5303 4006 5367 lex
