4309 6259
961 512 1310 560 mannum
1353 514 1414 559 m
1459 513 1594 559 car.
1641 513 1702 559 iv
1747 512 1904 558 unm
1947 484 2179 567 Quan‘rl'
2214 512 2438 562 nacon.
2484 534 2565 545 —
2605 514 2749 561 aar.
2798 515 2833 559 v
3363 494 3441 561 19

91 700 210 744 rm.
219 712 310 750 xm,
338 682 450 745 tia.
484 684 665 747 Unde
708 686 777 748 in
823 685 1180 751 Proverbiis
1236 686 1469 765 legitur
1513 702 1527 747 ε
1571 685 1638 747 ln
1677 682 1840 746 facie
1871 680 1924 745 A
1955 705 2116 765 meo,
2153 686 2426 751 libenter
2455 696 2517 751 te
2541 688 2709 770 apud
2741 704 2951 767 regem
2980 685 3240 768 juvabo.
3277 684 3441 748 Scie-

75 765 130 806 Α.

337 784 680 862 prudentis
705 785 880 848 lucet
907 784 1247 867 sapientia,
1270 783 1441 847 oculi
1461 791 1674 846 autem
1693 781 1843 844 stul-

336 888 550 944 torum
592 884 660 945 in
707 882 953 946 finibus
983 891 1188 946 terrae.
1223 883 1300 944 Et
1332 883 1558 945 iterum
1591 880 1835 944 fertur:

93 999 238 1041 man
193 1013 306 1050 nm
333 979 704 1053 Quomodo
689 1002 757 1044 1n
791 983 976 1095 aquis
1009 981 1420 1065 resplendent
1455 980 1669 1046 vultus
1700 997 1840 1062 pro-

79 1064 130 1104 19.

73 1294 214 1396 ξων.
227 1309 304 1347 xm
335 1278 536 1341 astico
577 1279 892 1362 scriptum
940 1288 1085 1342 est:

335 1079 776 1161 spicientium,
805 1082 897 1145 sic
917 1082 1109 1145 corda
1139 1082 1473 1145 hominum
1499 1077 1840 1142 manifesta

334 1187 483 1241 sunt
515 1180 969 1262 prudentibus.
991 1181 1118 1244 Hoc
1147 1188 1243 1243 θεῖ
1271 1181 1442 1291 quod
1475 1179 1540 1240 in
1571 1176 1839 1240 Ecclesi-

1119 1280 1210 1342 Ex
1250 1278 1390 1341 visu
1433 1276 1837 1357 cognoscitur

336 1377 456 1453 vir,
482 1386 548 1441 et
589 1378 672 1441 ab
701 1397 972 1443 occursu
1019 1377 1207 1441 faciei
1247 1375 1653 1458 cognoscitur
1693 1393 1836 1437 sen-

333 1482 534 1538 satuS.
567 1476 857 1540 Amictus
889 1478 1197 1559 corporiS‚
1223 1484 1286 1541 et
1317 1476 1482 1537 risus
1513 1473 1828 1548 dentium,

331 1583 394 1637 et
440 1575 772 1657 ingressus
822 1577 1124 1654 hominiS,
1173 1574 1513 1640 enuntiant
1561 1574 1639 1636 de
1690 1572 1826 1635 illo.

326 1674 531 1737 Rabbi
563 1675 888 1753 Salomon,
913 1686 984 1739 ut
1014 1676 1238 1739 recitat
1257 1676 1437 1757 Lyra,
1463 1672 1638 1750 dicit,
1657 1674 1828 1755 quod

324 1774 559 1837 mulier
586 1775 990 1839 sanctitatem
1029 1774 1222 1838 Elisei
1265 1773 1718 1837 animadvertit
1749 1791 1826 1834 ex

1952 784 2059 847 bat
2078 786 2319 869 quippe
2338 786 2584 849 Eliseus
2616 805 2683 849 se
2713 805 2750 848 a
2778 804 2924 866 rege
2942 785 3151 848 Joram
3180 791 3243 847 et
3263 782 3439 866 prin-

1949 882 2091 965 cipe
2133 903 2265 947 suae
2312 885 2559 948 militiae
2608 884 2672 947 in
2725 884 2963 948 honore
3011 881 3252 958 haberi,
3303 890 3437 944 tan-

1947 1001 2140 1063 quam
2172 1002 2600 1047 successorem
2622 984 2794 1060 Eliae,
2814 992 2875 1045 et
2898 982 3051 1063 quia
3070 980 3435 1063 procuravit
3464 996 3724 1111 1215:ng
3666 1012 3707 1041 ιι

1949 1082 2081 1161 regi
2113 1090 2177 1144 et
2203 1082 2599 1165 adjutoribus
2630 1082 2769 1164 ejus
2799 1097 3080 1163 aquam:
3112 1078 3348 1162 quibus
3370 1086 3433 1142 et

1946 1179 2240 1260 praedixit
2278 1181 2631 1257 victoriam,
2680 1188 2869 1264 prout
2906 1177 3286 1263 praecedenti
3323 1178 3435 1241 ha-

1946 1276 2132 1340 betur
2178 1280 2479 1361 capitulo.
2530 1284 2683 1349 Quoe
2730 1281 3083 1359 respoudit,
3132 1296 3433 1360 compen-

1945 1376 2122 1441 diose
2153 1388 2455 1460 tanquam
2498 1378 2739 1442 femina
2766 1381 3067 1462 prudenS,
3101 1377 3253 1459 quia
3298 1395 3427 1442 non

1943 1476 2124 1538 decet
2153 1476 2487 1540 mulierem
2510 1478 2649 1540 sine
2670 1476 3043 1540 necessitate
3062 1476 3258 1539 verba
3278 1476 3433 1538 mul-

1943 1574 2253 1656 tiplicare,
2288 1575 2619 1657 potissime
2659 1595 2870 1640 coram
2912 1575 3307 1657 sapientibus
3338 1574 3431 1640 vi-

1941 1672 2028 1735 ris
2064 1691 2078 1735 :
2111 1678 2195 1735 In
2228 1678 2435 1737 medio
2457 1678 2693 1753 populi
2712 1677 2840 1736 mei
2868 1674 3189 1745 habitent!
3221 1682 3317 1736 est
3339 1672 3431 1735 in·

1939 1780 2032 1835 ter
2053 1774 2559 1856 consanguineos
2592 1782 2655 1837 et
2684 1773 3102 1856 propinquoS,
3130 1771 3219 1835 ita
3258 1773 3427 1853 quod

321 1873 464 1952 hoc,
490 1876 667 1956 quod
689 1874 869 1937 nulla
900 1894 1121 1937 musca
1139 1873 1243 1936 vel
1265 1871 1678 1936 immunditia
1698 1869 1826 1933 alia
1863 1869 1909 1930 B
1938 1872 2152 1935 nullus
2183 1872 2341 1936 mihi
2383 1873 2728 1956 injuriatur
2760 1888 2774 1934 ε
2811 1872 3050 1936 idcirco
3095 1890 3224 1935 non
3265 1870 3431 1933 indi-

320 1992 513 2055 super
546 1993 836 2037 mensam
869 1973 1009 2056 ejus
1042 1972 1296 2036 resedit.
1333 1971 1455 2034 Sed
1488 1990 1618 2034 non
1647 1970 1823 2033 vide-

323 2080 446 2149 tur,
471 2074 648 2155 quod
687 2072 923 2135 mulier
961 2072 1029 2134 in
1069 2079 1315 2135 tantum
1347 2068 1827 2153 appropinqua-

323 2172 487 2235 verit
547 2190 789 2235 mensae
833 2170 1052 2247 Elisei‚
1101 2171 1274 2253 quod
1325 2170 1446 2233 hoc
1498 2168 1826 2250 adspicere

324 2271 630 2351 quiverit,
664 2271 818 2352 quia
847 2290 964 2334 nec
1005 2271 1082 2334 ad
1114 2269 1575 2351 alloquendum
1619 2285 1827 2329 came-

327 2388 454 2431 ram
491 2370 638 2452 eJ'us
668 2370 954 2447 intravit,
979 2370 1046 2431 in
1079 2389 1206 2452 qua
1236 2368 1374 2450 ipse
1404 2385 1691 2430 seorsum
1722 2383 1823 2428 co-

325 2470 546 2545 medit,
572 2478 646 2532 ut
675 2468 892 2532 statim
923 2467 1189 2552 patebit.
1215 2465 1578 2549 Saepissime
1609 2473 1820 2528 autem

326 2567 506 2649 ponit
549 2568 754 2631 Rabbi
799 2568 1098 2632 Salomon
1141 2566 1251 2630 ille
1295 2565 1562 2629 abusiva
1607 2573 1670 2628 et
1720 2563 1827 2626 fri-

325 2666 488 2731 vola.
513 2670 867 2730 Faciamus
894 2687 1065 2745 erqo,
1090 2666 1208 2729 hoc
1240 2674 1336 2729 est
1366 2682 1820 2747 praeparemuS,

323 2770 383 2825 ei
409 2770 823 2828 coenaculum
855 2786 1168 2843 parvum,
1196 2776 1255 2825 et
1289 2785 1614 2843 ponamus
1644 2767 1716 2824 in
1756 2782 1824 2822 eo

325 2870 636 2927 lectulum
663 2876 723 2927 et
757 2886 1042 2927 mensam
1075 2874 1134 2925 et
1163 2868 1415 2933 sellam,
1437 2863 1502 2925 id
1534 2872 1631 2925 est
1661 2860 1818 2924 sedi·

325 2963 403 3041 le,
435 2975 498 3027 et
547 2966 1042 3033 candelabrum,
1085 2974 1154 3025 ut
1203 2984 1406 3042 quum
1449 2963 1694 3022 venerit
1735 2962 1822 3021 ad

327 3084 458 3135 nos,
481 3074 746 3125 maneat
765 3065 882 3134 ibi,
903 3070 971 3123 ut
992 3060 1195 3144 possit
1220 3080 1506 3125 seorsum
1539 3058 1824 3123 comede·
1861 3052 1906 3117 C
1938 3054 2072 3165 lege
2102 3052 2187 3114 sit
2215 3052 2546 3134 scriptum,
2582 3050 2907 3114 Maledicta
2938 3049 3208 3125 sterilis3
3242 3060 3303 3111 et
3323 3052 3428 3110 vir
3460 3070 3636 3176 “m
3649 3083 3720 3120 vn,

329 3181 413 3239 re,
439 3170 504 3225 et
542 3161 822 3226 orationi
864 3160 1182 3237 insistere,
1206 3168 1266 3223 et
1305 3180 1451 3222 suas
1485 3157 1825 3222 necessita-

331 3270 422 3324 tes
453 3260 1076 3341 exercitationesque
1116 3258 1350 3323 facere.
1387 3258 1489 3321 Sic
1531 3257 1823 3319 Rabanus

327 3360 568 3441 aliique
603 3368 958 3443 exponunt.

409 3458 614 3517 Facta
643 3464 732 3515 est
759 3474 906 3533 eryo
936 3456 1074 3514 dies
1117 3456 1440 3533 quoedam,
1471 3460 1532 3512 et
1563 3452 1826 3511 veniens

327 3556 598 3615 divertit
637 3555 712 3613 in
759 3555 1185 3623 coenaeulum,
1229 3561 1289 3612 et
1338 3552 1656 3629 requievit
1707 3550 1821 3608 ibi.

331 3655 645 3732 Dixitque
669 3651 920 3713 Eliseus
949 3654 1037 3711 ad
1067 3652 1252 3712 Giezi
1271 3670 1558 3727 puerum
1587 3668 1777 3708 suum
1801 3666 1824 3706 .·

343 3753 497 3811 Voca
531 3752 954 3811 Sunamitem
986 3752 1204 3818 iscam,
1237 3748 1356 3810 hoc
1391 3754 1487 3810 est
1521 3746 1824 3809 seminam

330 3850 404 3913 de
446 3850 626 3913 Suna
667 3850 830 3913 urbe
861 3849 1160 3912 Samariae
1200 3848 1562 3923 oriundam,
1595 3866 1708 3909 seu
1761 3846 1826 3907 in

332 3968 402 4011 ea
431 3958 828 4012 manentem.
867 3950 994 4017 Qui
1023 3968 1226 4029 quum
1265 3954 1536 4007 vocasset
1571 3966 1741 4014 eam,
1770 3953 1830 4004 et

333 4050 447 4109 illa
475 4050 750 4109 stetisset
768 4068 982 4109 coram
1005 4068 1095 4118 e0‚
1111 4046 1174 4109 id
1205 4054 1302 4108 est
1330 4054 1506 4108 extra
1535 4052 1596 4107 et
1629 4054 1827 4124 prope

331 4147 564 4210 ostium
594 4147 916 4211 coenaculi
959 4146 1176 4222 Elisei‚
1212 4145 1299 4207 ita
1340 4145 1510 4225 quod
1556 4143 1826 4206 invicem

1934 1990 2052 2053 geo
2085 1972 2164 2034 ad
2206 1991 2417 2053 regem
2458 1991 2803 2049 recurrere,
2840 1979 2903 2034 et
2944 1971 2996 2033 si
3048 1969 3425 2052 indigerem,

1935 2070 2281 2152 propinqui
2312 2070 2438 2133 mei
2469 2069 2641 2152 loqui
2682 2079 2942 2152 possent
2974 2088 3089 2151 pro
3122 2088 3245 2131 me.

2017 2168 2100 2226 Ec
2129 2167 2227 2226 ait
2256 2164 2525 2241 EliseuS,
2552 2182 2679 2227 non
2710 2164 2788 2226 ad
2820 2163 3180 2240 mulierem,
3205 2163 3317 2225 sed
3348 2163 3427 2225 ad

1935 2261 2102 2325 Giezi
2139 2280 2152 2324 ε
2194 2266 2365 2333 Quid
2400 2283 2547 2340 erqo
2588 2266 2729 2323 vult
2769 2272 2841 2323 ut
2883 2264 3131 2340 faciam
3174 2262 3287 2321 ei?
3312 2262 3431 2324 Di-

1933 2364 2161 2442 oeitque
2192 2364 2414 2423 Giezi:
2436 2364 2531 2425 Ne
2551 2382 2828 2441 quoeraS,
2850 2360 2913 2424 id
2948 2368 3067 2436 est,
3090 2378 3219 2423 non
3242 2378 3429 2442 opor-

1935 2469 2025 2525 tet
2054 2461 2176 2525 hoc
2206 2480 2508 2542 quaerere,
2535 2480 2734 2542 quum
2766 2467 3011 2523 certum
3034 2458 3115 2521 sit
3146 2467 3210 2522 et
3239 2456 3429 2522 facile

1937 2560 2076 2622 sine
2124 2559 2623 2639 interrogatione
2671 2566 2865 2640 queat
2914 2557 3247 2640 perpendi,
3300 2557 3429 2620 imo

1937 2668 2004 2721 tu
2037 2676 2255 2741 posses
2286 2658 2406 2722 hoc
2425 2678 2538 2740 per
2564 2666 2621 2720 te
2641 2657 2794 2720 satis
2815 2658 3177 2733 advertere3
3209 2659 3429 2734 filium

1933 2760 2110 2819 enim
2139 2778 2271 2818 nou
2300 2760 2485 2818 habet
2506 2778 2529 2817 .·
2551 2756 2616 2818 id
2646 2764 2762 2833 est,
2797 2775 2997 2837 quum
3028 2755 3112 2817 sit
3142 2762 3430 2818 matrona

1935 2864 2064 2918 tam
2095 2856 2273 2919 dives
2303 2864 2367 2918 et
2395 2872 2645 2936 magna,
2666 2862 2911 2917 certum
2938 2861 3035 2916 est
3064 2854 3237 2935 quod
3263 2851 3426 2915 nihil

1937 2963 2257 3017 terrenum
2290 2953 2382 3017 sic
2412 2959 2587 3035 optet
2617 2960 2687 3015 ut
2726 2952 2993 3034 prolem,
3028 2970 3225 3033 quum
3256 2959 3321 3014 et
3360 2951 3427 3013 in

1933 3152 2073 3229 ejus
2101 3172 2293 3212 senex
2311 3161 2424 3224 esc,
2449 3150 2535 3212 ita
2563 3150 2734 3231 quod
2769 3168 2900 3231 prae
2930 3149 3108 3212 senio
3129 3168 3269 3212 eam
3299 3136 3476 3212 non¹

1935 3250 2102 3314 valet
2144 3248 2509 3325 fecundare,
2554 3245 2901 3311 deficiente
2941 3247 3009 3310 in
3048 3266 3123 3309 eo
3164 3247 3425 3310 calore.

1935 3347 2078 3411 ideo
2108 3348 2353 3427 indiget
2395 3344 2974 3428 supernaturaliter
3016 3345 3308 3427 adjuvari
3351 3344 3431 3408 ad

1937 3446 2453 3529 prolificandum.
2495 3447 2819 3521 Praecepit
2872 3446 3092 3524 itaque
3142 3443 3435 3507 ministro

1937 3564 2074 3621 su0‚
2112 3556 2185 3607 uc
2236 3554 2487 3605 vocaret
2527 3564 2691 3604 eam.
2727 3542 2903 3605 Unde
2952 3541 3228 3619 elicitur,
3264 3544 3435 3625 quod

1937 3644 2387 3708 honestissima
2407 3642 2641 3704 mulier
2662 3641 2776 3704 illa
2796 3642 3057 3705 interim
3092 3642 3272 3719 abiit,
3298 3660 3440 3705 con·

1943 3741 2296 3819 serentibus
2334 3740 2579 3803 scilicet
2622 3738 2829 3803 Eliseo
2874 3748 2937 3802 et
2965 3738 3178 3815 Giezi3
3216 3759 3331 3803 nec
3364 3759 3441 3804 ex

1940 3840 2306 3906 curiositate
2365 3838 2673 3902 remansit
2720 3836 3050 3901 evidenter
3109 3846 3217 3899 aut
3276 3837 3439 3901 clam

1940 3942 2018 4003 ad
2047 3938 2535 4003 auscultandum
2570 3935 2723 4017 quid
2765 3934 2858 3996 illi
2894 3934 3433 4016 colloquerentur,

1941 4059 2137 4121 quum
2172 4047 2384 4102 tamen
2422 4035 2633 4112 sciret,
2668 4042 2777 4096 aut
2823 4034 3243 4117 probabiliter
3274 4034 3440 4097 aesti-

1940 4158 2114 4201 mare
2141 4144 2377 4221 posset,
2408 4134 2580 4217 quod
2614 4133 3031 4215 loquerentur
3060 4134 3142 4196 de
3176 4152 3273 4196 ea.

334 4254 626 4327 poterant
655 4264 725 4309 se
745 4246 997 4322 videre3
1033 4264 1162 4308 non
1187 4252 1395 4307 tamen
1427 4243 1690 4306 intravit
1709 4260 1832 4305 coe-
1866 4241 1914 4302 D
2038 4242 2193 4307 Quae
2239 4256 2440 4316 quum
2488 4242 2707 4294 vocata
2756 4233 3011 4309 fuisset,
3062 4242 3121 4293 et
3168 4234 3437 4293 stetisset

333 4346 632 4409 naculum
655 4345 897 4426 (Eliseo
930 4346 1288 4427 praesente),
1315 4351 1387 4405 ut
1417 4341 1586 4405 infra
1618 4341 1830 4403 innui-

333 4452 450 4507 tur.
485 4444 646 4508 Nam
677 4453 740 4508 et
786 4444 1084 4528 protinus
1112 4442 1408 4506 subditur
1442 4459 1456 4503 ε
1488 4443 1667 4502 dimit
1707 4441 1830 4502 Eli-

331 4562 468 4606 seus
499 4548 591 4605 ad
615 4564 924 4621 puerum,
961 4542 1082 4605 hoc
1112 4550 1208 4605 est
1239 4539 1606 4603 ministrum
1639 4557 1824 4601 suum

327 4640 490 4705 Giezi
517 4660 532 4706 ε
564 4646 852 4722 Loquere
875 4644 963 4702 ad
988 4662 1151 4701 eam.
1177 4640 1337 4703 Ecce
1361 4639 1535 4720 quod
1567 4645 1822 4700 sanctus

329 4742 424 4803 vir
463 4760 594 4805 non
649 4739 1032 4821 loquebatur
1081 4736 1446 4800 immediate
1495 4738 1573 4800 ad
1624 4736 1826 4799 illam.

329 4840 502 4904 Unde
530 4848 593 4903 et
625 4840 782 4902 satis
814 4837 1179 4920 conjicitur,
1214 4837 1386 4919 quod
1432 4856 1546 4919 per
1582 4835 1832 4899 notabi-

335 4938 458 5003 lem
483 4938 861 5002 distantiam
890 4936 1068 4999 stetit
1086 4935 1166 4999 ab
1186 4935 1396 4999 Eliseo
1415 4943 1646 4997 amota.
1671 4937 1833 4996 Ecce

337 5042 572 5109 sedule,
606 5037 674 5099 id
717 5044 816 5100 est
859 5035 1135 5111 assidue,
1173 5036 1564 5095 ministrasti
1602 5035 1782 5094 nobis
1813 5054 1835 5094 .·

345 5138 502 5216 quid
547 5138 646 5198 vis
675 5146 750 5197 ut
776 5137 1025 5213 faciam
1068 5136 1186 5195 tibi
1206 5136 1238 5194 ἒ
1267 5134 1610 5214 Numquid
1649 5135 1838 5193 habes

347 5237 696 5313 neyotium,
725 5244 786 5295 et
827 5234 926 5294 vis
969 5243 1042 5294 uc
1073 5237 1302 5313 loquar
1329 5234 1463 5309 reyi
1497 5232 1632 5291 sive
1654 5232 1842 5309 prin-

351 5334 478 5412 cipi
503 5336 765 5396 milicioe
795 5350 914 5414 pro
945 5334 1050 5395 te?
1080 5330 1144 5393 id
1173 5338 1290 5408 est,
1326 5330 1379 5392 si
1425 5350 1572 5412 eges
1603 5327 1842 5393 auxilio

1943 4348 2091 4399 aute
2121 4338 2357 4398 ostium
2389 4355 2411 4395 .·
2444 4352 2519 4397 ex
2560 4350 2688 4414 quo
2720 4331 2930 4414 palam
2976 4340 3095 4409 est,
3129 4331 3301 4413 quod
3336 4352 3439 4395 ca-

1942 4453 2182 4499 meram
2213 4432 2407 4496 Elisei
2439 4450 2567 4495 non
2592 4430 2915 4507 introivit3
2938 4432 3115 4492 dimit
3144 4434 3232 4492 ad
3256 4452 3399 4493 eam
3412 4451 3436 4490 .-

1941 4538 2026 4597 [η
2059 4544 2333 4611 tempore
2362 4534 2505 4603 istc,
2536 4540 2595 4591 et
2637 4532 2711 4591 in
2741 4532 2862 4590 hac
2901 4532 3124 4591 eadem
3162 4532 3348 4601 liora,
3376 4531 3437 4590 si

1943 4636 2081 4695 vita
2109 4652 2309 4693 comes
2336 4631 2569 4711 fuerit,
2591 4628 2849 4689 habebis
2876 4629 2951 4687 in
2982 4638 3159 4688 utero
3179 4630 3435 4705 filium.-

1941 4732 2063 4795 hoc
2093 4738 2210 4808 est,
2242 4747 2409 4792 anno
2438 4727 2748 4803 revoluto,
2782 4725 2836 4787 si
2872 4725 3130 4803 vixeriS,
3167 4726 3433 4790 habebis

1947 4832 2012 4894 in
2045 4838 2226 4893 utero
2255 4827 2469 4889 filium
2494 4826 2714 4889 eadem
2736 4825 2892 4888 hora
2913 4844 3053 4906 quae
3082 4843 3277 4902 nunc,
3302 4843 3431 4887 non

1945 4947 2234 5005 numero,
2268 4925 2573 5009 quoniam
2605 4933 2853 5006 tempus
2884 4924 3056 5005 quod
3099 4923 3429 5005 praeteriit,

1947 5030 2116 5093 idem
2149 5044 2416 5090 numero
2448 5042 2575 5087 non
2618 5024 2901 5098 iteratur,
2938 5023 3048 5085 sed
3080 5022 3316 5104 specie.
3344 5020 3438 5084 Si-

1948 5127 2088 5191 mili
2121 5125 2309 5189 modo
2338 5122 2602 5204 angelus
2634 5120 2867 5203 legitur
2888 5121 3123 5184 dixisse
3142 5121 3221 5182 ad
3243 5120 3437 5182 Abra-

1950 5228 2118 5301 ham,
2153 5224 2463 5306 Tempore
2512 5222 2655 5298 isto,
2704 5220 2835 5284 vita
2878 5217 3132 5295 comite,
3177 5218 3437 5281 habebit
3468 5233 3590 5344 coen.
3609 5248 3726 5289 nm,

1951 5324 2169 5387 filium
2198 5322 2347 5386 Sara
2384 5338 2543 5384 uxor
2576 5327 2706 5382 tua.
2738 5318 2952 5394 Porro,
2986 5324 3058 5378 ut
3085 5316 3152 5377 in
3184 5302 3483 5382 Schola-¹
