4309 6259
142 3364 173 3407 ll
205 3366 325 3408 Par.

76 3441 213 3478 mm,
240 3433 309 3472 15.

918 521 1269 570 mammo
1308 525 1370 570 m
1412 524 1549 570 cu.
1595 523 1750 570 xxm
1792 523 1950 570 unm
1991 524 2215 579 ouium
2258 525 2481 572 nacon.
2522 545 2601 555 —
2641 525 2785 571 aar.
2826 525 2952 571 xxv
3391 507 3472 572 89

370 699 493 754 trae
524 691 607 754 ab
628 693 757 756 illis
780 693 1045 776 paganis
1076 702 1403 757 traxerunt
1421 696 1681 758 modum
1706 697 1875 758 hunc
1906 694 1955 756 A
1986 695 2387 758 contrivisse.
2429 698 2514 756 Et
2563 697 2853 757 cucurrit
2901 698 3074 768 inde,
3127 696 3277 776 quia
3325 715 3472 758 cum

369 791 773 873 depingendi
818 792 1203 875 colendique
1243 794 1466 858 solem.
1506 795 1649 858 Ideo
1694 795 1878 857 aliter

368 889 510 952 dici
556 899 788 972 potest,
824 893 996 973 quod
1042 899 1245 974 poetae
1283 893 1573 975 magistri
1620 893 1879 956 idolola-

370 995 619 1051 trarum
642 989 1004 1069 gentilium,
1030 990 1327 1054 dicebant
1352 992 1551 1055 solem
1575 1000 1877 1074 tanquam

368 1103 595 1165 regem
644 1096 707 1151 et
758 1096 1005 1169 patrem
1055 1091 1344 1167 deorum,
1380 1089 1528 1154 vehi
1569 1090 1635 1152 in
1686 1109 1877 1152 curru

368 1204 491 1267 per
520 1186 745 1249 orbem
776 1207 986 1250 suum.
1019 1189 1197 1251 Unde
1236 1199 1301 1251 et
1345 1189 1511 1251 ultra
1552 1187 1878 1252 finxerunt

366 1283 835 1347 Phaethontem
869 1285 1021 1348 solis
1056 1285 1290 1364 filium,
1313 1306 1514 1368 quum
1544 1287 1744 1369 patris
1776 1287 1876 1349 sui

368 1381 574 1444 vellet
601 1383 836 1446 ducere
865 1402 1146 1462 currum,
1172 1385 1584 1461 exorbitasse,
1618 1386 1877 1448 coelum-

368 1499 503 1561 que
550 1481 913 1544 incendisse
949 1499 964 1544 ε
999 1484 1079 1546 de
1109 1502 1237 1565 qua
1287 1482 1505 1546 fabula
1549 1484 1616 1545 in
1668 1483 1875 1566 primo

368 1579 599 1642 Timaei
646 1580 851 1642 multa
898 1590 1257 1644 narrantur.
1292 1583 1437 1645 Ideo
1486 1583 1685 1645 solem
1730 1601 1875 1644 cum

368 1677 689 1759 quadriga
728 1678 1075 1760 pinxerunt
1121 1689 1185 1743 et
1225 1680 1429 1762 equis,
1470 1684 1715 1742 Currus
1762 1703 1878 1743 au-

370 1787 503 1838 tem
550 1779 705 1837 solis
752 1781 1095 1839 combussit
1145 1781 1310 1855 iyni,
1362 1799 1489 1843 non
1537 1779 1605 1840 in
1655 1788 1878 1842 contu-

1988 794 2239 858 l'ervore
2271 803 2332 858 et
2365 795 2526 857 mira
2556 794 2838 876 agilitate
2872 794 3020 858 fecit
3064 796 3278 858 omnia
3307 795 3474 858 bona

1986 893 2128 970 ista,
2163 905 2222 954 et
2256 897 2558 972 dispersit
2586 896 2861 955 cinerem
2891 915 3138 964 eorum,
3171 902 3472 977 tanquam

1984 1011 2248 1075 prorsus
2280 993 2574 1056 inutilem
2613 1011 2626 1054 :
2663 1011 2791 1075 quo
2838 1002 3048 1056 tamen
3094 992 3310 1057 cinere
3338 995 3476 1058 ido-

1986 1089 2227 1154 lolatrae
2273 1091 2583 1173 putabant
2630 1110 2698 1153 se
2746 1091 3182 1166 sanctificari;
3232 1095 3304 1152 in
3355 1103 3476 1154 tor-

1986 1201 2232 1252 rentem
2258 1194 2528 1260 Cedron,
2549 1199 2619 1252 ut
2642 1210 2758 1254 neo
2780 1190 2992 1273 pulvis
3023 1192 3104 1254 de
3125 1190 3237 1254 illo
3259 1191 3476 1256 cinere

1985 1296 2272 1350 maneret
2302 1288 2616 1352 residuuS.
2650 1289 2955 1353 Currebat
2982 1298 3194 1352 autem
3227 1297 3475 1352 torrens

1985 1406 2097 1469 per
2126 1387 2358 1450 vallem
2391 1388 2589 1450 illam.

2065 1489 2336 1547 Excelsa
2365 1507 2632 1565 quoque,
2667 1485 2729 1548 id
2761 1495 2856 1548 est
2887 1485 3059 1562 sana,
3084 1505 3194 1549 seu
3225 1487 3472 1564 altaria,

1986 1591 2094 1645 aut
2124 1583 2265 1644 loca
2304 1583 2612 1665 sacrilega
2651 1583 2718 1645 in
2762 1583 3023 1646 sublimi
3069 1585 3292 1661 locata,
3335 1606 3477 1664 quce

1984 1692 2172 1742 erant
2211 1683 2286 1742 in
2320 1685 2704 1753 Jerusalem,
2727 1681 2790 1744 id
2839 1691 2936 1745 est
2965 1701 3163 1765 prope
3203 1702 3364 1762 eam,
3387 1687 3477 1745 ad

1984 1784 2318 1841 deaeteram
2342 1790 2598 1859 partem
2639 1783 2876 1842 montis
2905 1784 3309 1860 offensioni-5,
3333 1803 3476 1861 qua’

370 1875 638 1937 meliam
699 1875 878 1954 solis,
931 1877 1042 1938 sed
1100 1877 1499 1959 perfidorum
1559 1879 1873 1942 cultorum
1916 1880 2426 1956 Boedifi'caverat
2463 1882 2772 1940 Salomon
2825 1900 2944 1939 rea·
2981 1881 3208 1950 Israel,
3265 1879 3328 1942 id
3380 1888 3479 1942 est

370 1991 608 2054 ipsius

455 2075 729 2134 Altaria
773 2093 1023 2153 quoque
1068 2095 1212 2154 quoe
1252 2084 1442 2135 erant
1482 2095 1676 2153 super
1721 2086 1879 2136 tecta

373 2173 708 2232 coenaculi
735 2173 959 2232 Achaz
992 2171 1181 2250 regiS,
1216 2193 1360 2251 quoe
1392 2174 1680 2250 fecerant
1709 2193 1881 2251 reyes

366 2272 582 2330 Juda.
619 2269 809 2331 Tecta
854 2268 1025 2332 enim
1064 2270 1426 2332 Judaeorum
1473 2270 1673 2334 instar
1702 2271 1883 2334 Palae-

372 2369 700 2430 stiuorum
734 2377 919 2432 erant
950 2368 1179 2450 plana3
1230 2369 1451 2452 sicque
1482 2389 1675 2452 super
1717 2377 1883 2433 tecta

370 2475 646 2542 stanteS,
674 2464 1131 2529 sacrificabant
1160 2487 1353 2550 super
1376 2468 1600 2530 altaria
1618 2469 1731 2530 illa
1755 2469 1885 2551 pla-

371 2564 572 2641 netiS,
611 2564 969 2647 praesertim
1004 2564 1146 2642 soli,
1184 2573 1253 2628 ut·
1284 2565 1377 2628 sic
1408 2575 1645 2629 stantes
1685 2566 1751 2629 in
1794 2568 1885 2629 al-

368 2674 462 2741 to,
508 2663 717 2744 magis
780 2666 1278 2728 accenderentur
1336 2665 1401 2728 in
1462 2666 1691 2728 ritibus
1750 2667 1882 2728 suis

370 2763 729 2827 devotione
791 2783 907 2826 sua
956 2764 1284 2845 sacrilega.
1326 2767 1412 2826 Et
1451 2767 1695 2826 altaria
1741 2785 1884 2844 quce

367 2864 623 2940 fecerat
656 2865 988 2924 Manasses
1028 2865 1098 2924 in
1144 2867 1391 2924 duobus
1423 2865 1615 2925 atriis
1662 2865 1885 2942 templi

368 2963 685 3031 Domini,
714 2964 1042 3023 destrux-it
1093 2983 1228 3023 reoe.
1262 2961 1510 3039 Mirum,
1557 2963 1729 3043 quod
1769 2961 1885 3023 Ma-

1988 1974 2224 2038 montis
2265 1975 2586 2040 Olivarum
2632 1976 2794 2058 :qui
2847 1995 3030 2039 mons
3081 1973 3475 2040 Offensionis

1992 2081 2274 2150 vocatur,
2298 2073 2453 2154 quia
2483 2073 2548 2136 in
2580 2093 2654 2136 eo
2685 2074 3017 2137 constituit
3048 2074 3344 2138 Salomon
3384 2074 3477 2137 fa·
3527 2100 3768 2155 mnsam,

1989 2191 2143 2234 num
2183 2171 2452 2235 Chamos
2495 2171 2666 2236 idolo
2706 2173 2903 2250 Moab,
2939 2174 3475 2255 quemadmodum
3505 2165 3545 2206 ⁷·

1990 2271 2178 2334 tertio
2209 2271 2375 2334 libro
2407 2270 2690 2348 habetur,
2715 2279 2778 2334 et
2799 2273 2879 2334 ad
2900 2273 3218 2335 dexteram
3242 2272 3476 2334 montis

1991 2370 2166 2432 illius
2188 2369 2543 2433 construxit
2571 2370 2699 2432 alia
2730 2370 2899 2449 fana,
2925 2379 2994 2432 ut
3025 2371 3131 2433 hic
3161 2378 3473 2433 narratur.

1990 2471 2296 2531 Astaroth
2325 2470 2576 2529 idolum
2607 2471 3054 2530 Sidoniorum.
3080 2468 3343 2533 Prael'ato
3365 2477 3480 2532 ter-.-

1994 2567 2082 2630 tio
2103 2566 2269 2630 libro
2300 2567 2619 2644 recitatur,
2644 2568 2813 2648 quod
2837 2567 3132 2630 Salomon
3153 2567 3351 2630 coluit
3370 2568 3482 2630 As-
3532 2591 3654 2636 ma.
3673 2595 3714 2634 5.

1994 2674 2197 2730 tarten
2252 2666 2434 2729 deam
2479 2665 2905 2729 Sidoniorum.
2938 2669 3025 2728 Et
3069 2666 3280 2748 ipsum
3323 2669 3482 2728 Cha-

1993 2786 2127 2826 mos
2172 2763 2412 2827 idolum
2465 2767 2832 2844 offensionis
2877 2767 3092 2836 Moab,
3135 2765 3197 2826 id
3249 2772 3364 2842 est,
3414 2765 3480 2827 in

1991 2865 2176 2944 cujus
2208 2862 2362 2925 idoli
2393 2863 2570 2926 cultu
2590 2863 2874 2927 Moabitae
2894 2865 3088 2928 Deum
3124 2863 3484 2946 specialiter

1992 2962 2427 3039 ostenderunt,
2461 2962 2613 3043 quia
2643 2962 2882 3024 idolum
2915 2963 3084 3024 istud
3123 2962 3484 3044 specialiter

372 3079 602 3122 nasses
636 3078 989 3123 conversus
1012 3069 1075 3124 et
1102 3061 1445 3142 poenitenS,
1465 3060 1884 3146 personaliter
1920 3066 1965 3130 C
1992 3061 2348 3136 coluerunt,
2373 3071 2432 3121 et
2452 3064 2764 3122 Melchom
2790 3063 3290 3123 abominationis
3318 3064 3485 3139 filio-

372 3157 497 3220 illa
526 3176 566 3220 a
596 3177 669 3220 se
716 3155 887 3219 facta
925 3158 1150 3220 altaria
1192 3177 1320 3222 non
1359 3159 1710 3233 destruxit;
1755 3158 1885 3220 imo

376 3277 459 3320 ea
487 3256 885 3319 destruxisse
912 3256 1187 3334 videtur,
1220 3258 1400 3338 juxta
1431 3257 1588 3319 illud
1622 3256 1882 3320 secundi

374 3355 946 3437 Paralipomenon,
972 3355 1127 3417 Aras
1158 3375 1316 3436 quas
1350 3357 1587 3419 fecerat
1619 3356 1684 3418 in
1716 3374 1888 3418 mon-

376 3461 449 3517 te
480 3455 717 3517 domus
750 3453 1002 3516 Domini
1036 3462 1099 3516 et
1123 3454 1189 3516 in
1218 3453 1589 3531 Jerusalem,
1624 3454 1887 3517 abstulit

375 3561 449 3617 et
489 3553 769 3636 projecit
822 3552 1043 3615 omnia
1088 3561 1263 3616 extra
1306 3553 1673 3616 Jerusalem.
1719 3554 1889 3616 Jose-

376 3651 555 3734 phus
603 3667 869 3732 quoque
893 3649 1133 3714 -fatetur
1164 3650 1408 3725 :Quum
1442 3671 1479 3713 a
1520 3651 1889 3734 captivitate

374 3768 501 3812 sua
528 3749 809 3832 redisset
823 3749 1191 3828 Jerusalem,
1218 3749 1511 3812 studebat
1540 3749 1729 3813 etiam
1763 3769 1891 3813 me-

372 3848 663 3911 moriam
714 3847 1005 3929 priorum
1056 3848 1436 3912 delictorum
1482 3867 1626 3930 quae
1669 3857 1891 3912 contra

372 3949 589 4010 Deum
634 3955 940 4026 gesserat,
976 3947 1031 4008 si
1073 3955 1240 4010 esset
1266 3946 1595 4029 possibile,
1631 3947 1710 4010 ab
1753 3947 1889 4010 ani-

372 4063 491 4108 mo
553 4063 673 4108 suo
719 4045 1051 4127 repellere,
1098 4053 1163 4108 et
1206 4047 1282 4108 ad
1332 4064 1585 4108 omnem
1643 4046 1885 4109 cultum

372 4145 629 4207 divinae
688 4143 1019 4224 religionis
1074 4147 1389 4222 accedere,
1450 4145 1889 4227 templumque

1991 3176 2142 3215 rum
2173 3159 2477 3226 Ammon,
2509 3155 2573 3218 id
2603 3165 2699 3219 est
2726 3157 2937 3238 ipsum
2967 3157 3207 3220 Moloch
3242 3157 3482 3221 idolum

1992 3251 2523 3331 Ammonitarum,
2559 3255 2670 3335 qui
2723 3254 2880 3317 illud
2931 3255 3198 3319 colendo
3249 3255 3485 3318 abomi-

1994 3352 2318 3414 nationem
2361 3350 2672 3430 secerunt,
2697 3356 2938 3431 polluit
2970 3376 3110 3424 reoe,
3141 3372 3287 3417 ossa
3323 3372 3485 3417 mor-

1994 3457 2248 3510 tuorum
2290 3457 2400 3512 aut
2441 3449 2565 3513 alia
2608 3452 2897 3533 quaedam
2930 3451 3254 3514 sordentia
3292 3451 3483 3533 proji-

1995 3547 2222 3610 ciendo
2257 3557 2321 3610 et
2365 3550 2718 3631 spargendo
2762 3549 2828 3612 in
2871 3549 3028 3613 locis
3070 3548 3364 3614 fanorum
3408 3569 3483 3612 ac

1996 3645 2310 3709 idolorum
2364 3646 2641 3710 illorum.
2693 3647 2922 3729 Sicque
2972 3648 3350 3725 idololatria,
3403 3649 3482 3710 ad

1998 3764 2176 3807 suam
2209 3745 2594 3827 praecipuam
2640 3747 3035 3828 gravitatem,
3071 3756 3333 3812 vocatur
3364 3747 3484 3811 hoc

1997 3843 2135 3906 loco
2166 3844 2554 3907 abominatio
2583 3853 2774 3927 atque
2797 3845 3097 3908 offensio.
3133 3849 3217 3907 E't
3247 3848 3484 3906 contri-

1997 3944 2091 4002 vit
2128 3952 2396 4015 statuas,
2430 3953 2490 4003 et
2518 3946 2793 4004 succidit
2817 3949 3007 4014 lucos,
3043 3943 3105 4005 id
3148 3951 3245 4006 est
3275 3963 3484 4006 nemo-

1996 4058 2065 4102 ra
2096 4041 2165 4102 in
2196 4040 2429 4121 quibus
2461 4040 2661 4104 fiebat
2692 4040 3067 4117 idololatria,
3091 4044 3482 4120 replevitque

1998 4143 2131 4200 loca
2180 4161 2401 4201 eorum
2448 4142 2688 4200 ossibus
2740 4149 3163 4212 mortuorum,
3197 4139 3274 4202 ad
3322 4139 3484 4202 desi-

376 4261 671 4327 purgare
720 4250 784 4305 et
841 4243 1188 4306 civitatem.
1241 4243 1333 4306 Ad
1379 4244 1499 4307 hoc
1545 4243 1885 4306 dicendum
1919 4240 2320 4320 Dgnandum
2343 4239 2514 4321 quod
2535 4258 2647 4321 per
2668 4238 3091 4302 idololatriam
3117 4237 3284 4302 facta
3304 4247 3483 4302 erant

370 4341 669 4416 videtur,
705 4341 878 4421 quod
918 4339 1062 4402 aliis
1102 4359 1213 4422 per
1240 4340 1567 4405 Manassen
1611 4341 1889 4405 eradica-

374 4441 488 4516 tis,
518 4441 645 4503 ista
678 4439 896 4504 forsan
925 4460 1331 4522 quacumque
1355 4442 1687 4506 occasione
1716 4462 1889 4505 man-

370 4546 650 4615 serunt3
686 4539 789 4601 vel
836 4538 1105 4602 forsitan
1149 4559 1187 4602 a
1232 4541 1513 4603 Manasse
1556 4549 1736 4603 erant
1782 4542 1890 4604 de-

370 4645 655 4708 structa,
708 4637 804 4700 sic
858 4645 1095 4714 tamen,
1150 4638 1319 4720 quod
1379 4639 1611 4721 aliquae
1658 4657 1734 4701 ex
1792 4639 1885 4703 eis

370 4743 835 4798 remanserunt
868 4734 1179 4816 reliquiae,
1212 4755 1373 4817 quas
1416 4737 1752 4819 dissipavit
1787 4739 1888 4801 Jo-

368 4833 507 4896 sias
560 4849 576 4895 :
621 4841 885 4915 propter
932 4834 1103 4914 quod
1150 4833 1377 4896 altaria
1425 4834 1535 4901 illa
1585 4835 1885 4898 scribitur

368 4931 800 4996 destruxisse.
826 4931 929 4994 Sic
962 4951 1241 5013 namque
1273 4932 1339 4994 in
1372 4932 1569 4995 simili
1596 4933 1885 5014 Magister

368 5032 449 5094 in
482 5030 779 5094 historiis
810 5030 1037 5093 scribit
1071 5047 1085 5092 :
1119 5031 1399 5112 vestigia
1430 5033 1719 5113 quaedam
1752 5053 1883 5096 ser-

366 5128 595 5212 pentis
644 5128 833 5206 aenei,
882 5147 1074 5211 quem
1120 5129 1521 5210 confregerat
1560 5131 1879 5208 EzechiaS‚

360 5229 587 5292 Josias
616 5227 868 5308 redegit
899 5227 966 5289 in
1008 5227 1338 5309 pulverem
1374 5245 1388 5289 :
1425 5237 1683 5310 propter
1711 5231 1882 5310 quod

364 5329 445 5390 in
474 5325 773 5409 ,prologo
822 5325 1162 5408 Sophoniae
1205 5326 1404 5390 Josias
1456 5346 1603 5390 eum
1653 5327 1885 5408 legitur

1996 4337 2168 4400 foeda
2195 4346 2259 4401 et
2286 4337 2460 4400 vilia.

2075 4441 2353 4515 Insuper
2383 4441 2589 4498 altare
2621 4440 2791 4516 quod
2819 4447 2957 4497 erat
2987 4439 3056 4498 in
3090 4440 3339 4506 Bethel,
3369 4436 3479 4499 ubi
3553 4461 3769 4513 lividam,

1994 4536 2413 4600 constituerat
2452 4535 2590 4617 ipse
2617 4534 2949 4598 Jeroboam
2981 4553 3178 4597 unum
3209 4536 3480 4598 duorum
3511 4529 3619 4578 ³²³¹

1994 4652 2333 4697 aureorum
2385 4633 2727 4696 vitulorum
2776 4632 2996 4708 altare,
3027 4643 3088 4694 et
3137 4637 3480 4704 eoeeelsum,

1993 4735 2058 4796 id
2088 4743 2183 4797 est
2219 4733 2461 4810 sanum,
2487 4738 2657 4812 quod
2686 4736 2924 4811 fecerat
2941 4736 3272 4794 Jeroboam
3300 4735 3483 4810 filius

1994 4836 2236 4903 Nabat,
2265 4835 2384 4912 qui
2405 4853 2666 4911 peccare
2707 4835 2863 4909 fecit
2892 4834 3099 4893 Israel
3117 4857 3145 4904 ,·
3187 4842 3246 4893 et
3275 4837 3483 4894 altare

1992 4933 2168 4992 illud
2202 4936 2523 4992 excelsum
2549 4933 2874 4992 destruxit
2903 4941 3093 5011 atque
3119 4932 3479 5000 combussit,

1991 5040 2051 5091 et
2107 5033 2492 5092 comminuit
2551 5031 2624 5090 in
2675 5034 3031 5107 pulverem,
3090 5030 3485 5107 succiditque

1993 5131 2192 5190 etiam
2238 5132 2480 5189 lucum.
2520 5131 2600 5190 Et
2628 5147 2966 5188 conversus
2990 5129 3218 5198 Josias,
3253 5125 3320 5187 id
3362 5133 3480 5201 est,

1994 5235 2250 5291 vertens
2298 5246 2366 5290 se
2422 5227 2708 5306 undique
2754 5225 2831 5287 ad
2876 5224 3219 5288 videndum
3271 5223 3322 5286 si
3373 5223 3486 5285 ali-

1996 5327 2152 5408 quid
2201 5324 2522 5408 spurcitiae
2563 5323 2937 5387 idololatriae
2974 5330 3282 5400 cerneret,
3317 5323 3486 5382 vidit

3621 4539 3664 4576 n,
3683 4527 3750 4569 29.
