4309 6259
833 484 952 547 236

1219 505 1564 552 ENARRATIO
1606 505 1668 550 IN
1710 505 1847 550 cAP.
1893 504 2006 550 XXI·
2035 503 2202 550 unm
2243 503 2494 549 SECUNDI
2536 503 3065 549 PARALu’ouENON.
3110 522 3191 533 —
3232 504 3374 549 ΛΒΤ.
3418 503 3527 549 xx!

556 689 728 745 lvfleq.
745 704 803 740 ιιι,
833 675 1366 755 quemadmodum
1400 674 1540 756 ipso
1567 674 1867 755 Josaphat
1910 682 2211 756 pergente
2242 674 2320 735 ad
2351 673 2400 734 A
2431 675 2591 734 ruit.
2626 676 3045 753 Adortuusquc
3084 684 3172 734 est
3214 676 3285 732 in
3326 674 3705 749 infirmitate
3726 674 3919 747 pessi-

541 756 626 795 ⁷“
644 764 737 807 ⁸⁶⁹·
832 773 1121 853 praelium
1161 793 1305 836 cum
1332 775 1540 836 Joram
1581 773 1723 835 silio
1752 772 1991 849 Achab,
2016 772 2323 835 deficien-

565 885 686 929 Ibid.
714 888 778 928 υ.
833 880 1020 951 teque
1063 891 1248 952 aqua,
1284 872 1640 935 sciscitatus
1684 872 1766 933 sit
1802 872 2100 952 Josaphat
2138 888 2151 931 :
2188 870 2323 931 Est-

833 990 912 1031 ne
957 969 1061 1033 hic
1111 970 1419 1053 Propheta
1469 970 1738 1047 Domini,
1794 979 1862 1031 ut
1905 971 2322 1052 deprecemur

833 1070 1168 1131 Dominum
1205 1088 1316 1151 per
1360 1073 1552 1131 eum?
1583 1069 2060 1151 Responditque
2101 1087 2267 1130 unus
2302 1086 2315 1129 :

833 1168 941 1229 Est
971 1168 1074 1230 hic
1103 1168 1498 1249 EliseuS‚qui
1534 1168 1840 1230 fundebat
1869 1186 2097 1249 aquam
2131 1186 2322 1247 super

834 1286 1058 1328 manus
1087 1266 1260 1328 Eliae.
1286 1267 1378 1327 Ad
1413 1267 1581 1328 istud
1611 1265 1811 1348 aliqui
1835 1266 2315 1347 responderunt,

833 1365 1002 1445 quod
1027 1363 1146 1426 iste
1167 1364 1334 1426 Elias
1358 1365 1685 1447 propheta,
1709 1365 1736 1425 f
1739 1366 1834 1426 uit
1852 1365 2012 1427 alter
2033 1384 2069 1426 a
2089 1382 2319 1445 magno

835 1464 945 1525 illo
977 1461 1135 1524 Elia.
1162 1462 1312 1525 Nam
1347 1472 1410 1525 et
1439 1464 1728 1543 Magister
1757 1464 1823 1524 in
1852 1463 2138 1526 historiis
2168 1462 2320 1525 scri-

587 1572 698 1615 Hist.
729 1571 804 1613 lib·
834 1561 930 1622 bit
956 1578 969 1621 :
995 1561 1168 1622 Tulit
1195 1562 1273 1623 ad
1291 1562 1499 1624 Joram
1519 1561 1688 1623 Elias
1717 1562 1977 1644 quidam
2009 1562 2321 1643 propheta

541 1634 806 1690 ¹VR⁰⁸“²¹'⁹’'
837 1658 1172 1740 epistolam
1209 1660 1674 1721 correctoriam.
1711 1660 1835 1721 Alii
1874 1660 2116 1734 dicunt,
2148 1658 2318 1739 quod

835 1756 1004 1819 Elias
1027 1756 1327 1838 praescius
1352 1756 1728 1834 futurorum,
1744 1757 2000 1839 scripsit
2018 1757 2321 1838 epistolas

2430 793 2560 839 ma,
2593 772 2711 833 hoc
2753 779 2850 833 est
2877 772 3334 853 poenalissima,
3370 771 3435 831 in
3466 790 3592 851 qua
3636 789 3751 831 nec
3780 788 3917 850 poe·

2432 870 2645 932 nituit.
2685 874 2765 932 Ec
2800 892 2927 931 non
2969 873 3123 950 fecit
3160 873 3220 930 ei
3253 874 3529 947 populus
3566 872 3912 929 secundum

2432 991 2663 1029 morem
2695 971 3167 1037 combustionis,
3198 972 3550 1049 eoesequias,
3581 967 3645 1028 id
3676 974 3789 1041 est,
3826 984 3917 1027 re-

2431 1067 2535 1148 gio
2557 1068 2796 1130 honore
2819 1086 2943 1129 non
2969 1065 3799 1149 sepelierunt‚comburendo
3820 1083 3919 1125 su-

2432 1186 2545 1248 per
2577 1185 2807 1247 eorpus
2838 1166 2977 1246 ejus
3000 1175 3301 1241 aromata,
3326 1174 3396 1228 ut
3428 1163 3629 1226 fuerat
3660 1181 3919 1225 eonsue-

2431 1266 2605 1342 tudo,
2622 1267 2789 1325 sicut
2807 1268 3043 1342 fecerat
3066 1266 3419 1341 majoribus
3439 1265 3598 1341 ejus.
3622 1264 3840 1338 Trae'yin
3851 1272 3916 1321 ta

2432 1368 2713 1423 duorum
2742 1383 3065 1423 annorum
3091 1364 3227 1440 fuit
3265 1384 3467 1442 quum
3504 1380 3771 1437 reynare
3804 1379 3919 1419 σω-

2424 1465 2645 1539 pisset,
2667 1472 2726 1522 ct
2755 1472 2885 1522 octo
2914 1483 2996 1521 an
3007 1483 3044 1521 n
3056 1463 3107 1521 is
3124 1463 3423 1538 regnavit
3452 1463 3523 1519 in.
3544 1462 3910 1519 Jerusalem.

2433 1562 2937 1639 Ambulavitque
2993 1580 3122 1619 ‘nou
3170 1570 3351 1619 recte.
3404 1561 3488 1619 Et
3534 1559 3919 1634 scwelierunt

2432 1680 2573 1721 eum
2618 1661 2688 1717 in
2731 1660 2993 1719 civitate
3020 1658 3239 1717 David
3253 1681 3281 1728 ,·
3309 1665 3745 1716 verumtamen.
3784 1676 3917 1715 non-

2434 1761 2503 1819 in
2528 1763 2813 1836 sepulcro
2834 1780 3073 1833 renum..
3094 1757 3271 1820 Unde
3291 1763 3355 1819 et
3370 1756 3680 1839 Josephus
3699 1773 3713 1817 :
3734 1755 3920 1837 Sepa-

839 1854 990 1915 istas
1022 1862 1169 1916 ante
1200 1873 1377 1915 suam
1411 1854 1909 1931 translationem,
1931 1862 1994 1917 et
2017 1862 2159 1935 post
2180 1873 2319 1916 eam
2360 1854 2405 1914 B
2436 1867 2663 1933 ratum,
2683 1856 2914 1937 inquit,
2934 1857 3252 1917 tumulum
3283 1855 3681 1917 tradiderunt
3700 1854 3757 1917 ei
3778 1853 3919 1915 sine

838 1961 1184 2035 apportatae
1205 1954 1450 2015 suntad
1470 1954 1698 2015 Joram.
1723 1953 1878 2016 Hinc
1901 1952 2096 2016 refert
2117 1952 2279 2034 Lyra
2305 1971 2318 2013 :

835 2052 1065 2114 Dicunt
1092 2051 1360 2127 Hebraei,
1385 2054 1554 2133 quod
1586 2052 1722 2114 istae
1743 2051 2028 2134 epistolae
2060 2050 2088 2113 f
2093 2059 2323 2113 uerunt

839 2153 915 2213 ad
943 2152 1151 2214 Joram
1179 2150 1387 2213 allatae
1419 2160 1561 2232 post
1591 2149 2069 2213 translationem
2101 2150 2276 2211 Eliae.

918 2251 1276 2311 Suscitavit
1316 2270 1466 2325 erqo
1496 2252 1812 2310 Dominus
1853 2259 2075 2309 contra
2100 2252 2325 2309 ,loram

801 2419 806 2421 .
834 2351 1075 2427 spiritu
1087 2371 1147 2407 m
1193 2349 1703 2411 Phili-§tinorum
1740 2358 1798 2407 ct
1841 2350 2158 2414 Arabum,
2208 2349 2327 2425 qui

835 2452 1114 2524 confines
1140 2456 1291 2506 sunt
1318 2447 1734 2523 AE‘Hziopibus
1751 2469 1780 2517 ,·
1815 2454 1872 2505 et
1901 2448 2325 2505 ascenderunt

837 2548 906 2604 in
943 2555 1178 2605 terram
1205 2547 1479 2608 helmet
1514 2552 1922 2603 vastaverunt
1957 2564 2117 2602 cam.
2153 2544 2328 2602 Diri-

831 2653 1244 2721 puerumque
1261 2652 1554 2701 cunctam
1575 2642 2023 2707 substantiam,
2055 2662 2199 2719 quoe
2231 2643 2327 2701 iu-

839 2752 1028 2801 venta.
1070 2752 1158 2801 est
1199 2743 1268 2799 iu
1311 2744 1495 2800 domo
1533 2742 1738 2817 racis,-
1765 2744 2031 2817 iusuper
2061 2749 2119 2800 et
2155 2742 2329 2817 filios

837 2842 976 2917 ejus
1003 2850 1061 2899 et
1094 2860 1341 2899 uxores,
1367 2839 1595 2901 Textus
1629 2838 1748 2901 iste
1769 2838 2182 2920 planissimus
2210 2846 2323 2899 est.

841 2942 972 3001 Nec
998 2940 1308 2998 remansit
1328 2940 1389 2996 ei
1406 2939 1590 3014 filius
1612 2960 1649 2997 η
1662 2940 1744 2997 isi
1763 2940 2195 3016 Joaclcaz,qui
2218 2938 2329 2997 mi-

2434 1956 2753 2036 regalibus
2784 1955 3145 2036 exsequiis;
3194 1962 3257 2018 et
3286 1956 3409 2017 hoc
3453 1954 3521 2016 in
3558 1954 3919 2016 detestatio-

2434 2074 2579 2118 nem
2615 2053 2968 2117 facinorum
3002 2054 3165 2133 ejus,

2512 2153 2733 2216 Cetera
2768 2153 2959 2233 hujus
3001 2152 3265 2233 capituli
3298 2152 3493 2214 verba
3522 2150 3625 2212 hic
3656 2169 3779 2214 non
3813 2171 3920 2214 ex-

2433 2252 2661 2335 posita,
2696 2259 2805 2313 aut
2835 2251 3090 2332 penitus
3124 2252 3312 2332 plana
3344 2258 3513 2327 sunt,
3548 2259 3656 2313 aut
3692 2259 3917 2331 quarto
3948 2266 4217 2370 &gv-nu.

2434 2353 2670 2431 Regum
2704 2350 2869 2413 libro
2900 2359 3049 2411 sunt
3080 2349 3419 2412 elucidata.

2513 2451 2672 2512 Eece
2703 2468 2779 2510 ex
2809 2449 2929 2511 isto
2961 2450 3263 2511 docemur
3292 2447 3592 2529 capitulo,
3615 2466 3805 2529 quam
3828 2465 3921 2509 se-

2435 2556 2605 2611 creta
2632 2557 2695 2611 et
2726 2548 3070 2611 metuenda
3090 2546 3222 2608 sint
3242 2547 3349 2609 Dei
3371 2546 3633 2626 judicia,
3656 2555 3719 2607 et
3746 2546 3919 2626 quod

2436 2664 2621 2709 nemo
2644 2654 2852 2727 potest
2872 2647 2951 2708 de
2973 2653 3305 2727 parentum
3329 2663 3587 2707 suorum
3609 2644 3921 2707 electione

2434 2754 2543 2807 aut
2591 2744 2927 2807 sanctitate
2979 2763 3383 2826 praesumere,
3416 2743 3719 2825 quoniam
3768 2742 3923 2823 opti-

2435 2862 2579 2904 mus
2602 2842 2711 2904 ille
2735 2861 2843 2903 rex
2862 2842 3184 2923 Josaphat‚
3210 2850 3334 2904 tam
3364 2840 3921 2903 sceleratissimum

2436 2961 2508 3004 ac
2552 2941 3077 3023 reprobissimum
3132 2939 3357 3002 habuit
3392 2939 3626 3001 filium.
3662 2939 3925 3021 Insuper

839 3041 1059 3098 nimus
1089 3047 1247 3097 natu
1286 3046 1422 3096 erat
1451 3056 1473 3095 ··
1503 3035 1614 3117 qui
1654 3036 1778 3099 alio
1822 3036 2082 3098 nomine
2112 3033 2327 3117 appel-
2356 3042 2399 3105 C
2436 3048 2684 3103 constat
2726 3060 2802 3101 ex
2842 3039 3052 3116 dictis,
3096 3039 3371 3119 qualiter
3413 3038 3631 3100 divina
3678 3037 3927 3118 justitia

841 3136 1006 3198 latur
1025 3134 1346 3210 OchoziaS‚
1382 3143 1444 3196 et
1474 3134 1759 3211 AhaziaS,
1793 3144 1855 3197 et
1885 3135 2159 3196 AzariaS.
2199 3134 2329 3197 Sic-

549 3244 810 3299 Sap-³1³⁷·
841 3254 966 3316 que
988 3254 1099 3317 per
1119 3252 1260 3315 quae
1283 3233 1514 3315 impius
1539 3233 1646 3295 ille
1663 3234 1872 3296 Joram
1895 3233 2197 3315 peccavit,
2214 3251 2327 3314 per

841 3334 974 3395 haec
1017 3332 1279 3414 punitus
1315 3341 1412 3395 est
1446 3332 1644 3413 :quia
1693 3332 1856 3394 sicut
1906 3332 2130 3395 fratres
2178 3350 2325 3393 suos

839 3431 1092 3507 occidit,
1129 3431 1220 3493 sie
1254 3430 1378 3492 filii
1408 3432 1506 3493 sui
1537 3431 1730 3494 occisi
1763 3440 1932 3493 sunt.

917 3534 1003 3591 Et
1029 3552 1222 3609 super
1253 3534 1386 3592 lucc
1425 3532 1643 3589 omnia
1677 3534 1990 3607 percussit
2030 3552 2172 3590 eum
2205 3534 2328 3590 Do-

837 3631 970 3689 min
982 3650 1054 3690 us
1078 3630 1216 3688 alvi
1244 3631 1568 3703 lanquore,
1595 3628 1658 3689 id
1687 3637 1782 3690 est.
1807 3627 2045 3703 dolore,
2071 3630 2328 3688 insana-

836 3729 978 3794 bili,
1025 3727 1270 3789 scilicet
1317 3726 1694 3807 aegritudine
1743 3724 2065 3801 chronica,
2115 3725 2180 3788 id
2232 3734 2328 3788 est

838 3825 1171 3907 temporali
1201 3834 1263 3887 et
1292 3825 1615 3899 diuturna,
1641 3833 1712 3885 ut
1735 3832 1906 3905 patet
1937 3842 2327 3904 consequen-

837 3934 932 3987 ter
956 3925 1018 3986 in
1044 3924 1274 3987 littera.
1294 3927 1630 4001 Quumque
1647 3925 1783 3982 diei
1801 3926 2154 3983 succederet
2169 3924 2321 3989 dies,

835 4034 892 4085 et
935 4034 1288 4101 temporum
1329 4025 1540 4099 spatia
1582 4025 2012 4089 volverentur,
2044 4025 2327 4081 duorum

837 4144 1159 4183 almorum
1189 4126 1475 4200 empletus
1503 4130 1592 4180 est
1619 4122 1922 4179 circulus.
1959 4123 2041 4180 Et
2079 4122 2173 4179 sic
2204 4123 2330 4178 lon-

2435 3140 2725 3221 quaedam
2769 3138 3007 3201 scelera
3056 3138 3140 3201 ob
3180 3137 3443 3199 nimiam
3484 3156 3701 3200 eorum
3744 3153 3927 3198 enor-

2436 3238 2721 3300 mitatem
2773 3237 3002 3318 punire
3056 3237 3323 3319 incipiat
3374 3236 3442 3297 in
3490 3235 3812 3318 praesenti,
3867 3242 3929 3295 et

2437 3345 2655 3419 postea
2695 3335 2919 3419 puniat
2948 3355 3023 3397 ea
3072 3336 3136 3397 in
3184 3335 3665 3417 sempiternum.
3697 3334 3927 3395 lterum

2436 3434 2777 3498 innotescit
2808 3454 2882 3496 ex
2908 3434 3031 3509 his,
3058 3434 3333 3515 qualiter
3354 3440 3607 3494 sanctus
3628 3440 3689 3493 et
3717 3432 3926 3512 justus

2435 3535 2597 3595 Deus
2646 3532 3051 3614 omnipotens
3094 3532 3412 3593 interdum
3464 3530 3673 3612 privet
3720 3547 3929 3611 repro-

2436 3633 2550 3696 bos
2579 3632 2645 3694 in
2687 3630 2985 3714 praesenti
3027 3638 3245 3713 optato
3286 3629 3441 3706 fine,
3478 3639 3668 3709 atque
3710 3628 3927 3710 cupito

2436 3731 2849 3809 malignitatis
2883 3748 3101 3793 eorum
3136 3727 3396 3791 effectu.
3430 3727 3755 3808 Siquidem
3788 3745 3930 3789 cru-

2435 3829 2801 3890 delissimus
2843 3838 2905 3891 et
2950 3828 3206 3910 penitus
3253 3827 3635 3888 inhumanus
3682 3826 3801 3889 iste
3828 3826 3929 3887 Jo—

2438 3945 2596 4002 ram,
2616 3944 2811 4005 regno
2836 3944 2963 3988 non
2988 3934 3347 4003 eontentuS‚
3377 3924 3667 4007 proprios
3699 3923 3930 3985 fratres

2437 4024 2728 4106 peremit,
2764 4032 2833 4084 ut
2880 4023 3170 4085 civitates
3220 4032 3283 4085 et
3330 4042 3483 4104 opes
3532 4021 3623 4083 eis
3666 4021 3930 4085 collatas

2438 4122 2829 4204 acquireret:
2856 4131 2919 4184 et
2950 4140 3095 4184 ecce
3118 4120 3404 4203 privatus
3434 4128 3531 4183 est
3558 4120 3772 4181 subito
3794 4138 3933 4200 pro-

837 4242 920 4298 ,qa
951 4230 1363 4298 consumptus
1395 4221 1553 4285 tabe,
1586 4220 1678 4277 ita.
1717 4228 1788 4279 ut
1827 4228 2098 4294 efferet-et
2132 4220 2322 4278 ctiam
2358 4221 2409 4285 D
2439 4221 2579 4302 prio
2611 4238 2829 4300 regne,
2865 4220 3170 4300 omnique
3210 4218 3632 4301 prosperitate
3670 4226 3733 4281 et
3762 4216 3931 4279 sani-

845 4322 1088 4381 viscera
1127 4340 1272 4386 sua,
1307 4322 1616 4394 lanquore
1651 4320 1906 4393 pariter
1946 4326 2004 4377 et
2045 4318 2183 4377 vita
2228 4338 2329 4375 ca-

2438 4327 2565 4381 tate
2594 4338 2667 4380 ac
2698 4318 2848 4381 vita.

4008 2460 4183 2502 Sensus

3946 2524 4161 2565 moralis.
