4309 6259
1278 520 1625 567 manuario
1667 522 1729 567 m
1772 522 1909 567 car.
1955 522 2103 569 xxlv
2143 524 2268 569 101³.
2314 543 2395 554 —
2435 525 2577 571 Ait-r.
2625 526 2658 571 1.
3391 508 3508 571 597

388 681 587 745 tibus
630 688 1041 767 sequestrari.
1077 688 1179 753 Sic
1218 691 1639 774 spiritualiter
1673 694 1915 757 adulte-
1942 693 1993 755 A
2022 695 2290 759 diorum.
2316 696 2599 778 Denique
2631 698 2818 761 vinea
2848 698 3058 761 locum
3089 706 3508 781 temperatum

388 790 651 859 ranteS,
705 792 769 847 et
816 786 1179 851 daemonum
1239 790 1675 874 impietatibus
1722 801 1913 874 atque
2024 794 2294 875 requirit
2328 815 2342 858 z
2377 795 2692 876 siquidem
2731 797 2796 858 in
2842 797 2998 859 locis
3037 798 3220 861 valde
3259 797 3511 879 frigidis

386 882 742 945 erroribus
788 904 856 947 se
898 886 1261 965 miscenteS,
1296 890 1522 952 odiunt
1562 891 1768 953 lucem
1808 911 1913 955 ve·
2021 893 2374 955 destruitur
2419 894 2664 974 glacie3
2721 894 2786 956 in
2838 894 2994 958 locis
3043 895 3236 957 nimis
3283 896 3511 959 calidis

388 980 624 1043 ritatis
674 990 737 1045 et
783 984 1127 1067 aequitatiS,
1178 1007 1488 1070 suamque
1536 990 1913 1072 pravitatem
2022 992 2374 1054 destruitur
2421 993 2748 1058 excessivo
2797 994 3026 1057 calore.
3075 995 3312 1077 Impius
3360 1014 3511 1077 ergo

386 1081 651 1162 aperiri
697 1091 1019 1146 verentur.
1054 1089 1143 1147 Et
1178 1090 1273 1147 sic
1310 1090 1383 1148 in
1427 1090 1697 1149 tenebris
1727 1091 1915 1169 quasi
2023 1109 2135 1173 per
2166 1090 2332 1154 viam
2366 1092 2693 1155 vinearum
2725 1111 2851 1157 non
2883 1094 3188 1175 graditur,
3206 1093 3506 1175 quoniam

390 1180 481 1239 in
520 1184 661 1241 luce
688 1184 1087 1245 ambulant:
1119 1184 1182 1247 id
1222 1194 1340 1263 est,
1382 1186 1547 1249 sicut
1586 1186 1740 1251 boni
1782 1195 1915 1249 ten·
2024 1189 2211 1251 rebus
2257 1190 2480 1253 mundi
2520 1190 2712 1273 hujus
2755 1192 3078 1255 moderate
3117 1211 3245 1255 non
3284 1192 3506 1270 utitur,

392 1278 578 1340 dunt
626 1281 704 1342 ad
748 1280 917 1344 bona
961 1281 1027 1344 in
1072 1284 1197 1361 die,
1246 1285 1339 1347 sic
1386 1285 1509 1368 ipsi
1552 1287 1792 1349 vadunt
1834 1287 1913 1348 ad
2023 1289 2132 1351 sed
2184 1307 2353 1351 nunc
2401 1289 2479 1350 ad
2531 1307 2728 1351 unum
2777 1289 3080 1354 vitiosum
3131 1300 3505 1368 extremum,

394 1394 613 1458 prava
660 1377 727 1439 in
776 1387 983 1442 nocte.
1036 1381 1104 1443 ln
1152 1381 1399 1446 vitiosis
1456 1403 1711 1465 quoque
1768 1403 1916 1467 ope-
2022 1406 2192 1449 nunc
2221 1387 2300 1449 ad
2331 1386 2505 1448 aliud
2537 1406 2604 1449 se
2638 1387 2918 1452 divertit.

396 1474 597 1537 ribus
638 1475 726 1538 ita
768 1487 1107 1571 versantur
1149 1489 1211 1542 et
1244 1482 1671 1559 delectantur,
1706 1490 1775 1543 ut
1816 1482 1915 1563 ju-
2098 1483 2209 1541 Ad
2241 1483 2526 1541 nimium
2565 1486 2840 1542 calorem
2883 1492 3165 1543 transeat
3202 1485 3281 1543 ab
3321 1486 3511 1563 aquis

400 1574 498 1635 sti
542 1573 609 1636 in
654 1574 902 1637 actibus
942 1577 1266 1641 virtuosis,
1310 1580 1428 1643 Sed
1471 1588 1533 1642 et
1575 1580 1663 1643 ita
1704 1575 1770 1643 se
1812 1600 1916 1643 ex-

402 1672 665 1749 hibent,
718 1674 901 1755 quasi
954 1676 1045 1738 nil
1097 1677 1367 1759 impium
1419 1687 1906 1762 perpetrassent,

402 1772 955 1853 quemadmodum
1004 1774 1071 1836 in
1110 1776 1469 1839 Proverbiis
1510 1777 1589 1839 de
1628 1774 1911 1840 adultera

2022 1580 2303 1638 nivium.
2339 1578 2467 1642 Hoc
2508 1580 2932 1643 communiter
2968 1581 3048 1644 de
3089 1598 3276 1663 poena
3315 1581 3513 1644 infer-

2021 1676 2151 1738 nali
2213 1676 2574 1758 exponitur,
2627 1680 2799 1759 quod
2859 1679 2948 1741 ibi
3008 1680 3092 1741 sit
3138 1679 3512 1744 vicissitudo

2022 1775 2565 1857 commutatioque
2604 1794 2939 1858 poenarum
2970 1779 3050 1841 de
3083 1778 3360 1841 maximo
3401 1778 3514 1840 fri-

86 1888 367 1939 aman.
407 1869 719 1933 Salomon
752 1870 1059 1953 loquitur,
1088 1876 1261 1956 quod
1298 1884 1551 1956 tergens
1589 1893 1660 1937 os
1698 1894 1907 1952 suum,
1948 1880 1995 1941 B
2020 1890 2174 1953 gore
2201 1874 2280 1935 ad
2310 1893 2630 1936 summum
2663 1875 2956 1951 calorem,
2979 1877 3057 1938 ad
3083 1875 3510 1939 afflictionem

66 1952 137 1992 ¹20.

84 2080 254 2183 fule.
264 2093 347 2122 vm
356 2113 371 2131 ,

74 2145 90 2184 1
124 2174 139 2184 .

86 4258 206 4301 Gen.
222 4272 269 4301 ui

125 4358 220 4400 Job
236 4372 301 4409 m,
318 4360 359 4400 ί.

136 5151 303 5195 ludio.
320 5164 381 5201 tx,

100 5218 169 5257 13.

276 4260 377 4307 ,17.

408 1969 597 2045 dicit,
654 1969 791 2033 Non
850 1972 1131 2053 peccavi.
1186 1973 1597 2036 Ecclesiastes
1656 1993 1913 2055 quoque

408 2067 696 2132 asserit:
742 2067 901 2131 Sunt
956 2070 1140 2153 impii
1186 2072 1299 2153 qui
1349 2071 1437 2134 ita
1482 2072 1689 2135 securi
1739 2081 1907 2151 sunt,

410 2166 603 2247 quasi
642 2166 961 2247 justorum
1007 2168 1173 2233 facta
1207 2170 1504 2233 habeant.
1538 2173 1625 2232 Ec
1654 2174 1915 2249 ignora-

410 2276 655 2327 verunt
701 2270 933 2337 lucem,
979 2268 1042 2329 id
1092 2277 1209 2346 est,
1264 2270 1669 2351 splendorem
1720 2270 1915 2335 virtu-

412 2372 573 2440 tum,
606 2372 671 2428 et
701 2383 867 2428 verae
894 2366 1223 2448 sapientiae
1253 2368 1607 2431 claritatem
1638 2371 1912 2431 assecuti

410 2481 543 2525 non
575 2470 749 2539 sunt,
782 2464 893 2526 sed
924 2472 1467 2549 contempserunt.

494 2564 685 2622 Levis
721 2572 813 2622 est
854 2563 1125 2640 adulter,
1170 2564 1233 2626 id
1282 2572 1378 2627 est
1427 2574 1639 2628 mente
1688 2584 1908 2647 vaguS,

408 2659 597 2735 leviS,
632 2658 975 2737 instabilis,
998 2682 1193 2740 super
1220 2665 1459 2741 faciem
1488 2686 1698 2743 aquoe,
1722 2664 1784 2726 id
1817 2675 1911 2727 est

408 2757 617 2838 magis
646 2777 839 2839 quam
871 2760 1251 2843 superficies
1290 2781 1493 2843 aquae‚
1527 2782 1671 2844 quae
1713 2763 1911 2826 modi-

408 2875 486 2920 co
526 2865 719 2919 vento
758 2867 1073 2921 movetur.
1108 2860 1280 2923 Mens
1321 2880 1597 2943 namque
1638 2862 1910 2925 adulteri

408 2954 609 3017 variis
639 2956 1177 3037 concupiscentiis
1208 2959 1497 3041 agitatur,
1511 2960 1687 3023 omni
1719 2968 1913 3024 tenta-

2021 1972 2352 2053 majorem.
2387 1972 2566 2035 Unde
2595 1973 2889 2036 Albertus
2923 1991 2938 2036 ε
2972 1974 3064 2036 Ad
3106 1974 3374 2037 nimium
3415 1994 3512 2038 ca-

2022 2070 2224 2134 lorem
2265 2070 2590 2133 aestuantis
2637 2072 2966 2153 gehennae,
2999 2080 3258 2155 propter
3304 2071 3512 2137 fervo-

2022 2189 2157 2233 rem
2201 2168 2492 2232 libidinis
2537 2178 2816 2233 transeat.
2856 2171 3260 2235 successione
3296 2190 3512 2254 poena-

2022 2288 2163 2330 rum
2195 2269 2276 2331 ab
2305 2269 2490 2350 aquis
2521 2270 2767 2333 nivium
2805 2288 2818 2331 :
2852 2269 3090 2351 quibus
3122 2269 3507 2347 infunditur,

2018 2367 2164 2447 gelu
2197 2367 2640 2444 mortificante,
2657 2386 2732 2431 eo
2762 2369 2924 2449 quod
2957 2387 3067 2449 per
3098 2368 3510 2451 cupiditatem

2022 2474 2416 2529 terrenorum
2451 2466 2745 2546 refriguit
2785 2466 2849 2528 in
2889 2486 2965 2531 eo
3004 2467 3172 2548 ignis
3201 2466 3504 2530 caritatis,

2020 2564 2258 2646 Estque
2305 2564 2689 2641 miserabile,
2741 2565 2893 2647 quia
2941 2564 3008 2627 in
3059 2566 3176 2629 hac
3225 2566 3332 2629 via
3379 2584 3510 2629 non

2020 2662 2326 2725 transitur
2362 2663 2442 2725 de
2477 2662 2892 2742 frigidissimo
2922 2664 2988 2725 in
3019 2664 3504 2744 calidissimum,

2022 2761 2146 2823 nisi
2177 2780 2291 2843 per
2322 2761 2602 2824 medium
2633 2762 2805 2843 quod
2836 2770 2933 2825 est
2963 2770 3405 2844 temperatum.
3440 2764 3506 2826 In

2020 2859 2275 2922 inferno
2305 2868 2532 2937 autem,
2553 2861 2631 2922 de
2663 2860 3037 2924 excellentia
3064 2860 3319 2940 frigoris
3347 2880 3530 2929 mor-.

2018 2957 2657 3033 tificantis,transitur
2687 2960 2765 3021 ad
2794 2967 3017 3021 aestum
3049 2958 3216 3039 ignis
3245 2960 3504 3038 urentis,

412 3054 588 3117 tione
625 3054 1013 3133 concutitur,
1057 3056 1635 3121 innumerabilibus
1676 3061 1911 3142 passio-
1942 3062 1985 3125 C
2019 3058 2105 3119 ita
2142 3056 2315 3138 quod
2366 3075 2691 3137 nunquam
2739 3065 2928 3119 erunt
2967 3058 3034 3119 in
3064 3058 3274 3121 medio
3309 3075 3323 3119 ε
3357 3059 3511 3139 quia

408 3150 605 3214 nibus
639 3151 945 3234 vitiisque
984 3164 1297 3232 movetur,
1332 3176 1405 3219 ac
1434 3156 1735 3221 vincitur.
1769 3159 1910 3221 Pas-

407 3251 622 3314 siones
652 3250 891 3333 quippe
922 3260 985 3315 et
1012 3253 1169 3316 vitia
1199 3254 1363 3317 hanc
1394 3257 1623 3318 mentis
1653 3257 1910 3338 pariunt

408 3349 925 3429 instabilitatem,
985 3351 1377 3416 debilitatem
1440 3362 1503 3417 et
1560 3356 1903 3434 levitatem,

408 3450 576 3513 sicut
606 3451 903 3533 superius
936 3452 1014 3513 de
1044 3452 1164 3515 hoc
1194 3453 1397 3515 multa
1437 3453 1695 3517 inducta
1734 3464 1903 3518 sunt.

410 3550 768 3609 Maledicta
804 3550 889 3609 sit
923 3569 1081 3625 pars
1110 3552 1275 3627 ejus,
1307 3550 1367 3613 id
1412 3558 1507 3613 est
1551 3553 1758 3634 portio
1796 3572 1907 3615 seu

407 3647 733 3710 hereditas
765 3654 1036 3723 terrena,
1071 3646 1368 3712 videlicet
1398 3649 1637 3712 bonum
1669 3659 1909 3734 tempo-

409 3745 543 3808 rale
588 3753 653 3807 et
696 3764 952 3822 vanum,
988 3746 1056 3808 in
1100 3766 1229 3827 quo
1270 3747 1393 3809 sibi
1440 3747 1640 3810 finem
1679 3750 1909 3811 consti-

410 3843 533 3905 tuit
569 3860 584 3905 :
618 3862 814 3925 quam
846 3852 1092 3925 partem
1134 3844 1325 3907 habet
1357 3847 1427 3905 in
1463 3856 1658 3917 terra,
1691 3866 1835 3928 quae
1872 3868 1909 3909 a

408 3944 537 4005 Deo
568 3942 996 4019 maledicitur,
1033 3944 1183 4006 dum
1217 3944 1569 4025 possidenti
1601 3945 1664 4006 in
1699 3946 1910 4027 perni-

408 4041 573 4104 ciem
606 4041 898 4117 vertitur,
935 4042 1531 4124 maledictionisque
1560 4063 1749 4106 causa
1780 4064 1911 4107 ma-

410 4140 657 4203 terialis
691 4158 804 4203 seu
833 4142 1082 4205 occasio
1114 4140 1171 4204 ei
1202 4140 1511 4217 efficitur,
1538 4151 1646 4205 aut
1674 4143 1907 4205 sterilis

2018 3155 2085 3217 in
2118 3155 2235 3218 hac
2267 3154 2397 3217 vita
2426 3173 2541 3236 per
2569 3153 2724 3217 vitia
2763 3156 3154 3219 transierunt
3192 3176 3229 3217 a
3273 3155 3509 3236 frigore

2016 3253 2384 3336 cupiditatis
2417 3255 2495 3316 ad
2534 3261 2756 3317 aestum
2795 3254 3104 3332 libidinis,
3149 3273 3277 3318 non
3319 3255 3510 3317 attin-

2018 3353 2224 3435 gendo
2266 3350 2548 3415 medium
2590 3351 2866 3414 virtutis,
2899 3352 3160 3435 Propter
3195 3353 3312 3415 has
3350 3355 3509 3416 duas

2017 3468 2238 3531 poenas
2287 3450 2521 3512 dicitur
2569 3450 2636 3511 in
2683 3450 2968 3512 Matthaeo
3020 3470 3034 3513 :
3089 3450 3180 3512 Ibi
3227 3452 3508 3531 (scilicet

2016 3549 2083 3611 in
2120 3548 2401 3628 inferno)
2429 3548 2550 3611 erit
2582 3547 2773 3610 fletus
2801 3557 2864 3609 et
2895 3548 3127 3611 stridor
3162 3550 3452 3613 dentium
3488 3568 3503 3613 ε

2018 3647 2234 3723 fletuS,
2286 3656 2546 3729 propter
2595 3647 2806 3727 ignem
2845 3670 2859 3722 3
2911 3647 3145 3711 stridor
3190 3649 3501 3727 dentium,

2015 3754 2279 3828 propte-r
2323 3745 2714 3824 gelicidium.
2757 3745 2972 3826 Itaque
3021 3746 3501 3827 praecogitanda,

2016 3843 2381 3919 metuenda,
2416 3852 2608 3924 atque
2650 3844 2932 3906 cavenda
2971 3852 3067 3906 est
3116 3862 3304 3926 poena
3345 3845 3501 3910 haec.

2018 3943 2111 4004 An
2172 3960 2323 4006 vero
2382 3960 2497 4024 per
2553 3941 3082 4023 omnipotentiam
3134 3943 3244 4006 Dei
3305 3944 3389 4006 sit
3440 3944 3506 4006 in

2018 4039 2273 4103 inferno
2309 4060 2474 4122 aqua
2521 4039 2937 4119 frigidissima
2972 4041 3051 4102 ad
3093 4041 3508 4123 reproborum

2017 4137 2532 4220 supplicium‚vel
2561 4138 2804 4219 aliquid
2836 4139 3508 4222 proportionale,quod

412 4236 512 4313 fit,
546 4238 727 4319 juxta
767 4238 926 4300 illud
966 4238 1251 4315 Genesis,
1285 4239 1612 4303 Maledicta
1643 4248 1809 4302 terra
1840 4240 1906 4302 in
1937 4241 1987 4303 D
2016 4256 2184 4317 aqua
2214 4236 2380 4298 nivis
2410 4244 2691 4314 vocatur,
2725 4236 2880 4318 quia
2907 4236 3040 4299 hoec
3070 4255 3232 4318 aqua
3262 4238 3510 4320 praefri-

408 4356 605 4419 opere
656 4345 787 4399 tu0.
840 4336 1165 4410 Quomodo
1216 4347 1427 4400 autem
1490 4338 1679 4401 liceat
1725 4339 1908 4401 alteri

410 4435 817 4513 maledicere,
864 4436 929 4498 in
980 4435 1376 4519 expositione
1422 4437 1685 4519 capituli
1738 4438 1907 4499 tertii

408 4534 642 4616 patuit.
679 4537 813 4597 Nec
849 4538 1131 4596 ambulet
1162 4556 1283 4614 per
1318 4537 1494 4595 viam
1538 4538 1904 4608 vinearum,

410 4632 473 4695 id
526 4641 647 4709 est,
703 4632 935 4695 itinera
982 4633 1422 4714 refrigerativa
1471 4653 1542 4696 ac
1594 4634 1735 4698 laeta
1779 4653 1906 4698 non

410 4730 666 4793 habeat.
708 4730 911 4794 Vinea
945 4732 1189 4813 quippe
1230 4732 1661 4795 amoenitatem
1702 4752 1775 4795 ac
1814 4753 1909 4796 re-

412 4829 751 4912 frigerium
803 4830 991 4912 parit,
1040 4839 1103 4893 et
1146 4830 1361 4893 fructu
1410 4848 1525 4894 suo
1574 4832 1903 4907 exhilarat,

410 4930 727 5011 bonaeque
784 4929 921 5011 spei
979 4928 1191 4993 efficit
1238 4930 1586 4993 hominem.
1640 4930 1910 5012 Ideoque

414 5027 483 5089 in
527 5027 821 5090 Judicum
868 5027 1032 5090 libro
1071 5027 1220 5091 vitis
1260 5028 1494 5090 dixisse
1533 5026 1857 5091 inducitur
1891 5047 1905 5091 ε

413 5125 733 5207 Numquid
778 5144 1039 5208 possum
1080 5126 1371 5189 deserere
1410 5126 1630 5189 vinum
1672 5145 1907 5204 meum,

413 5224 584 5305 quod
631 5223 921 5287 laetificat
956 5223 1153 5287 Deum
1194 5232 1257 5287 et
1296 5224 1631 5287 homines?
1672 5225 1908 5306 Itaque,

416 5322 853 5404 metaphorice
903 5322 1010 5385 via
1056 5322 1415 5401 vinearum,
1467 5332 1563 5386 cst
1606 5323 1712 5386 via
1758 5340 1913 5403 gau-

2018 4335 2165 4417 gida
2205 4343 2299 4398 est
2334 4356 2348 4399 :
2383 4335 2528 4416 quis
2573 4336 2697 4397 nisi
2737 4336 2863 4400 Deo
2911 4336 3232 4399 revelante
3275 4338 3510 4419 poterit

2018 4433 2550 4496 certitudinaliter
2579 4435 2781 4498 scire?

2101 4536 2184 4594 Et
2213 4554 2410 4613 usque
2445 4536 2532 4593 ad
2572 4537 2813 4613 inferos
2835 4545 3170 4612 peccatum
3201 4537 3410 4607 illiue,
3441 4536 3505 4597 id

2019 4640 2137 4704 est,
2195 4632 2261 4693 in
2312 4630 2638 4694 infernum
2699 4632 2889 4715 culpa
2947 4633 3085 4714 ejus
3146 4633 3356 4715 ipsum
3408 4653 3507 4696 se-

2017 4739 2251 4813 quetur
2298 4751 2371 4794 ac
2421 4732 2631 4794 ducct.
2684 4731 2786 4795 Sic
2839 4740 2900 4795 et
2941 4732 3211 4795 Ioannes
3259 4733 3325 4794 in
3376 4732 3508 4814 pri-

2018 4849 2122 4892 ma
2163 4850 2276 4891 sua
2317 4829 2539 4893 scribit
2578 4830 2846 4911 epistola
2879 4848 2891 4891 :
2927 4829 3035 4891 Est
3064 4839 3394 4912 peccatum
3425 4832 3504 4894 ad

2020 4937 2333 5003 mortem3
2381 4947 2508 4991 non
2549 4928 2692 4991 dico
2730 4936 2801 4989 ut
2839 4946 2956 5009 pro
2994 4928 3107 4993 illo
3148 4929 3294 5011 quis
3341 4936 3499 4993 oret.

2019 5028 2350 5090 Peccatum
2399 5026 2639 5108 quippe
2687 5027 2766 5088 ad
2813 5034 3106 5104 mortem,
3156 5030 3502 5091 secundum

2020 5124 2415 5205 Gregorium,
2459 5132 2556 5186 est
2598 5132 2928 5205 peccatum
2977 5144 3179 5206 usque
3223 5127 3296 5187 ad
3341 5146 3506 5189 mor-

2025 5234 2147 5287 tem
2182 5230 2566 5305 pertractum
2605 5241 2618 5283 :
2656 5222 2808 5303 quia
2835 5231 3164 5304 peccatum
3197 5225 3368 5304 quod
3402 5224 3506 5288 hic

2025 5340 2154 5385 non
2186 5321 2549 5403 corrigitur,
2578 5320 2719 5402 ejus
2750 5320 2934 5385 venia
2969 5320 3204 5383 frustra
3234 5323 3509 5403 postula-

3549 3474 3800 3525 Mamm-m,

3540 3540 3605 3587 123
3625 3550 3712 3589 xm,
3729 3539 3800 3589 42,

3536 3600 3798 3651 50;xxu,18;

3535 3663 3803 3714 xxm-'snum

3537 4848 3744 4953 1ἰόὶοιυυι.
3752 4862 3796 4901 v,
