<?xml version="1.0" encoding="UTF-8"?>
<!DOCTYPE html PUBLIC "-//W3C//DTD XHTML 1.0 Transitional//EN"
    "http://www.w3.org/TR/xhtml1/DTD/xhtml1-transitional.dtd">
<html xmlns="http://www.w3.org/1999/xhtml" xml:lang="en" lang="en">
 <head>
  <title>
</title>
<meta http-equiv="Content-Type" content="text/html;charset=utf-8" />
  <meta name='ocr-system' content='tesseract 3.04.00' />
  <meta name='ocr-capabilities' content='ocr_page ocr_carea ocr_par ocr_line ocrx_word'/>
</head>
<body>
  <div class='ocr_page' id='page_1' title='image "./doctorisecstati06unkngoog_0512.png"; bbox 0 0 4309 6259; ppageno 0'>
   <div class='ocr_carea' id='block_1_1' title="bbox 865 502 984 565">
    <p class='ocr_par' dir='ltr' id='par_1_1' title="bbox 865 502 984 565">
     <span class='ocr_line' id='line_1_1' title="bbox 865 502 984 565; baseline 0 0"><span class='ocrx_word' id='word_1_1' title='bbox 865 502 984 565; x_wconf 73' lang='lat'><strong>478</strong></span> 
     </span>
    </p>
   </div>
   <div class='ocr_carea' id='block_1_2' title="bbox 1693 511 3130 560">
    <p class='ocr_par' dir='ltr' id='par_1_2' title="bbox 1693 511 3130 560">
     <span class='ocr_line' id='line_1_2' title="bbox 1693 511 3130 560; baseline 0 0"><span class='ocrx_word' id='word_1_2' title='bbox 1693 514 2041 560; x_wconf 65' lang='lat' dir='ltr'><strong>mammo</strong></span> <span class='ocrx_word' id='word_1_3' title='bbox 2083 514 2144 559; x_wconf 78' lang='lat' dir='ltr'><strong>IN</strong></span> <span class='ocrx_word' id='word_1_4' title='bbox 2188 512 2325 559; x_wconf 70' lang='lat' dir='ltr'><strong>CAP-</strong></span> <span class='ocrx_word' id='word_1_5' title='bbox 2372 511 2458 558; x_wconf 84' lang='lat' dir='ltr'><strong>xn</strong></span> <span class='ocrx_word' id='word_1_6' title='bbox 2499 513 2625 559; x_wconf 77' lang='lat'>1013.</span> <span class='ocrx_word' id='word_1_7' title='bbox 2668 532 2751 543; x_wconf 92' lang='lat'>—</span> <span class='ocrx_word' id='word_1_8' title='bbox 2790 514 2934 559; x_wconf 67' lang='grc' dir='ltr'><strong>ΛΚΤ.</strong></span> <span class='ocrx_word' id='word_1_9' title='bbox 2980 514 3130 560; x_wconf 71' lang='lat' dir='ltr'><strong>xxix</strong></span> 
     </span>
    </p>
   </div>
   <div class='ocr_carea' id='block_1_3' title="bbox 587 681 3951 767">
    <p class='ocr_par' dir='ltr' id='par_1_3' title="bbox 587 681 3951 767">
     <span class='ocr_line' id='line_1_3' title="bbox 587 681 3951 767; baseline -0.001 -19"><span class='ocrx_word' id='word_1_10' title='bbox 587 704 834 754; x_wconf 51' lang='lat' dir='ltr'><strong>amman,</strong></span> <span class='ocrx_word' id='word_1_11' title='bbox 863 688 998 751; x_wconf 91' lang='lat' dir='ltr'><strong>Non</strong></span> <span class='ocrx_word' id='word_1_12' title='bbox 1039 688 1306 751; x_wconf 87' lang='lat' dir='ltr'><strong>haberes</strong></span> <span class='ocrx_word' id='word_1_13' title='bbox 1349 693 1724 767; x_wconf 87' lang='lat' dir='ltr'><strong>potestatem</strong></span> <span class='ocrx_word' id='word_1_14' title='bbox 1766 686 2068 748; x_wconf 90' lang='lat' dir='ltr'><strong>adversus</strong></span> <span class='ocrx_word' id='word_1_15' title='bbox 2115 705 2221 748; x_wconf 90' lang='lat' dir='ltr'><strong>me</strong></span> <span class='ocrx_word' id='word_1_16' title='bbox 2262 685 2353 747; x_wconf 91' lang='lat' dir='ltr'><strong>ul·</strong></span> <span class='ocrx_word' id='word_1_17' title='bbox 2384 681 2435 743; x_wconf 80' lang='grc' dir='ltr'><strong>Α</strong></span> <span class='ocrx_word' id='word_1_18' title='bbox 2463 704 2587 765; x_wconf 90' lang='lat' dir='ltr'><strong>qua</strong></span> <span class='ocrx_word' id='word_1_19' title='bbox 2638 693 2937 766; x_wconf 88' lang='lat' dir='ltr'><strong>tanquam</strong></span> <span class='ocrx_word' id='word_1_20' title='bbox 2988 686 3056 747; x_wconf 92' lang='lat' dir='ltr'><strong>in</strong></span> <span class='ocrx_word' id='word_1_21' title='bbox 3096 685 3333 748; x_wconf 85' lang='lat' dir='ltr'><strong>effectu</strong></span> <span class='ocrx_word' id='word_1_22' title='bbox 3382 704 3569 748; x_wconf 86' lang='lat' dir='ltr'><strong>causa</strong></span> <span class='ocrx_word' id='word_1_23' title='bbox 3606 692 3670 746; x_wconf 89' lang='lat' dir='ltr'><strong>et</strong></span> <span class='ocrx_word' id='word_1_24' title='bbox 3718 682 3951 745; x_wconf 78' lang='lat' dir='ltr'><strong>artifex</strong></span> 
     </span>
    </p>
   </div>
   <div class='ocr_carea' id='block_1_4' title="bbox 567 770 2348 864">
    <p class='ocr_par' dir='ltr' id='par_1_4' title="bbox 567 770 2348 864">
     <span class='ocr_line' id='line_1_4' title="bbox 567 770 2348 864; baseline 0.002 -23"><span class='ocrx_word' id='word_1_25' title='bbox 567 770 632 811; x_wconf 89' lang='lat'><strong>¹¹·</strong></span> <span class='ocrx_word' id='word_1_26' title='bbox 863 787 1010 861; x_wconf 90' lang='lat' dir='ltr'><strong>lam,</strong></span> <span class='ocrx_word' id='word_1_27' title='bbox 1067 785 1189 847; x_wconf 92' lang='lat' dir='ltr'><strong>nisi</strong></span> <span class='ocrx_word' id='word_1_28' title='bbox 1241 784 1358 846; x_wconf 88' lang='lat' dir='ltr'><strong>tibi</strong></span> <span class='ocrx_word' id='word_1_29' title='bbox 1409 792 1574 847; x_wconf 89' lang='lat' dir='ltr'><strong>esset</strong></span> <span class='ocrx_word' id='word_1_30' title='bbox 1621 784 1836 846; x_wconf 90' lang='lat' dir='ltr'><strong>datum</strong></span> <span class='ocrx_word' id='word_1_31' title='bbox 1888 784 2181 864; x_wconf 76' lang='lat' dir='ltr'><strong>desuper.</strong></span> <span class='ocrx_word' id='word_1_32' title='bbox 2236 780 2348 844; x_wconf 76' lang='lat' dir='ltr'><strong>Vel</strong></span> 
     </span>
    </p>
   </div>
   <div class='ocr_carea' id='block_1_5' title="bbox 855 881 2349 1836">
    <p class='ocr_par' dir='ltr' id='par_1_5' title="bbox 855 881 2349 1836">
     <span class='ocr_line' id='line_1_5' title="bbox 860 881 2349 948; baseline -0.004 -1"><span class='ocrx_word' id='word_1_33' title='bbox 860 885 1003 948; x_wconf 89' lang='lat' dir='ltr'><strong>ideo</strong></span> <span class='ocrx_word' id='word_1_34' title='bbox 1033 885 1268 947; x_wconf 91' lang='lat' dir='ltr'><strong>dicitur</strong></span> <span class='ocrx_word' id='word_1_35' title='bbox 1303 884 1459 946; x_wconf 87' lang='lat' dir='ltr'><strong>Deus</strong></span> <span class='ocrx_word' id='word_1_36' title='bbox 1491 882 1706 945; x_wconf 87' lang='lat' dir='ltr'><strong>omnia</strong></span> <span class='ocrx_word' id='word_1_37' title='bbox 1737 882 1990 945; x_wconf 81' lang='lat' dir='ltr'><strong>dedisse</strong></span> <span class='ocrx_word' id='word_1_38' title='bbox 2021 881 2088 942; x_wconf 92' lang='lat' dir='ltr'><strong>in</strong></span> <span class='ocrx_word' id='word_1_39' title='bbox 2121 900 2349 943; x_wconf 91' lang='lat' dir='ltr'><strong>manus</strong></span> 
     </span>
     <span class='ocr_line' id='line_1_6' title="bbox 861 977 2349 1066; baseline -0.003 -22"><span class='ocrx_word' id='word_1_40' title='bbox 861 985 1253 1066; x_wconf 59' lang='lat' dir='ltr'><strong>praedonum,</strong></span> <span class='ocrx_word' id='word_1_41' title='bbox 1279 982 1430 1064; x_wconf 92' lang='lat' dir='ltr'><strong>quia</strong></span> <span class='ocrx_word' id='word_1_42' title='bbox 1461 980 1828 1061; x_wconf 88' lang='lat' dir='ltr'><strong>frequenter</strong></span> <span class='ocrx_word' id='word_1_43' title='bbox 1850 982 2012 1043; x_wconf 92' lang='lat' dir='ltr'><strong>Deus</strong></span> <span class='ocrx_word' id='word_1_44' title='bbox 2045 998 2159 1061; x_wconf 90' lang='lat' dir='ltr'><strong>per</strong></span> <span class='ocrx_word' id='word_1_45' title='bbox 2191 977 2349 1041; x_wconf 88' lang='lat' dir='ltr'><strong>tales</strong></span> 
     </span>
     <span class='ocr_line' id='line_1_7' title="bbox 857 1078 2347 1161; baseline -0.003 -18"><span class='ocrx_word' id='word_1_46' title='bbox 857 1081 1187 1144; x_wconf 89' lang='lat' dir='ltr'><strong>ulciscitur</strong></span> <span class='ocrx_word' id='word_1_47' title='bbox 1239 1088 1494 1161; x_wconf 87' lang='lat' dir='ltr'><strong>peccata</strong></span> <span class='ocrx_word' id='word_1_48' title='bbox 1544 1080 1991 1161; x_wconf 82' lang='lat' dir='ltr'><strong>praedatorum,</strong></span> <span class='ocrx_word' id='word_1_49' title='bbox 2040 1079 2126 1140; x_wconf 89' lang='lat' dir='ltr'><strong>ita</strong></span> <span class='ocrx_word' id='word_1_50' title='bbox 2178 1078 2347 1158; x_wconf 92' lang='lat' dir='ltr'><strong>quod</strong></span> 
     </span>
     <span class='ocr_line' id='line_1_8' title="bbox 855 1176 2347 1260; baseline -0.004 -18"><span class='ocrx_word' id='word_1_51' title='bbox 855 1180 1046 1243; x_wconf 88' lang='lat' dir='ltr'><strong>tradit</strong></span> <span class='ocrx_word' id='word_1_52' title='bbox 1074 1199 1182 1244; x_wconf 90' lang='lat' dir='ltr'><strong>cos</strong></span> <span class='ocrx_word' id='word_1_53' title='bbox 1214 1188 1276 1243; x_wconf 92' lang='lat' dir='ltr'><strong>et</strong></span> <span class='ocrx_word' id='word_1_54' title='bbox 1305 1179 1472 1242; x_wconf 89' lang='lat' dir='ltr'><strong>bona</strong></span> <span class='ocrx_word' id='word_1_55' title='bbox 1503 1198 1722 1241; x_wconf 90' lang='lat' dir='ltr'><strong>eorum</strong></span> <span class='ocrx_word' id='word_1_56' title='bbox 1756 1178 2199 1260; x_wconf 79' lang='lat' dir='ltr'><strong>praedonibus3</strong></span> <span class='ocrx_word' id='word_1_57' title='bbox 2236 1176 2347 1237; x_wconf 94' lang='lat' dir='ltr'><strong>sed</strong></span> 
     </span>
     <span class='ocr_line' id='line_1_9' title="bbox 856 1275 2345 1362; baseline -0.002 -22"><span class='ocrx_word' id='word_1_58' title='bbox 856 1281 1183 1362; x_wconf 84' lang='lat' dir='ltr'><strong>praedones</strong></span> <span class='ocrx_word' id='word_1_59' title='bbox 1228 1277 1430 1339; x_wconf 86' lang='lat' dir='ltr'>nihilo</span> <span class='ocrx_word' id='word_1_60' title='bbox 1468 1277 1680 1339; x_wconf 91' lang='lat' dir='ltr'><strong>minus</strong></span> <span class='ocrx_word' id='word_1_61' title='bbox 1722 1284 2007 1359; x_wconf 88' lang='lat' dir='ltr'><strong>peccant,</strong></span> <span class='ocrx_word' id='word_1_62' title='bbox 2045 1275 2345 1357; x_wconf 91' lang='lat' dir='ltr'><strong>quoniam</strong></span> 
     </span>
     <span class='ocr_line' id='line_1_10' title="bbox 856 1374 2339 1460; baseline -0.003 -21"><span class='ocrx_word' id='word_1_63' title='bbox 856 1378 1053 1460; x_wconf 91' lang='lat' dir='ltr'><strong>impio</strong></span> <span class='ocrx_word' id='word_1_64' title='bbox 1072 1376 1204 1439; x_wconf 91' lang='lat' dir='ltr'><strong>fine</strong></span> <span class='ocrx_word' id='word_1_65' title='bbox 1226 1384 1384 1439; x_wconf 83' lang='lat' dir='ltr'><strong>etex</strong></span> <span class='ocrx_word' id='word_1_66' title='bbox 1405 1376 1752 1458; x_wconf 85' lang='lat' dir='ltr'><strong>cupiditate</strong></span> <span class='ocrx_word' id='word_1_67' title='bbox 1773 1374 2114 1438; x_wconf 90' lang='lat' dir='ltr'><strong>crudeliter</strong></span> <span class='ocrx_word' id='word_1_68' title='bbox 2135 1382 2339 1453; x_wconf 83' lang='lat' dir='ltr'><strong>agunt.</strong></span> 
     </span>
     <span class='ocr_line' id='line_1_11' title="bbox 855 1472 2348 1555; baseline -0.002 -17"><span class='ocrx_word' id='word_1_69' title='bbox 855 1478 1179 1552; x_wconf 82' lang='lat' dir='ltr'><strong>Praeterea,</strong></span> <span class='ocrx_word' id='word_1_70' title='bbox 1222 1474 1436 1538; x_wconf 86' lang='lat' dir='ltr'><strong>verbis</strong></span> <span class='ocrx_word' id='word_1_71' title='bbox 1477 1474 1576 1535; x_wconf 92' lang='lat' dir='ltr'><strong>his</strong></span> <span class='ocrx_word' id='word_1_72' title='bbox 1619 1473 1735 1538; x_wconf 84' lang='lat' dir='ltr'><strong>Job</strong></span> <span class='ocrx_word' id='word_1_73' title='bbox 1783 1482 2000 1555; x_wconf 89' lang='lat' dir='ltr'><strong>aperte</strong></span> <span class='ocrx_word' id='word_1_74' title='bbox 2053 1472 2348 1555; x_wconf 86' lang='lat' dir='ltr'><strong>reprobat</strong></span> 
     </span>
     <span class='ocr_line' id='line_1_12' title="bbox 855 1572 2347 1653; baseline -0.003 -16"><span class='ocrx_word' id='word_1_75' title='bbox 855 1594 1132 1638; x_wconf 90' lang='lat' dir='ltr'><strong>errorem</strong></span> <span class='ocrx_word' id='word_1_76' title='bbox 1153 1575 1504 1637; x_wconf 88' lang='lat' dir='ltr'><strong>amicorum</strong></span> <span class='ocrx_word' id='word_1_77' title='bbox 1526 1592 1802 1649; x_wconf 90' lang='lat' dir='ltr'><strong>suorum,</strong></span> <span class='ocrx_word' id='word_1_78' title='bbox 1823 1572 2172 1635; x_wconf 81' lang='lat' dir='ltr'><strong>dicentium</strong></span> <span class='ocrx_word' id='word_1_79' title='bbox 2194 1590 2347 1653; x_wconf 88' lang='lat' dir='ltr'><strong>opes</strong></span> 
     </span>
     <span class='ocr_line' id='line_1_13' title="bbox 856 1669 2345 1753; baseline -0.003 -18"><span class='ocrx_word' id='word_1_80' title='bbox 856 1675 992 1736; x_wconf 90' lang='lat' dir='ltr'><strong>dari</strong></span> <span class='ocrx_word' id='word_1_81' title='bbox 1034 1674 1262 1737; x_wconf 86' lang='lat' dir='ltr'><strong>merito</strong></span> <span class='ocrx_word' id='word_1_82' title='bbox 1304 1672 1585 1753; x_wconf 84' lang='lat' dir='ltr'><strong>justitiae,</strong></span> <span class='ocrx_word' id='word_1_83' title='bbox 1629 1691 1824 1753; x_wconf 92' lang='lat' dir='ltr'><strong>quum</strong></span> <span class='ocrx_word' id='word_1_84' title='bbox 1873 1669 2345 1733; x_wconf 79' lang='lat' dir='ltr'><strong>sceleratissimi</strong></span> 
     </span>
     <span class='ocr_line' id='line_1_14' title="bbox 855 1770 1474 1836; baseline -0.003 -1"><span class='ocrx_word' id='word_1_85' title='bbox 855 1772 1182 1836; x_wconf 76' lang='lat' dir='ltr'><strong>abundent</strong></span> <span class='ocrx_word' id='word_1_86' title='bbox 1211 1770 1474 1833; x_wconf 83' lang='lat' dir='ltr'><strong>divitiis.</strong></span> 
     </span>
    </p>
   </div>
   <div class='ocr_carea' id='block_1_6' title="bbox 2456 782 4247 1853">
    <p class='ocr_par' dir='ltr' id='par_1_6' title="bbox 2462 782 3945 865">
     <span class='ocr_line' id='line_1_15' title="bbox 2462 782 3945 865; baseline -0.001 -21"><span class='ocrx_word' id='word_1_87' title='bbox 2462 783 2625 844; x_wconf 91' lang='lat' dir='ltr'><strong>Deus</strong></span> <span class='ocrx_word' id='word_1_88' title='bbox 2667 782 2949 845; x_wconf 74' lang='lat' dir='ltr'><strong>relucet?</strong></span> <span class='ocrx_word' id='word_1_89' title='bbox 2984 783 3243 865; x_wconf 83' lang='lat' dir='ltr'><strong>Propter</strong></span> <span class='ocrx_word' id='word_1_90' title='bbox 3291 784 3461 864; x_wconf 92' lang='lat' dir='ltr'><strong>quod</strong></span> <span class='ocrx_word' id='word_1_91' title='bbox 3503 782 3692 845; x_wconf 89' lang='lat' dir='ltr'><strong>lsaias</strong></span> <span class='ocrx_word' id='word_1_92' title='bbox 3738 782 3891 844; x_wconf 89' lang='lat' dir='ltr'><strong>dicit</strong></span> <span class='ocrx_word' id='word_1_93' title='bbox 3930 798 3945 843; x_wconf 90' lang='lat'>:</span> 
     </span>
    </p>

    <p class='ocr_par' dir='ltr' id='par_1_7' title="bbox 2459 881 4229 1061">
     <span class='ocr_line' id='line_1_16' title="bbox 2459 881 4229 958; baseline -0.001 -17"><span class='ocrx_word' id='word_1_94' title='bbox 2459 881 2689 945; x_wconf 90' lang='lat' dir='ltr'><strong>Levate</strong></span> <span class='ocrx_word' id='word_1_95' title='bbox 2728 881 2793 943; x_wconf 92' lang='lat' dir='ltr'><strong>in</strong></span> <span class='ocrx_word' id='word_1_96' title='bbox 2840 882 3159 944; x_wconf 87' lang='lat' dir='ltr'><strong>excelsum</strong></span> <span class='ocrx_word' id='word_1_97' title='bbox 3204 882 3423 945; x_wconf 89' lang='lat' dir='ltr'><strong>oculos</strong></span> <span class='ocrx_word' id='word_1_98' title='bbox 3454 890 3720 958; x_wconf 78' lang='lat' dir='ltr'><strong>vestrOS,</strong></span> <span class='ocrx_word' id='word_1_99' title='bbox 3752 890 3816 943; x_wconf 82' lang='lat' dir='ltr'><strong>et</strong></span> <span class='ocrx_word' id='word_1_100' title='bbox 3858 881 3951 943; x_wconf 85' lang='lat' dir='ltr'><strong>vi·</strong></span> <span class='ocrx_word' id='word_1_101' title='bbox 3990 898 4143 944; x_wconf 51' lang='lat'><strong>1212.</strong></span> <span class='ocrx_word' id='word_1_102' title='bbox 4160 900 4229 939; x_wconf 61' lang='grc' dir='ltr'><strong>ξε,</strong></span> 
     </span>
     <span class='ocr_line' id='line_1_17' title="bbox 2459 979 3943 1061; baseline -0.001 -19"><span class='ocrx_word' id='word_1_103' title='bbox 2459 981 2601 1042; x_wconf 89' lang='lat' dir='ltr'><strong>dete</strong></span> <span class='ocrx_word' id='word_1_104' title='bbox 2630 981 2777 1061; x_wconf 93' lang='lat' dir='ltr'><strong>quis</strong></span> <span class='ocrx_word' id='word_1_105' title='bbox 2808 980 3046 1043; x_wconf 88' lang='lat' dir='ltr'><strong>creavit</strong></span> <span class='ocrx_word' id='word_1_106' title='bbox 3074 981 3230 1043; x_wconf 78' lang='lat' dir='ltr'><strong>haec.</strong></span> <span class='ocrx_word' id='word_1_107' title='bbox 3256 982 3330 1042; x_wconf 90' lang='lat' dir='ltr'><strong>Et</strong></span> <span class='ocrx_word' id='word_1_108' title='bbox 3363 980 3429 1042; x_wconf 90' lang='lat' dir='ltr'><strong>in</strong></span> <span class='ocrx_word' id='word_1_109' title='bbox 3458 979 3901 1043; x_wconf 80' lang='lat' dir='ltr'><strong>Ecclesiastico</strong></span> <span class='ocrx_word' id='word_1_110' title='bbox 3928 996 3943 1041; x_wconf 90' lang='lat'><strong>:</strong></span> 
     </span>
    </p>

    <p class='ocr_par' dir='ltr' id='par_1_8' title="bbox 2456 1078 4247 1341">
     <span class='ocr_line' id='line_1_18' title="bbox 2456 1078 4247 1163; baseline -0.001 -22"><span class='ocrx_word' id='word_1_111' title='bbox 2456 1078 2668 1142; x_wconf 83' lang='lat' dir='ltr'><strong>Gloria</strong></span> <span class='ocrx_word' id='word_1_112' title='bbox 2708 1080 2957 1143; x_wconf 88' lang='lat' dir='ltr'><strong>Domini</strong></span> <span class='ocrx_word' id='word_1_113' title='bbox 3007 1082 3265 1163; x_wconf 90' lang='lat' dir='ltr'><strong>plenum</strong></span> <span class='ocrx_word' id='word_1_114' title='bbox 3318 1089 3414 1143; x_wconf 88' lang='lat' dir='ltr'><strong>est</strong></span> <span class='ocrx_word' id='word_1_115' title='bbox 3452 1099 3615 1163; x_wconf 88' lang='lat' dir='ltr'><strong>opus</strong></span> <span class='ocrx_word' id='word_1_116' title='bbox 3660 1080 3825 1161; x_wconf 87' lang='lat' dir='ltr'><strong>ejus.</strong></span> <span class='ocrx_word' id='word_1_117' title='bbox 3860 1083 3942 1140; x_wconf 87' lang='lat' dir='ltr'><strong>In</strong></span> <span class='ocrx_word' id='word_1_118' title='bbox 3992 1096 4247 1142; x_wconf 61' lang='lat' dir='ltr'><strong>sectam,</strong></span> 
     </span>
     <span class='ocr_line' id='line_1_19' title="bbox 2456 1162 4045 1261; baseline 0 -23"><span class='ocrx_word' id='word_1_119' title='bbox 2456 1180 2644 1257; x_wconf 79' lang='lat' dir='ltr'><strong>cujus</strong></span> <span class='ocrx_word' id='word_1_120' title='bbox 2683 1201 2907 1251; x_wconf 82' lang='lat' dir='ltr'><strong>manu,</strong></span> <span class='ocrx_word' id='word_1_121' title='bbox 2946 1179 3011 1241; x_wconf 89' lang='lat' dir='ltr'><strong>id</strong></span> <span class='ocrx_word' id='word_1_122' title='bbox 3060 1188 3157 1242; x_wconf 86' lang='lat' dir='ltr'><strong>est</strong></span> <span class='ocrx_word' id='word_1_123' title='bbox 3200 1188 3529 1261; x_wconf 79' lang='lat' dir='ltr'><strong>potestate,</strong></span> <span class='ocrx_word' id='word_1_124' title='bbox 3572 1188 3671 1241; x_wconf 84' lang='lat' dir='ltr'><strong>est</strong></span> <span class='ocrx_word' id='word_1_125' title='bbox 3716 1180 3945 1239; x_wconf 79' lang='lat' dir='ltr'><strong>anima</strong></span> <span class='ocrx_word' id='word_1_126' title='bbox 3978 1162 4045 1199; x_wconf 51' lang='grc' dir='ltr'><strong>’δ’</strong></span> 
     </span>
     <span class='ocr_line' id='line_1_20' title="bbox 2456 1277 3943 1341; baseline 0 -4"><span class='ocrx_word' id='word_1_127' title='bbox 2456 1280 2667 1339; x_wconf 80' lang='lat' dir='ltr'><strong>omnis</strong></span> <span class='ocrx_word' id='word_1_128' title='bbox 2718 1280 2993 1340; x_wconf 76' lang='lat' dir='ltr'><strong>viventis</strong></span> <span class='ocrx_word' id='word_1_129' title='bbox 3044 1279 3163 1341; x_wconf 82' lang='lat' dir='ltr'><strong>sul)</strong></span> <span class='ocrx_word' id='word_1_130' title='bbox 3224 1278 3502 1341; x_wconf 89' lang='lat' dir='ltr'><strong>homine.</strong></span> <span class='ocrx_word' id='word_1_131' title='bbox 3556 1279 3722 1341; x_wconf 88' lang='lat' dir='ltr'><strong>Deus</strong></span> <span class='ocrx_word' id='word_1_132' title='bbox 3770 1277 3943 1341; x_wconf 90' lang='lat' dir='ltr'><strong>enim</strong></span> 
     </span>
    </p>

    <p class='ocr_par' dir='ltr' id='par_1_9' title="bbox 2456 1375 3948 1457">
     <span class='ocr_line' id='line_1_21' title="bbox 2456 1375 3948 1457; baseline -0.003 -18"><span class='ocrx_word' id='word_1_133' title='bbox 2456 1376 2672 1439; x_wconf 92' lang='lat' dir='ltr'><strong>omnia</strong></span> <span class='ocrx_word' id='word_1_134' title='bbox 2718 1376 2783 1438; x_wconf 91' lang='lat' dir='ltr'><strong>in</strong></span> <span class='ocrx_word' id='word_1_135' title='bbox 2828 1396 2966 1439; x_wconf 89' lang='grc'><strong>6556</strong></span> <span class='ocrx_word' id='word_1_136' title='bbox 3010 1386 3363 1453; x_wconf 89' lang='lat' dir='ltr'><strong>conservat,</strong></span> <span class='ocrx_word' id='word_1_137' title='bbox 3398 1376 3697 1439; x_wconf 89' lang='lat' dir='ltr'><strong>omnibus</strong></span> <span class='ocrx_word' id='word_1_138' title='bbox 3736 1375 3948 1457; x_wconf 79' lang='lat' dir='ltr'><strong>provi-</strong></span> 
     </span>
    </p>

    <p class='ocr_par' dir='ltr' id='par_1_10' title="bbox 2457 1472 3946 1552">
     <span class='ocr_line' id='line_1_22' title="bbox 2457 1472 3946 1552; baseline 0 -17"><span class='ocrx_word' id='word_1_139' title='bbox 2457 1474 2603 1549; x_wconf 82' lang='lat' dir='ltr'><strong>det3</strong></span> <span class='ocrx_word' id='word_1_140' title='bbox 2637 1483 2700 1537; x_wconf 86' lang='lat' dir='ltr'><strong>et</strong></span> <span class='ocrx_word' id='word_1_141' title='bbox 2749 1476 2901 1536; x_wconf 92' lang='lat' dir='ltr'><strong>dum</strong></span> <span class='ocrx_word' id='word_1_142' title='bbox 2942 1474 3237 1552; x_wconf 88' lang='lat' dir='ltr'><strong>voluerit,</strong></span> <span class='ocrx_word' id='word_1_143' title='bbox 3293 1474 3455 1539; x_wconf 90' lang='lat' dir='ltr'><strong>mori</strong></span> <span class='ocrx_word' id='word_1_144' title='bbox 3504 1494 3616 1537; x_wconf 90' lang='lat' dir='ltr'><strong>seu</strong></span> <span class='ocrx_word' id='word_1_145' title='bbox 3666 1472 3946 1537; x_wconf 87' lang='lat' dir='ltr'><strong>deficere</strong></span> 
     </span>
    </p>

    <p class='ocr_par' dir='ltr' id='par_1_11' title="bbox 2457 1573 4243 1853">
     <span class='ocr_line' id='line_1_23' title="bbox 2459 1573 3941 1655; baseline -0.001 -20"><span class='ocrx_word' id='word_1_146' title='bbox 2459 1573 2697 1653; x_wconf 85' lang='lat' dir='ltr'><strong>quaevis</strong></span> <span class='ocrx_word' id='word_1_147' title='bbox 2745 1574 3079 1655; x_wconf 87' lang='lat' dir='ltr'><strong>permittit.</strong></span> <span class='ocrx_word' id='word_1_148' title='bbox 3126 1574 3269 1636; x_wconf 92' lang='lat' dir='ltr'><strong>ldeo</strong></span> <span class='ocrx_word' id='word_1_149' title='bbox 3313 1582 3523 1636; x_wconf 87' lang='lat' dir='ltr'><strong>cantat</strong></span> <span class='ocrx_word' id='word_1_150' title='bbox 3560 1573 3941 1635; x_wconf 81' lang='lat' dir='ltr'><strong>Psalmista:</strong></span> 
     </span>
     <span class='ocr_line' id='line_1_24' title="bbox 2458 1670 4243 1749; baseline 0.001 -17"><span class='ocrx_word' id='word_1_151' title='bbox 2458 1672 2797 1734; x_wconf 86' lang='lat' dir='ltr'><strong>Avertente</strong></span> <span class='ocrx_word' id='word_1_152' title='bbox 2842 1680 2903 1734; x_wconf 88' lang='lat' dir='ltr'><strong>te</strong></span> <span class='ocrx_word' id='word_1_153' title='bbox 2958 1670 3185 1735; x_wconf 87' lang='lat' dir='ltr'><strong>faciem</strong></span> <span class='ocrx_word' id='word_1_154' title='bbox 3239 1681 3435 1749; x_wconf 89' lang='lat' dir='ltr'><strong>tuam,</strong></span> <span class='ocrx_word' id='word_1_155' title='bbox 3476 1670 3943 1743; x_wconf 79' lang='lat' dir='ltr'><strong>turbabuntur3</strong></span> <span class='ocrx_word' id='word_1_156' title='bbox 3976 1693 4243 1739; x_wconf 51' lang='lat' dir='ltr'><strong>Pacu-,22</strong></span> 
     </span>
     <span class='ocr_line' id='line_1_25' title="bbox 2457 1769 3943 1853; baseline -0.002 -19"><span class='ocrx_word' id='word_1_157' title='bbox 2457 1770 2711 1834; x_wconf 83' lang='lat' dir='ltr'><strong>auferes</strong></span> <span class='ocrx_word' id='word_1_158' title='bbox 2742 1770 3037 1853; x_wconf 91' lang='lat' dir='ltr'><strong>spiritum</strong></span> <span class='ocrx_word' id='word_1_159' title='bbox 3072 1790 3316 1849; x_wconf 90' lang='lat' dir='ltr'><strong>eorum,</strong></span> <span class='ocrx_word' id='word_1_160' title='bbox 3340 1778 3403 1833; x_wconf 92' lang='lat' dir='ltr'><strong>et</strong></span> <span class='ocrx_word' id='word_1_161' title='bbox 3429 1769 3759 1847; x_wconf 81' lang='lat' dir='ltr'><strong>deficient,</strong></span> <span class='ocrx_word' id='word_1_162' title='bbox 3784 1780 3849 1833; x_wconf 83' lang='lat' dir='ltr'><strong>et</strong></span> <span class='ocrx_word' id='word_1_163' title='bbox 3878 1770 3943 1831; x_wconf 91' lang='lat' dir='ltr'><strong>in</strong></span> 
     </span>
    </p>
   </div>
   <div class='ocr_carea' id='block_1_7' title="bbox 952 1867 3949 1952">
    <p class='ocr_par' dir='ltr' id='par_1_12' title="bbox 952 1867 3949 1952">
     <span class='ocr_line' id='line_1_26' title="bbox 952 1867 3949 1952; baseline -0.002 -18"><span class='ocrx_word' id='word_1_164' title='bbox 952 1872 1426 1952; x_wconf 89' lang='lat' dir='ltr'><strong>Consequenter</strong></span> <span class='ocrx_word' id='word_1_165' title='bbox 1475 1869 1754 1935; x_wconf 87' lang='lat' dir='ltr'><strong>ostendit</strong></span> <span class='ocrx_word' id='word_1_166' title='bbox 1804 1888 1930 1933; x_wconf 89' lang='lat' dir='ltr'><strong>non</strong></span> <span class='ocrx_word' id='word_1_167' title='bbox 1972 1888 2112 1931; x_wconf 90' lang='lat' dir='ltr'><strong>esse</strong></span> <span class='ocrx_word' id='word_1_168' title='bbox 2160 1867 2345 1931; x_wconf 91' lang='lat' dir='ltr'><strong>diffi-</strong></span> <span class='ocrx_word' id='word_1_169' title='bbox 2384 1868 2431 1929; x_wconf 91' lang='lat' dir='ltr'><strong>B</strong></span> <span class='ocrx_word' id='word_1_170' title='bbox 2460 1869 2789 1951; x_wconf 89' lang='lat' dir='ltr'><strong>pulverem</strong></span> <span class='ocrx_word' id='word_1_171' title='bbox 2838 1888 3023 1933; x_wconf 91' lang='lat' dir='ltr'><strong>suum</strong></span> <span class='ocrx_word' id='word_1_172' title='bbox 3076 1878 3493 1933; x_wconf 86' lang='lat' dir='ltr'><strong>revertentur.</strong></span> <span class='ocrx_word' id='word_1_173' title='bbox 3540 1871 3627 1930; x_wconf 79' lang='grc' dir='ltr'><strong>Ει</strong></span> <span class='ocrx_word' id='word_1_174' title='bbox 3672 1872 3949 1947; x_wconf 72' lang='lat' dir='ltr'><strong>spiritus</strong></span> 
     </span>
    </p>
   </div>
   <div class='ocr_carea' id='block_1_8' title="bbox 581 1968 2353 2936">
    <p class='ocr_par' dir='ltr' id='par_1_13' title="bbox 855 1968 2345 2051">
     <span class='ocr_line' id='line_1_27' title="bbox 855 1968 2345 2051; baseline -0.001 -18"><span class='ocrx_word' id='word_1_175' title='bbox 855 1970 1025 2047; x_wconf 89' lang='lat' dir='ltr'><strong>cilia,</strong></span> <span class='ocrx_word' id='word_1_176' title='bbox 1061 1990 1201 2051; x_wconf 83' lang='lat' dir='ltr'><strong>quae</strong></span> <span class='ocrx_word' id='word_1_177' title='bbox 1239 1970 1427 2032; x_wconf 90' lang='lat' dir='ltr'><strong>amici</strong></span> <span class='ocrx_word' id='word_1_178' title='bbox 1475 1988 1590 2051; x_wconf 92' lang='lat' dir='ltr'><strong>pro</strong></span> <span class='ocrx_word' id='word_1_179' title='bbox 1629 1987 1860 2050; x_wconf 86' lang='lat' dir='ltr'><strong>magno</strong></span> <span class='ocrx_word' id='word_1_180' title='bbox 1904 1968 2230 2049; x_wconf 87' lang='lat' dir='ltr'><strong>jactabant</strong></span> <span class='ocrx_word' id='word_1_181' title='bbox 2278 1988 2345 2031; x_wconf 90' lang='lat' dir='ltr'><strong>se</strong></span> 
     </span>
    </p>

    <p class='ocr_par' dir='ltr' id='par_1_14' title="bbox 857 2067 2349 2150">
     <span class='ocr_line' id='line_1_28' title="bbox 857 2067 2349 2150; baseline -0.003 -19"><span class='ocrx_word' id='word_1_182' title='bbox 857 2069 1020 2132; x_wconf 91' lang='lat' dir='ltr'><strong>scire</strong></span> <span class='ocrx_word' id='word_1_183' title='bbox 1061 2069 1138 2131; x_wconf 90' lang='lat' dir='ltr'><strong>de</strong></span> <span class='ocrx_word' id='word_1_184' title='bbox 1179 2070 1324 2145; x_wconf 86' lang='lat' dir='ltr'><strong>Dee,</strong></span> <span class='ocrx_word' id='word_1_185' title='bbox 1359 2076 1423 2131; x_wconf 89' lang='lat' dir='ltr'><strong>et</strong></span> <span class='ocrx_word' id='word_1_186' title='bbox 1462 2067 1823 2150; x_wconf 80' lang='lat' dir='ltr'><strong>specialiter</strong></span> <span class='ocrx_word' id='word_1_187' title='bbox 1865 2067 2214 2148; x_wconf 88' lang='lat' dir='ltr'><strong>alloquitur</strong></span> <span class='ocrx_word' id='word_1_188' title='bbox 2258 2067 2349 2148; x_wconf 93' lang='lat' dir='ltr'><strong>ip-</strong></span> 
     </span>
    </p>

    <p class='ocr_par' dir='ltr' id='par_1_15' title="bbox 857 2164 2349 2249">
     <span class='ocr_line' id='line_1_29' title="bbox 857 2164 2349 2249; baseline -0.003 -20"><span class='ocrx_word' id='word_1_189' title='bbox 857 2188 998 2229; x_wconf 91' lang='lat' dir='ltr'><strong>sum</strong></span> <span class='ocrx_word' id='word_1_190' title='bbox 1043 2167 1307 2249; x_wconf 88' lang='lat' dir='ltr'><strong>Sophar,</strong></span> <span class='ocrx_word' id='word_1_191' title='bbox 1348 2166 1461 2247; x_wconf 90' lang='lat' dir='ltr'><strong>qui</strong></span> <span class='ocrx_word' id='word_1_192' title='bbox 1504 2164 1882 2247; x_wconf 67' lang='lat' dir='ltr'><strong>praecedenti</strong></span> <span class='ocrx_word' id='word_1_193' title='bbox 1927 2165 2208 2247; x_wconf 86' lang='lat' dir='ltr'><strong>capitulo</strong></span> <span class='ocrx_word' id='word_1_194' title='bbox 2248 2184 2349 2227; x_wconf 90' lang='lat' dir='ltr'><strong>ar-</strong></span> 
     </span>
    </p>

    <p class='ocr_par' dir='ltr' id='par_1_16' title="bbox 857 2262 2347 2347">
     <span class='ocr_line' id='line_1_30' title="bbox 857 2262 2347 2347; baseline -0.001 -20"><span class='ocrx_word' id='word_1_195' title='bbox 857 2265 995 2347; x_wconf 87' lang='lat' dir='ltr'><strong>guit</strong></span> <span class='ocrx_word' id='word_1_196' title='bbox 1040 2274 1259 2329; x_wconf 85' lang='lat' dir='ltr'><strong>contra</strong></span> <span class='ocrx_word' id='word_1_197' title='bbox 1305 2264 1442 2327; x_wconf 83' lang='lat' dir='ltr'><strong>Joh.</strong></span> <span class='ocrx_word' id='word_1_198' title='bbox 1489 2266 1829 2327; x_wconf 82' lang='lat' dir='ltr'><strong>Nimirum</strong></span> <span class='ocrx_word' id='word_1_199' title='bbox 1877 2266 2227 2340; x_wconf 73' lang='lat' dir='ltr'><strong>interroya,</strong></span> <span class='ocrx_word' id='word_1_200' title='bbox 2284 2262 2347 2325; x_wconf 89' lang='lat' dir='ltr'><strong>id</strong></span> 
     </span>
    </p>

    <p class='ocr_par' dir='ltr' id='par_1_17' title="bbox 858 2363 2350 2444">
     <span class='ocr_line' id='line_1_31' title="bbox 858 2363 2350 2444; baseline -0.003 -18"><span class='ocrx_word' id='word_1_201' title='bbox 858 2372 973 2440; x_wconf 92' lang='lat' dir='ltr'><strong>est,</strong></span> <span class='ocrx_word' id='word_1_202' title='bbox 1017 2364 1356 2444; x_wconf 86' lang='lat' dir='ltr'><strong>diligenter</strong></span> <span class='ocrx_word' id='word_1_203' title='bbox 1397 2363 1754 2439; x_wconf 88' lang='lat' dir='ltr'><strong>considera,</strong></span> <span class='ocrx_word' id='word_1_204' title='bbox 1774 2364 2103 2439; x_wconf 71' lang='lat' dir='ltr'><strong>jumenta,</strong></span> <span class='ocrx_word' id='word_1_205' title='bbox 2143 2373 2203 2423; x_wconf 78' lang='lat' dir='ltr'><strong>et</strong></span> <span class='ocrx_word' id='word_1_206' title='bbox 2243 2365 2350 2421; x_wconf 83' lang='lat' dir='ltr'><strong>do-</strong></span> 
     </span>
    </p>

    <p class='ocr_par' dir='ltr' id='par_1_18' title="bbox 858 2459 2349 2738">
     <span class='ocr_line' id='line_1_32' title="bbox 858 2459 2349 2540; baseline 0 -19"><span class='ocrx_word' id='word_1_207' title='bbox 858 2466 1085 2523; x_wconf 82' lang='lat' dir='ltr'><strong>cebunt</strong></span> <span class='ocrx_word' id='word_1_208' title='bbox 1106 2462 1256 2530; x_wconf 60' lang='lat' dir='ltr'><strong>tenid</strong></span> <span class='ocrx_word' id='word_1_209' title='bbox 1279 2470 1396 2537; x_wconf 89' lang='lat' dir='ltr'><strong>est,</strong></span> <span class='ocrx_word' id='word_1_210' title='bbox 1415 2460 1742 2523; x_wconf 84' lang='lat' dir='ltr'><strong>materiam</strong></span> <span class='ocrx_word' id='word_1_211' title='bbox 1775 2459 2018 2521; x_wconf 90' lang='lat' dir='ltr'><strong>sciendi</strong></span> <span class='ocrx_word' id='word_1_212' title='bbox 2053 2459 2169 2522; x_wconf 92' lang='lat' dir='ltr'><strong>tibi</strong></span> <span class='ocrx_word' id='word_1_213' title='bbox 2197 2478 2349 2540; x_wconf 80' lang='lat' dir='ltr'><strong>prae—</strong></span> 
     </span>
     <span class='ocr_line' id='line_1_33' title="bbox 863 2557 2347 2633; baseline -0.001 -12"><span class='ocrx_word' id='word_1_214' title='bbox 863 2558 1132 2633; x_wconf 73' lang='lat' dir='ltr'><strong>bebunt,</strong></span> <span class='ocrx_word' id='word_1_215' title='bbox 1161 2558 1574 2621; x_wconf 84' lang='lat' dir='ltr'><strong>materialiter</strong></span> <span class='ocrx_word' id='word_1_216' title='bbox 1614 2557 1975 2621; x_wconf 86' lang='lat' dir='ltr'><strong>inducendo</strong></span> <span class='ocrx_word' id='word_1_217' title='bbox 2021 2568 2080 2619; x_wconf 89' lang='lat' dir='ltr'><strong>te</strong></span> <span class='ocrx_word' id='word_1_218' title='bbox 2118 2560 2199 2620; x_wconf 92' lang='lat' dir='ltr'><strong>ad</strong></span> <span class='ocrx_word' id='word_1_219' title='bbox 2238 2577 2347 2619; x_wconf 87' lang='lat' dir='ltr'><strong>ve-</strong></span> 
     </span>
     <span class='ocr_line' id='line_1_34' title="bbox 865 2656 2349 2738; baseline -0.002 -18"><span class='ocrx_word' id='word_1_220' title='bbox 865 2658 1114 2720; x_wconf 83' lang='lat' dir='ltr'><strong>ritatem</strong></span> <span class='ocrx_word' id='word_1_221' title='bbox 1159 2658 1624 2738; x_wconf 82' lang='lat' dir='ltr'><strong>agnoscendam</strong></span> <span class='ocrx_word' id='word_1_222' title='bbox 1671 2657 1748 2718; x_wconf 90' lang='lat' dir='ltr'><strong>de</strong></span> <span class='ocrx_word' id='word_1_223' title='bbox 1792 2656 2084 2720; x_wconf 88' lang='lat' dir='ltr'><strong>Creatorc</strong></span> <span class='ocrx_word' id='word_1_224' title='bbox 2120 2674 2134 2718; x_wconf 92' lang='lat'><strong>:</strong></span> <span class='ocrx_word' id='word_1_225' title='bbox 2171 2658 2349 2738; x_wconf 84' lang='lat' dir='ltr'><strong>juxta</strong></span> 
     </span>
    </p>

    <p class='ocr_par' dir='ltr' id='par_1_19' title="bbox 581 2754 2353 2936">
     <span class='ocr_line' id='line_1_35' title="bbox 783 2754 2352 2838; baseline -0.001 -20"><span class='ocrx_word' id='word_1_226' title='bbox 783 2766 790 2772; x_wconf 83' lang='lat'><strong><em>&#39;</em></strong></span> <span class='ocrx_word' id='word_1_227' title='bbox 864 2777 1053 2838; x_wconf 89' lang='lat' dir='ltr'><strong>quem</strong></span> <span class='ocrx_word' id='word_1_228' title='bbox 1085 2757 1340 2817; x_wconf 89' lang='lat' dir='ltr'><strong>modum</strong></span> <span class='ocrx_word' id='word_1_229' title='bbox 1377 2755 1768 2817; x_wconf 82' lang='lat' dir='ltr'><strong>irrationalia</strong></span> <span class='ocrx_word' id='word_1_230' title='bbox 1797 2764 1860 2817; x_wconf 86' lang='lat' dir='ltr'><strong>et</strong></span> <span class='ocrx_word' id='word_1_231' title='bbox 1889 2755 2235 2818; x_wconf 87' lang='lat' dir='ltr'><strong>inanimata</strong></span> <span class='ocrx_word' id='word_1_232' title='bbox 2266 2754 2352 2816; x_wconf 89' lang='lat' dir='ltr'><strong>di-</strong></span> 
     </span>
     <span class='ocr_line' id='line_1_36' title="bbox 581 2853 2353 2936; baseline -0.001 -19"><span class='ocrx_word' id='word_1_233' title='bbox 581 2868 838 2919; x_wconf 78' lang='lat' dir='ltr'><strong>Dan.=·1.⁵⁷-</strong></span> <span class='ocrx_word' id='word_1_234' title='bbox 865 2863 1096 2918; x_wconf 89' lang='lat' dir='ltr'><strong>cuntur</strong></span> <span class='ocrx_word' id='word_1_235' title='bbox 1115 2855 1311 2916; x_wconf 88' lang='lat' dir='ltr'><strong>Deum</strong></span> <span class='ocrx_word' id='word_1_236' title='bbox 1333 2853 1708 2917; x_wconf 88' lang='lat' dir='ltr'><strong>benedicere</strong></span> <span class='ocrx_word' id='word_1_237' title='bbox 1739 2862 1928 2936; x_wconf 88' lang='lat' dir='ltr'><strong>atque</strong></span> <span class='ocrx_word' id='word_1_238' title='bbox 1959 2853 2239 2917; x_wconf 89' lang='lat' dir='ltr'><strong>laudare.</strong></span> <span class='ocrx_word' id='word_1_239' title='bbox 2265 2854 2353 2915; x_wconf 93' lang='lat' dir='ltr'><strong>ln-</strong></span> 
     </span>
    </p>
   </div>
   <div class='ocr_carea' id='block_1_9' title="bbox 569 2934 2349 3047">
    <p class='ocr_par' dir='ltr' id='par_1_20' title="bbox 569 2934 2349 3047">
     <span class='ocr_line' id='line_1_37' title="bbox 569 2934 2349 3047; baseline -0.004 -26"><span class='ocrx_word' id='word_1_240' title='bbox 569 2934 835 3047; x_wconf 46' lang='lat' dir='ltr'><strong>{‡ss„fff3‚5‚</strong></span> <span class='ocrx_word' id='word_1_241' title='bbox 867 2962 1115 3034; x_wconf 86' lang='lat' dir='ltr'><strong>terroga</strong></span> <span class='ocrx_word' id='word_1_242' title='bbox 1159 2970 1416 3034; x_wconf 90' lang='lat' dir='ltr'><strong>quoque</strong></span> <span class='ocrx_word' id='word_1_243' title='bbox 1448 2963 1507 3013; x_wconf 77' lang='lat' dir='ltr'><strong>ec</strong></span> <span class='ocrx_word' id='word_1_244' title='bbox 1543 2955 1838 3014; x_wconf 77' lang='lat' dir='ltr'><strong>volatilia</strong></span> <span class='ocrx_word' id='word_1_245' title='bbox 1873 2956 2017 3015; x_wconf 81' lang='lat' dir='ltr'><strong>coeli</strong></span> <span class='ocrx_word' id='word_1_246' title='bbox 2055 2953 2247 3029; x_wconf 91' lang='lat' dir='ltr'><strong>aerei,</strong></span> <span class='ocrx_word' id='word_1_247' title='bbox 2285 2953 2349 3014; x_wconf 91' lang='lat' dir='ltr'><strong>in</strong></span> 
     </span>
    </p>
   </div>
   <div class='ocr_carea' id='block_1_10' title="bbox 572 3062 684 3102">
    <p class='ocr_par' dir='ltr' id='par_1_21' title="bbox 572 3062 684 3102">
     <span class='ocr_line' id='line_1_38' title="bbox 572 3062 684 3102; baseline 0.018 -2"><span class='ocrx_word' id='word_1_248' title='bbox 572 3062 684 3102; x_wconf 83' lang='lat'><strong>7-10.</strong></span> 
     </span>
    </p>
   </div>
   <div class='ocr_carea' id='block_1_11' title="bbox 853 3149 2353 4217">
    <p class='ocr_par' dir='ltr' id='par_1_22' title="bbox 853 3149 2353 4217">
     <span class='ocr_line' id='line_1_39' title="bbox 869 3149 2349 3227; baseline 0 -14"><span class='ocrx_word' id='word_1_249' title='bbox 869 3160 962 3213; x_wconf 92' lang='lat' dir='ltr'><strong>ter</strong></span> <span class='ocrx_word' id='word_1_250' title='bbox 1002 3150 1114 3212; x_wconf 91' lang='lat' dir='ltr'><strong>tibi</strong></span> <span class='ocrx_word' id='word_1_251' title='bbox 1151 3149 1480 3213; x_wconf 86' lang='lat' dir='ltr'><strong>veritatem</strong></span> <span class='ocrx_word' id='word_1_252' title='bbox 1527 3152 1958 3227; x_wconf 81' lang='lat' dir='ltr'><strong>monstrandO,</strong></span> <span class='ocrx_word' id='word_1_253' title='bbox 1995 3159 2062 3211; x_wconf 88' lang='lat' dir='ltr'><strong>ut</strong></span> <span class='ocrx_word' id='word_1_254' title='bbox 2107 3151 2349 3213; x_wconf 90' lang='lat' dir='ltr'><strong>dictum</strong></span> 
     </span>
     <span class='ocr_line' id='line_1_40' title="bbox 865 3248 2349 3331; baseline 0 -20"><span class='ocrx_word' id='word_1_255' title='bbox 865 3259 961 3312; x_wconf 90' lang='lat' dir='ltr'><strong>est</strong></span> <span class='ocrx_word' id='word_1_256' title='bbox 1001 3250 1078 3311; x_wconf 89' lang='lat' dir='ltr'><strong>de</strong></span> <span class='ocrx_word' id='word_1_257' title='bbox 1119 3248 1448 3331; x_wconf 67' lang='lat' dir='ltr'><strong>jumentis</strong></span> <span class='ocrx_word' id='word_1_258' title='bbox 1493 3249 1749 3330; x_wconf 87' lang='lat' dir='ltr'><strong>Proprie</strong></span> <span class='ocrx_word' id='word_1_259' title='bbox 1799 3259 2010 3311; x_wconf 89' lang='lat' dir='ltr'><strong>autem</strong></span> <span class='ocrx_word' id='word_1_260' title='bbox 2060 3251 2349 3331; x_wconf 85' lang='lat' dir='ltr'><strong>jumenta</strong></span> 
     </span>
     <span class='ocr_line' id='line_1_41' title="bbox 860 3346 2349 3423; baseline -0.001 -13"><span class='ocrx_word' id='word_1_261' title='bbox 860 3356 1164 3410; x_wconf 89' lang='lat' dir='ltr'><strong>vocantur</strong></span> <span class='ocrx_word' id='word_1_262' title='bbox 1213 3347 1558 3410; x_wconf 87' lang='lat' dir='ltr'><strong>domestica</strong></span> <span class='ocrx_word' id='word_1_263' title='bbox 1607 3346 1812 3423; x_wconf 88' lang='lat' dir='ltr'><strong>bruta,</strong></span> <span class='ocrx_word' id='word_1_264' title='bbox 1854 3348 2187 3411; x_wconf 89' lang='lat' dir='ltr'><strong>hominum</strong></span> <span class='ocrx_word' id='word_1_265' title='bbox 2242 3367 2349 3409; x_wconf 92' lang='lat' dir='ltr'><strong>ne-</strong></span> 
     </span>
     <span class='ocr_line' id='line_1_42' title="bbox 858 3445 2347 3528; baseline -0.001 -19"><span class='ocrx_word' id='word_1_266' title='bbox 858 3446 1137 3509; x_wconf 86' lang='lat' dir='ltr'><strong>cessitati</strong></span> <span class='ocrx_word' id='word_1_267' title='bbox 1169 3445 1530 3508; x_wconf 90' lang='lat' dir='ltr'><strong>servientia.</strong></span> <span class='ocrx_word' id='word_1_268' title='bbox 1564 3445 1855 3509; x_wconf 79' lang='lat' dir='ltr'><strong>Iumenta</strong></span> <span class='ocrx_word' id='word_1_269' title='bbox 1890 3446 2131 3528; x_wconf 90' lang='lat' dir='ltr'><strong>quippe</strong></span> <span class='ocrx_word' id='word_1_270' title='bbox 2161 3446 2347 3527; x_wconf 88' lang='lat' dir='ltr'><strong>quasi</strong></span> 
     </span>
     <span class='ocr_line' id='line_1_43' title="bbox 853 3544 2344 3625; baseline 0.001 -18"><span class='ocrx_word' id='word_1_271' title='bbox 853 3546 1220 3625; x_wconf 86' lang='lat' dir='ltr'><strong>juvamenta</strong></span> <span class='ocrx_word' id='word_1_272' title='bbox 1260 3544 1579 3607; x_wconf 91' lang='lat' dir='ltr'><strong>dicuntur.</strong></span> <span class='ocrx_word' id='word_1_273' title='bbox 1627 3548 1909 3625; x_wconf 73' lang='lat' dir='ltr'><strong>Loquere</strong></span> <span class='ocrx_word' id='word_1_274' title='bbox 1953 3555 2163 3615; x_wconf 74' lang='lat' dir='ltr'><strong>terrae,</strong></span> <span class='ocrx_word' id='word_1_275' title='bbox 2205 3564 2344 3607; x_wconf 89' lang='lat' dir='ltr'><strong>eam</strong></span> 
     </span>
     <span class='ocr_line' id='line_1_44' title="bbox 856 3641 2349 3723; baseline -0.002 -18"><span class='ocrx_word' id='word_1_276' title='bbox 856 3642 1317 3705; x_wconf 88' lang='lat' dir='ltr'><strong>considerando</strong></span> <span class='ocrx_word' id='word_1_277' title='bbox 1356 3649 1420 3702; x_wconf 90' lang='lat' dir='ltr'><strong>et</strong></span> <span class='ocrx_word' id='word_1_278' title='bbox 1467 3642 1546 3703; x_wconf 92' lang='lat' dir='ltr'><strong>de</strong></span> <span class='ocrx_word' id='word_1_279' title='bbox 1585 3660 1659 3703; x_wconf 87' lang='lat' dir='ltr'><strong>ea</strong></span> <span class='ocrx_word' id='word_1_280' title='bbox 1707 3641 2113 3723; x_wconf 86' lang='lat' dir='ltr'><strong>disputand0,</strong></span> <span class='ocrx_word' id='word_1_281' title='bbox 2146 3653 2206 3704; x_wconf 77' lang='lat' dir='ltr'><strong>et</strong></span> <span class='ocrx_word' id='word_1_282' title='bbox 2253 3664 2349 3703; x_wconf 86' lang='lat' dir='ltr'><strong>re-</strong></span> 
     </span>
     <span class='ocr_line' id='line_1_45' title="bbox 855 3739 2345 3819; baseline 0.001 -18"><span class='ocrx_word' id='word_1_283' title='bbox 855 3743 1186 3819; x_wconf 78' lang='lat' dir='ltr'><strong>spondebit</strong></span> <span class='ocrx_word' id='word_1_284' title='bbox 1217 3742 1359 3810; x_wconf 76' lang='lat' dir='ltr'><strong>tibi,</strong></span> <span class='ocrx_word' id='word_1_285' title='bbox 1381 3739 1544 3801; x_wconf 91' lang='lat' dir='ltr'><strong>sicut</strong></span> <span class='ocrx_word' id='word_1_286' title='bbox 1573 3740 1654 3801; x_wconf 92' lang='lat' dir='ltr'><strong>de</strong></span> <span class='ocrx_word' id='word_1_287' title='bbox 1673 3739 1816 3801; x_wconf 91' lang='lat' dir='ltr'><strong>aliis</strong></span> <span class='ocrx_word' id='word_1_288' title='bbox 1848 3740 2088 3803; x_wconf 88' lang='lat' dir='ltr'><strong>dictum</strong></span> <span class='ocrx_word' id='word_1_289' title='bbox 2121 3749 2237 3802; x_wconf 90' lang='lat' dir='ltr'><strong>est.</strong></span> <span class='ocrx_word' id='word_1_290' title='bbox 2268 3745 2345 3803; x_wconf 78' lang='lat' dir='ltr'><strong>Ec</strong></span> 
     </span>
     <span class='ocr_line' id='line_1_46' title="bbox 859 3838 2349 3921; baseline 0.001 -22"><span class='ocrx_word' id='word_1_291' title='bbox 859 3840 1224 3900; x_wconf 72' lang='lat' dir='ltr'><strong>narrabunt</strong></span> <span class='ocrx_word' id='word_1_292' title='bbox 1246 3840 1450 3915; x_wconf 77' lang='lat' dir='ltr'><strong>pisces</strong></span> <span class='ocrx_word' id='word_1_293' title='bbox 1483 3840 1721 3899; x_wconf 80' lang='lat' dir='ltr'><strong>maris:</strong></span> <span class='ocrx_word' id='word_1_294' title='bbox 1739 3838 1868 3900; x_wconf 91' lang='lat' dir='ltr'><strong>imo</strong></span> <span class='ocrx_word' id='word_1_295' title='bbox 1890 3847 1952 3900; x_wconf 88' lang='lat' dir='ltr'><strong>et</strong></span> <span class='ocrx_word' id='word_1_296' title='bbox 1985 3838 2193 3921; x_wconf 89' lang='lat' dir='ltr'><strong>ipsum</strong></span> <span class='ocrx_word' id='word_1_297' title='bbox 2219 3858 2349 3901; x_wconf 89' lang='lat' dir='ltr'><strong>ma-</strong></span> 
     </span>
     <span class='ocr_line' id='line_1_47' title="bbox 862 3935 2351 4017; baseline 0.001 -19"><span class='ocrx_word' id='word_1_298' title='bbox 862 3955 952 4012; x_wconf 90' lang='lat' dir='ltr'><strong>re,</strong></span> <span class='ocrx_word' id='word_1_299' title='bbox 987 3936 1323 4017; x_wconf 85' lang='lat' dir='ltr'><strong>omnisque</strong></span> <span class='ocrx_word' id='word_1_300' title='bbox 1354 3944 1662 4013; x_wconf 93' lang='lat' dir='ltr'><strong>creatura,</strong></span> <span class='ocrx_word' id='word_1_301' title='bbox 1689 3936 1742 3997; x_wconf 93' lang='lat' dir='ltr'><strong>si</strong></span> <span class='ocrx_word' id='word_1_302' title='bbox 1781 3935 1970 3999; x_wconf 84' lang='lat' dir='ltr'><strong>fuerit</strong></span> <span class='ocrx_word' id='word_1_303' title='bbox 1998 3936 2351 4000; x_wconf 88' lang='lat' dir='ltr'><strong>considera-</strong></span> 
     </span>
     <span class='ocr_line' id='line_1_48' title="bbox 865 4034 2353 4118; baseline 0 -21"><span class='ocrx_word' id='word_1_304' title='bbox 865 4043 948 4111; x_wconf 88' lang='lat' dir='ltr'><strong>ta,</strong></span> <span class='ocrx_word' id='word_1_305' title='bbox 983 4035 1317 4097; x_wconf 82' lang='lat' dir='ltr'><strong>testabitur</strong></span> <span class='ocrx_word' id='word_1_306' title='bbox 1345 4036 1514 4115; x_wconf 94' lang='lat' dir='ltr'><strong>quod</strong></span> <span class='ocrx_word' id='word_1_307' title='bbox 1557 4034 1695 4116; x_wconf 88' lang='lat' dir='ltr'><strong>ipsa</strong></span> <span class='ocrx_word' id='word_1_308' title='bbox 1737 4035 1819 4097; x_wconf 89' lang='lat' dir='ltr'><strong>sit</strong></span> <span class='ocrx_word' id='word_1_309' title='bbox 1859 4055 1973 4098; x_wconf 91' lang='lat' dir='ltr'><strong>ens</strong></span> <span class='ocrx_word' id='word_1_310' title='bbox 2015 4055 2126 4118; x_wconf 88' lang='lat' dir='ltr'><strong>per</strong></span> <span class='ocrx_word' id='word_1_311' title='bbox 2158 4037 2353 4118; x_wconf 89' lang='lat' dir='ltr'><strong>parti-</strong></span> 
     </span>
     <span class='ocr_line' id='line_1_49' title="bbox 863 4132 2347 4217; baseline -0.001 -20"><span class='ocrx_word' id='word_1_312' title='bbox 863 4134 1278 4216; x_wconf 87' lang='lat' dir='ltr'><strong>cipationem,</strong></span> <span class='ocrx_word' id='word_1_313' title='bbox 1332 4132 1604 4214; x_wconf 90' lang='lat' dir='ltr'><strong>ideoque</strong></span> <span class='ocrx_word' id='word_1_314' title='bbox 1664 4152 1926 4196; x_wconf 88' lang='lat' dir='ltr'><strong>necesse</strong></span> <span class='ocrx_word' id='word_1_315' title='bbox 1977 4135 2060 4196; x_wconf 93' lang='lat' dir='ltr'><strong>sit</strong></span> <span class='ocrx_word' id='word_1_316' title='bbox 2109 4154 2347 4217; x_wconf 89' lang='lat' dir='ltr'><strong>ponere</strong></span> 
     </span>
    </p>
   </div>
   <div class='ocr_carea' id='block_1_12' title="bbox 2458 1967 4251 3033">
    <p class='ocr_par' dir='ltr' id='par_1_23' title="bbox 2458 1967 4251 2738">
     <span class='ocr_line' id='line_1_50' title="bbox 2460 1967 3949 2043; baseline 0.001 -16"><span class='ocrx_word' id='word_1_317' title='bbox 2460 1970 2778 2029; x_wconf 82' lang='lat' dir='ltr'><strong>universoe</strong></span> <span class='ocrx_word' id='word_1_318' title='bbox 2826 1970 3046 2028; x_wconf 83' lang='lat' dir='ltr'><strong>earnis</strong></span> <span class='ocrx_word' id='word_1_319' title='bbox 3096 1970 3403 2037; x_wconf 69' lang='lat' dir='ltr'><strong>hominia,</strong></span> <span class='ocrx_word' id='word_1_320' title='bbox 3454 1967 3517 2029; x_wconf 88' lang='lat' dir='ltr'><strong>id</strong></span> <span class='ocrx_word' id='word_1_321' title='bbox 3566 1976 3682 2043; x_wconf 85' lang='lat' dir='ltr'><strong>est,</strong></span> <span class='ocrx_word' id='word_1_322' title='bbox 3736 1968 3949 2029; x_wconf 87' lang='lat' dir='ltr'><strong>omnis</strong></span> 
     </span>
     <span class='ocr_line' id='line_1_51' title="bbox 2458 2065 3949 2147; baseline 0 -19"><span class='ocrx_word' id='word_1_323' title='bbox 2458 2065 2671 2128; x_wconf 90' lang='lat' dir='ltr'><strong>anima</strong></span> <span class='ocrx_word' id='word_1_324' title='bbox 2715 2066 3043 2129; x_wconf 87' lang='lat' dir='ltr'><strong>rationalis</strong></span> <span class='ocrx_word' id='word_1_325' title='bbox 3089 2066 3157 2128; x_wconf 90' lang='lat' dir='ltr'><strong>in</strong></span> <span class='ocrx_word' id='word_1_326' title='bbox 3202 2084 3395 2128; x_wconf 90' lang='lat' dir='ltr'><strong>manu</strong></span> <span class='ocrx_word' id='word_1_327' title='bbox 3440 2074 3536 2129; x_wconf 90' lang='lat' dir='ltr'><strong>est</strong></span> <span class='ocrx_word' id='word_1_328' title='bbox 3580 2066 3712 2142; x_wconf 93' lang='lat' dir='ltr'><strong>Dei,</strong></span> <span class='ocrx_word' id='word_1_329' title='bbox 3748 2086 3949 2147; x_wconf 87' lang='lat' dir='ltr'><strong>quan-</strong></span> 
     </span>
     <span class='ocr_line' id='line_1_52' title="bbox 2459 2165 3947 2246; baseline 0 -19"><span class='ocrx_word' id='word_1_330' title='bbox 2459 2174 2591 2227; x_wconf 91' lang='lat' dir='ltr'><strong>tum</strong></span> <span class='ocrx_word' id='word_1_331' title='bbox 2625 2166 2703 2228; x_wconf 89' lang='lat' dir='ltr'><strong>ad</strong></span> <span class='ocrx_word' id='word_1_332' title='bbox 2726 2184 2864 2228; x_wconf 90' lang='lat' dir='ltr'><strong>esse</strong></span> <span class='ocrx_word' id='word_1_333' title='bbox 2896 2173 3155 2241; x_wconf 81' lang='lat' dir='ltr'><strong>naturae,</strong></span> <span class='ocrx_word' id='word_1_334' title='bbox 3174 2166 3397 2245; x_wconf 85' lang='lat' dir='ltr'><strong>gratiae</strong></span> <span class='ocrx_word' id='word_1_335' title='bbox 3428 2174 3491 2228; x_wconf 92' lang='lat' dir='ltr'><strong>et</strong></span> <span class='ocrx_word' id='word_1_336' title='bbox 3510 2165 3749 2246; x_wconf 82' lang='lat' dir='ltr'><strong>gloriae.</strong></span> <span class='ocrx_word' id='word_1_337' title='bbox 3768 2165 3947 2228; x_wconf 90' lang='lat' dir='ltr'><strong>Unde</strong></span> 
     </span>
     <span class='ocr_line' id='line_1_53' title="bbox 2460 2263 4243 2345; baseline -0.002 -20"><span class='ocrx_word' id='word_1_338' title='bbox 2460 2263 2674 2326; x_wconf 88' lang='lat' dir='ltr'><strong>Daniel</strong></span> <span class='ocrx_word' id='word_1_339' title='bbox 2724 2264 2923 2345; x_wconf 90' lang='lat' dir='ltr'><strong>impio</strong></span> <span class='ocrx_word' id='word_1_340' title='bbox 2970 2264 3125 2326; x_wconf 91' lang='lat' dir='ltr'><strong>dicit</strong></span> <span class='ocrx_word' id='word_1_341' title='bbox 3160 2282 3175 2325; x_wconf 90' lang='lat'>:</span> <span class='ocrx_word' id='word_1_342' title='bbox 3210 2266 3406 2327; x_wconf 91' lang='lat' dir='ltr'><strong>Deum</strong></span> <span class='ocrx_word' id='word_1_343' title='bbox 3446 2263 3559 2345; x_wconf 92' lang='lat' dir='ltr'><strong>qui</strong></span> <span class='ocrx_word' id='word_1_344' title='bbox 3598 2263 3789 2327; x_wconf 88' lang='lat' dir='ltr'><strong>habet</strong></span> <span class='ocrx_word' id='word_1_345' title='bbox 3836 2263 3948 2325; x_wconf 85' lang='lat' dir='ltr'><strong>fla·</strong></span> <span class='ocrx_word' id='word_1_346' title='bbox 3976 2280 4243 2329; x_wconf 53' lang='lat' dir='ltr'><strong>omna.</strong></span> 
     </span>
     <span class='ocr_line' id='line_1_54' title="bbox 2459 2362 3943 2442; baseline 0.001 -18"><span class='ocrx_word' id='word_1_347' title='bbox 2459 2374 2593 2425; x_wconf 85' lang='lat' dir='ltr'><strong>tum</strong></span> <span class='ocrx_word' id='word_1_348' title='bbox 2634 2370 2812 2423; x_wconf 90' lang='lat' dir='ltr'><strong>tuum</strong></span> <span class='ocrx_word' id='word_1_349' title='bbox 2862 2363 2927 2425; x_wconf 91' lang='lat' dir='ltr'><strong>in</strong></span> <span class='ocrx_word' id='word_1_350' title='bbox 2968 2382 3159 2427; x_wconf 92' lang='lat' dir='ltr'><strong>manu</strong></span> <span class='ocrx_word' id='word_1_351' title='bbox 3204 2382 3337 2439; x_wconf 91' lang='lat' dir='ltr'><strong>sua,</strong></span> <span class='ocrx_word' id='word_1_352' title='bbox 3376 2382 3501 2425; x_wconf 92' lang='lat' dir='ltr'><strong>non</strong></span> <span class='ocrx_word' id='word_1_353' title='bbox 3541 2362 3943 2442; x_wconf 79' lang='lat' dir='ltr'><strong>glorificasti.</strong></span> 
     </span>
     <span class='ocr_line' id='line_1_55' title="bbox 2458 2459 4251 2524; baseline 0.001 -3"><span class='ocrx_word' id='word_1_354' title='bbox 2458 2461 2532 2522; x_wconf 89' lang='lat' dir='ltr'><strong>Et</strong></span> <span class='ocrx_word' id='word_1_355' title='bbox 2566 2460 2784 2523; x_wconf 89' lang='lat' dir='ltr'><strong>Daniel</strong></span> <span class='ocrx_word' id='word_1_356' title='bbox 2825 2480 3045 2522; x_wconf 90' lang='lat' dir='ltr'><strong>rursus</strong></span> <span class='ocrx_word' id='word_1_357' title='bbox 3084 2460 3244 2523; x_wconf 84' lang='lat' dir='ltr'><strong>dixit</strong></span> <span class='ocrx_word' id='word_1_358' title='bbox 3291 2461 3370 2523; x_wconf 90' lang='lat' dir='ltr'><strong>de</strong></span> <span class='ocrx_word' id='word_1_359' title='bbox 3412 2460 3538 2522; x_wconf 93' lang='lat' dir='ltr'><strong>Deo</strong></span> <span class='ocrx_word' id='word_1_360' title='bbox 3574 2477 3588 2521; x_wconf 92' lang='lat'>:</span> <span class='ocrx_word' id='word_1_361' title='bbox 3620 2459 3805 2522; x_wconf 87' lang='lat' dir='ltr'><strong>Juxta</strong></span> <span class='ocrx_word' id='word_1_362' title='bbox 3840 2478 3949 2523; x_wconf 79' lang='lat' dir='ltr'><strong>vo·</strong></span> <span class='ocrx_word' id='word_1_363' title='bbox 3978 2480 4251 2524; x_wconf 58' lang='lat' dir='ltr'><strong>mamae.</strong></span> 
     </span>
     <span class='ocr_line' id='line_1_56' title="bbox 2462 2557 3949 2622; baseline 0.001 -1"><span class='ocrx_word' id='word_1_364' title='bbox 2462 2560 2767 2622; x_wconf 90' lang='lat' dir='ltr'><strong>luntatem</strong></span> <span class='ocrx_word' id='word_1_365' title='bbox 2800 2578 2977 2622; x_wconf 89' lang='lat' dir='ltr'><strong>suam</strong></span> <span class='ocrx_word' id='word_1_366' title='bbox 3011 2557 3165 2622; x_wconf 93' lang='lat' dir='ltr'><strong>facit</strong></span> <span class='ocrx_word' id='word_1_367' title='bbox 3196 2567 3323 2621; x_wconf 88' lang='lat' dir='ltr'><strong>tam</strong></span> <span class='ocrx_word' id='word_1_368' title='bbox 3355 2560 3421 2621; x_wconf 90' lang='lat' dir='ltr'><strong>in</strong></span> <span class='ocrx_word' id='word_1_369' title='bbox 3454 2558 3799 2621; x_wconf 91' lang='lat' dir='ltr'><strong>virtutibus</strong></span> <span class='ocrx_word' id='word_1_370' title='bbox 3830 2576 3949 2622; x_wconf 82' lang='lat' dir='ltr'><strong>coe—</strong></span> 
     </span>
     <span class='ocr_line' id='line_1_57' title="bbox 2462 2656 3595 2738; baseline 0.001 -19"><span class='ocrx_word' id='word_1_371' title='bbox 2462 2658 2530 2735; x_wconf 90' lang='lat' dir='ltr'><strong>li,</strong></span> <span class='ocrx_word' id='word_1_372' title='bbox 2565 2678 2753 2738; x_wconf 91' lang='lat' dir='ltr'><strong>quam</strong></span> <span class='ocrx_word' id='word_1_373' title='bbox 2791 2658 2856 2719; x_wconf 91' lang='lat' dir='ltr'><strong>in</strong></span> <span class='ocrx_word' id='word_1_374' title='bbox 2894 2656 3359 2721; x_wconf 91' lang='lat' dir='ltr'><strong>habitatoribus</strong></span> <span class='ocrx_word' id='word_1_375' title='bbox 3392 2667 3595 2720; x_wconf 80' lang='lat' dir='ltr'><strong>terrae.</strong></span> 
     </span>
    </p>

    <p class='ocr_par' dir='ltr' id='par_1_24' title="bbox 2460 2755 3945 3033">
     <span class='ocr_line' id='line_1_58' title="bbox 2544 2755 3945 2837; baseline 0 -20"><span class='ocrx_word' id='word_1_376' title='bbox 2544 2756 2777 2819; x_wconf 90' lang='lat' dir='ltr'><strong>Deinde</strong></span> <span class='ocrx_word' id='word_1_377' title='bbox 2835 2755 3137 2833; x_wconf 87' lang='lat' dir='ltr'><strong>ostendit,</strong></span> <span class='ocrx_word' id='word_1_378' title='bbox 3191 2756 3361 2837; x_wconf 93' lang='lat' dir='ltr'><strong>quod</strong></span> <span class='ocrx_word' id='word_1_379' title='bbox 3418 2776 3494 2818; x_wconf 84' lang='lat' dir='ltr'><strong>ex</strong></span> <span class='ocrx_word' id='word_1_380' title='bbox 3544 2755 3945 2817; x_wconf 75' lang='lat' dir='ltr'><strong>sensibilium</strong></span> 
     </span>
     <span class='ocr_line' id='line_1_59' title="bbox 2460 2854 3941 2935; baseline -0.001 -18"><span class='ocrx_word' id='word_1_381' title='bbox 2460 2854 2843 2935; x_wconf 83' lang='lat' dir='ltr'><strong>cognitione,</strong></span> <span class='ocrx_word' id='word_1_382' title='bbox 2878 2862 2941 2917; x_wconf 90' lang='lat' dir='ltr'><strong>et</strong></span> <span class='ocrx_word' id='word_1_383' title='bbox 2972 2873 3084 2935; x_wconf 89' lang='lat' dir='ltr'><strong>per</strong></span> <span class='ocrx_word' id='word_1_384' title='bbox 3114 2854 3572 2935; x_wconf 86' lang='lat' dir='ltr'><strong>experientiam</strong></span> <span class='ocrx_word' id='word_1_385' title='bbox 3602 2854 3941 2935; x_wconf 90' lang='lat' dir='ltr'><strong>quamdam</strong></span> 
     </span>
     <span class='ocr_line' id='line_1_60' title="bbox 2462 2952 3941 3033; baseline -0.001 -18"><span class='ocrx_word' id='word_1_386' title='bbox 2462 2952 2753 3015; x_wconf 89' lang='lat' dir='ltr'><strong>homines</strong></span> <span class='ocrx_word' id='word_1_387' title='bbox 2810 2953 2888 3014; x_wconf 91' lang='lat' dir='ltr'><strong>ad</strong></span> <span class='ocrx_word' id='word_1_388' title='bbox 2943 2952 3046 3015; x_wconf 87' lang='lat' dir='ltr'><strong>Dei</strong></span> <span class='ocrx_word' id='word_1_389' title='bbox 3098 2952 3527 3033; x_wconf 87' lang='lat' dir='ltr'><strong>cognitionem</strong></span> <span class='ocrx_word' id='word_1_390' title='bbox 3580 2952 3941 3015; x_wconf 81' lang='lat' dir='ltr'><strong>deveniant.</strong></span> 
     </span>
    </p>
   </div>
   <div class='ocr_carea' id='block_1_13' title="bbox 866 3047 3949 3135">
    <p class='ocr_par' dir='ltr' id='par_1_25' title="bbox 866 3047 3949 3135">
     <span class='ocr_line' id='line_1_61' title="bbox 866 3047 3949 3135; baseline -0.001 -21"><span class='ocrx_word' id='word_1_391' title='bbox 866 3071 994 3135; x_wconf 93' lang='lat' dir='ltr'><strong>quo</strong></span> <span class='ocrx_word' id='word_1_392' title='bbox 1034 3052 1271 3127; x_wconf 90' lang='lat' dir='ltr'><strong>volant,</strong></span> <span class='ocrx_word' id='word_1_393' title='bbox 1309 3062 1367 3111; x_wconf 75' lang='lat' dir='ltr'><strong>et</strong></span> <span class='ocrx_word' id='word_1_394' title='bbox 1407 3054 1789 3114; x_wconf 76' lang='lat' dir='ltr'><strong>indicabunt</strong></span> <span class='ocrx_word' id='word_1_395' title='bbox 1831 3054 1974 3121; x_wconf 77' lang='lat' dir='ltr'><strong>tibi,</strong></span> <span class='ocrx_word' id='word_1_396' title='bbox 2008 3052 2351 3115; x_wconf 87' lang='lat' dir='ltr'><strong>materiali·</strong></span> <span class='ocrx_word' id='word_1_397' title='bbox 2386 3047 2430 3109; x_wconf 92' lang='lat' dir='ltr'>C</span> <span class='ocrx_word' id='word_1_398' title='bbox 2466 3052 2692 3114; x_wconf 80' lang='lat' dir='ltr'><strong>Nonne</strong></span> <span class='ocrx_word' id='word_1_399' title='bbox 2722 3053 2909 3111; x_wconf 75' lang='lat' dir='ltr'><strong>auri-s·</strong></span> <span class='ocrx_word' id='word_1_400' title='bbox 2947 3054 3134 3111; x_wconf 80' lang='lat' dir='ltr'><strong>verba</strong></span> <span class='ocrx_word' id='word_1_401' title='bbox 3176 3052 3557 3128; x_wconf 72' lang='lat' dir='ltr'><strong>dejudicat?</strong></span> <span class='ocrx_word' id='word_1_402' title='bbox 3587 3050 3653 3112; x_wconf 93' lang='lat' dir='ltr'><strong>id</strong></span> <span class='ocrx_word' id='word_1_403' title='bbox 3682 3058 3799 3127; x_wconf 90' lang='lat' dir='ltr'><strong>est,</strong></span> <span class='ocrx_word' id='word_1_404' title='bbox 3838 3070 3949 3112; x_wconf 90' lang='lat' dir='ltr'><strong>au-</strong></span> 
     </span>
    </p>
   </div>
   <div class='ocr_carea' id='block_1_14' title="bbox 2456 3149 3953 4217">
    <p class='ocr_par' dir='ltr' id='par_1_26' title="bbox 2456 3149 3953 4217">
     <span class='ocr_line' id='line_1_62' title="bbox 2462 3149 3945 3231; baseline 0.001 -22"><span class='ocrx_word' id='word_1_405' title='bbox 2462 3169 2561 3212; x_wconf 87' lang='lat' dir='ltr'><strong>res</strong></span> <span class='ocrx_word' id='word_1_406' title='bbox 2612 3168 2723 3231; x_wconf 90' lang='lat' dir='ltr'><strong>per</strong></span> <span class='ocrx_word' id='word_1_407' title='bbox 2774 3149 2904 3212; x_wconf 91' lang='lat' dir='ltr'><strong>vim</strong></span> <span class='ocrx_word' id='word_1_408' title='bbox 2956 3149 3305 3213; x_wconf 89' lang='lat' dir='ltr'><strong>auditivam</strong></span> <span class='ocrx_word' id='word_1_409' title='bbox 3348 3149 3413 3211; x_wconf 90' lang='lat' dir='ltr'><strong>in</strong></span> <span class='ocrx_word' id='word_1_410' title='bbox 3456 3149 3547 3212; x_wconf 89' lang='lat' dir='ltr'><strong>eis</strong></span> <span class='ocrx_word' id='word_1_411' title='bbox 3598 3149 3945 3230; x_wconf 85' lang='lat' dir='ltr'><strong>plantatam</strong></span> 
     </span>
     <span class='ocr_line' id='line_1_63' title="bbox 2456 3248 3946 3324; baseline -0.002 -13"><span class='ocrx_word' id='word_1_412' title='bbox 2456 3248 2651 3311; x_wconf 90' lang='lat' dir='ltr'><strong>verba</strong></span> <span class='ocrx_word' id='word_1_413' title='bbox 2699 3248 3037 3324; x_wconf 87' lang='lat' dir='ltr'><strong>audiend0,</strong></span> <span class='ocrx_word' id='word_1_414' title='bbox 3080 3266 3153 3310; x_wconf 91' lang='lat' dir='ltr'><strong>ea</strong></span> <span class='ocrx_word' id='word_1_415' title='bbox 3203 3248 3593 3324; x_wconf 89' lang='lat' dir='ltr'><strong>discernunt,</strong></span> <span class='ocrx_word' id='word_1_416' title='bbox 3646 3266 3835 3310; x_wconf 86' lang='lat' dir='ltr'><strong>voces</strong></span> <span class='ocrx_word' id='word_1_417' title='bbox 3882 3256 3946 3309; x_wconf 90' lang='lat' dir='ltr'><strong>et</strong></span> 
     </span>
     <span class='ocr_line' id='line_1_64' title="bbox 2457 3346 3949 3428; baseline -0.001 -20"><span class='ocrx_word' id='word_1_418' title='bbox 2457 3365 2647 3410; x_wconf 91' lang='lat' dir='ltr'><strong>sonos</strong></span> <span class='ocrx_word' id='word_1_419' title='bbox 2686 3346 3041 3408; x_wconf 88' lang='lat' dir='ltr'><strong>distinctim</strong></span> <span class='ocrx_word' id='word_1_420' title='bbox 3082 3346 3515 3428; x_wconf 89' lang='lat' dir='ltr'><strong>percipiendo.</strong></span> <span class='ocrx_word' id='word_1_421' title='bbox 3548 3346 3701 3409; x_wconf 89' lang='lat' dir='ltr'><strong>Nam</strong></span> <span class='ocrx_word' id='word_1_422' title='bbox 3738 3354 3800 3408; x_wconf 91' lang='lat' dir='ltr'><strong>et</strong></span> <span class='ocrx_word' id='word_1_423' title='bbox 3830 3348 3949 3408; x_wconf 81' lang='lat' dir='ltr'><strong>de-</strong></span> 
     </span>
     <span class='ocr_line' id='line_1_65' title="bbox 2460 3444 3949 3520; baseline 0 -14"><span class='ocrx_word' id='word_1_424' title='bbox 2460 3446 2771 3509; x_wconf 89' lang='lat' dir='ltr'><strong>lectantur</strong></span> <span class='ocrx_word' id='word_1_425' title='bbox 2803 3445 2869 3506; x_wconf 92' lang='lat' dir='ltr'><strong>in</strong></span> <span class='ocrx_word' id='word_1_426' title='bbox 2908 3462 3065 3507; x_wconf 90' lang='lat' dir='ltr'><strong>sono</strong></span> <span class='ocrx_word' id='word_1_427' title='bbox 3096 3445 3503 3507; x_wconf 86' lang='lat' dir='ltr'><strong>convenienti</strong></span> <span class='ocrx_word' id='word_1_428' title='bbox 3544 3464 3617 3506; x_wconf 91' lang='lat' dir='ltr'><strong>ac</strong></span> <span class='ocrx_word' id='word_1_429' title='bbox 3654 3444 3852 3520; x_wconf 78' lang='lat' dir='ltr'><strong>dulci,</strong></span> <span class='ocrx_word' id='word_1_430' title='bbox 3884 3453 3949 3507; x_wconf 91' lang='lat' dir='ltr'><strong>ct</strong></span> 
     </span>
     <span class='ocr_line' id='line_1_66' title="bbox 2458 3542 3947 3624; baseline -0.001 -19"><span class='ocrx_word' id='word_1_431' title='bbox 2458 3542 2841 3624; x_wconf 86' lang='lat' dir='ltr'><strong>affliguntur</strong></span> <span class='ocrx_word' id='word_1_432' title='bbox 2870 3543 2937 3605; x_wconf 92' lang='lat' dir='ltr'><strong>in</strong></span> <span class='ocrx_word' id='word_1_433' title='bbox 2960 3542 3210 3624; x_wconf 86' lang='lat' dir='ltr'><strong>objecto</strong></span> <span class='ocrx_word' id='word_1_434' title='bbox 3230 3542 3766 3606; x_wconf 88' lang='lat' dir='ltr'><strong>disconvenienti.</strong></span> <span class='ocrx_word' id='word_1_435' title='bbox 3784 3543 3947 3605; x_wconf 89' lang='lat' dir='ltr'><strong>Hinc</strong></span> 
     </span>
     <span class='ocr_line' id='line_1_67' title="bbox 2458 3642 3947 3723; baseline -0.001 -18"><span class='ocrx_word' id='word_1_436' title='bbox 2458 3643 2547 3705; x_wconf 93' lang='lat' dir='ltr'><strong>ait</strong></span> <span class='ocrx_word' id='word_1_437' title='bbox 2576 3642 2913 3721; x_wconf 86' lang='lat' dir='ltr'><strong>Gregorius</strong></span> <span class='ocrx_word' id='word_1_438' title='bbox 2941 3642 3269 3722; x_wconf 88' lang='lat' dir='ltr'><strong>:Quinque</strong></span> <span class='ocrx_word' id='word_1_439' title='bbox 3300 3660 3525 3705; x_wconf 88' lang='lat' dir='ltr'><strong>sensus</strong></span> <span class='ocrx_word' id='word_1_440' title='bbox 3556 3642 3843 3723; x_wconf 89' lang='lat' dir='ltr'><strong>corporis</strong></span> <span class='ocrx_word' id='word_1_441' title='bbox 3878 3642 3947 3703; x_wconf 88' lang='lat' dir='ltr'><strong>in</strong></span> 
     </span>
     <span class='ocr_line' id='line_1_68' title="bbox 2459 3739 3950 3822; baseline 0 -19"><span class='ocrx_word' id='word_1_442' title='bbox 2459 3760 2648 3803; x_wconf 90' lang='lat' dir='ltr'><strong>omne</strong></span> <span class='ocrx_word' id='word_1_443' title='bbox 2686 3741 2856 3822; x_wconf 93' lang='lat' dir='ltr'><strong>quod</strong></span> <span class='ocrx_word' id='word_1_444' title='bbox 2896 3739 3179 3803; x_wconf 87' lang='lat' dir='ltr'><strong>sentiunt</strong></span> <span class='ocrx_word' id='word_1_445' title='bbox 3216 3747 3280 3803; x_wconf 90' lang='lat' dir='ltr'><strong>et</strong></span> <span class='ocrx_word' id='word_1_446' title='bbox 3319 3739 3713 3815; x_wconf 87' lang='lat' dir='ltr'><strong>discernunt,</strong></span> <span class='ocrx_word' id='word_1_447' title='bbox 3748 3740 3950 3805; x_wconf 88' lang='lat' dir='ltr'><strong>virtu-</strong></span> 
     </span>
     <span class='ocr_line' id='line_1_69' title="bbox 2460 3838 3953 3903; baseline -0.001 -2"><span class='ocrx_word' id='word_1_448' title='bbox 2460 3847 2590 3901; x_wconf 88' lang='lat' dir='ltr'><strong>tem</strong></span> <span class='ocrx_word' id='word_1_449' title='bbox 2632 3838 3037 3903; x_wconf 88' lang='lat' dir='ltr'><strong>discretionis</strong></span> <span class='ocrx_word' id='word_1_450' title='bbox 3071 3846 3133 3899; x_wconf 89' lang='lat' dir='ltr'><strong>et</strong></span> <span class='ocrx_word' id='word_1_451' title='bbox 3176 3857 3401 3901; x_wconf 88' lang='lat' dir='ltr'><strong>sensus</strong></span> <span class='ocrx_word' id='word_1_452' title='bbox 3445 3857 3482 3900; x_wconf 90' lang='lat' dir='ltr'><strong>a</strong></span> <span class='ocrx_word' id='word_1_453' title='bbox 3524 3840 3784 3902; x_wconf 88' lang='lat' dir='ltr'><strong>cerebro</strong></span> <span class='ocrx_word' id='word_1_454' title='bbox 3826 3847 3953 3900; x_wconf 83' lang='lat' dir='ltr'><strong>tra-</strong></span> 
     </span>
     <span class='ocr_line' id='line_1_70' title="bbox 2464 3937 3944 4019; baseline -0.001 -19"><span class='ocrx_word' id='word_1_455' title='bbox 2464 3939 2646 4000; x_wconf 89' lang='lat' dir='ltr'><strong>hunt.</strong></span> <span class='ocrx_word' id='word_1_456' title='bbox 2698 3937 2968 3999; x_wconf 89' lang='lat' dir='ltr'><strong>Basilius</strong></span> <span class='ocrx_word' id='word_1_457' title='bbox 3018 3956 3274 4019; x_wconf 89' lang='lat' dir='ltr'><strong>quoque</strong></span> <span class='ocrx_word' id='word_1_458' title='bbox 3310 3954 3325 3998; x_wconf 76' lang='grc' dir='ltr'>ε</span> <span class='ocrx_word' id='word_1_459' title='bbox 3360 3937 3667 4008; x_wconf 85' lang='lat' dir='ltr'><strong>Concava,</strong></span> <span class='ocrx_word' id='word_1_460' title='bbox 3712 3937 3944 4017; x_wconf 78' lang='lat' dir='ltr'><strong>inquit,</strong></span> 
     </span>
     <span class='ocr_line' id='line_1_71' title="bbox 2462 4034 3949 4118; baseline -0.003 -18"><span class='ocrx_word' id='word_1_461' title='bbox 2462 4045 2560 4101; x_wconf 90' lang='lat' dir='ltr'><strong>est</strong></span> <span class='ocrx_word' id='word_1_462' title='bbox 2595 4037 2791 4113; x_wconf 81' lang='lat' dir='ltr'><strong>auriS,</strong></span> <span class='ocrx_word' id='word_1_463' title='bbox 2828 4045 2899 4099; x_wconf 88' lang='lat' dir='ltr'><strong>ut</strong></span> <span class='ocrx_word' id='word_1_464' title='bbox 2943 4034 3261 4118; x_wconf 80' lang='lat' dir='ltr'><strong>profunde</strong></span> <span class='ocrx_word' id='word_1_465' title='bbox 3302 4036 3613 4116; x_wconf 81' lang='lat' dir='ltr'><strong>recipiat3</strong></span> <span class='ocrx_word' id='word_1_466' title='bbox 3652 4035 3949 4099; x_wconf 90' lang='lat' dir='ltr'><strong>sordibus</strong></span> 
     </span>
     <span class='ocr_line' id='line_1_72' title="bbox 2463 4133 3951 4217; baseline -0.002 -17"><span class='ocrx_word' id='word_1_467' title='bbox 2463 4136 2797 4200; x_wconf 89' lang='lat' dir='ltr'><strong>cholericis</strong></span> <span class='ocrx_word' id='word_1_468' title='bbox 2830 4133 3068 4198; x_wconf 89' lang='lat' dir='ltr'><strong>infecta</strong></span> <span class='ocrx_word' id='word_1_469' title='bbox 3097 4134 3381 4211; x_wconf 90' lang='lat' dir='ltr'><strong>viscosis,</strong></span> <span class='ocrx_word' id='word_1_470' title='bbox 3420 4143 3489 4197; x_wconf 92' lang='lat' dir='ltr'><strong>ut</strong></span> <span class='ocrx_word' id='word_1_471' title='bbox 3521 4143 3765 4209; x_wconf 83' lang='lat' dir='ltr'><strong>teneat3</strong></span> <span class='ocrx_word' id='word_1_472' title='bbox 3792 4144 3951 4217; x_wconf 73' lang='lat' dir='ltr'><strong>tym-</strong></span> 
     </span>
    </p>
   </div>
   <div class='ocr_carea' id='block_1_15' title="bbox 862 4232 3952 4318">
    <p class='ocr_par' dir='ltr' id='par_1_27' title="bbox 862 4232 3952 4318">
     <span class='ocr_line' id='line_1_73' title="bbox 862 4232 3952 4318; baseline 0.001 -24"><span class='ocrx_word' id='word_1_473' title='bbox 862 4250 976 4295; x_wconf 88' lang='lat' dir='ltr'><strong>ens</strong></span> <span class='ocrx_word' id='word_1_474' title='bbox 1006 4250 1118 4313; x_wconf 90' lang='lat' dir='ltr'><strong>per</strong></span> <span class='ocrx_word' id='word_1_475' title='bbox 1149 4232 1512 4308; x_wconf 87' lang='lat' dir='ltr'><strong>essentiam,</strong></span> <span class='ocrx_word' id='word_1_476' title='bbox 1533 4251 1570 4295; x_wconf 89' lang='lat' dir='ltr'><strong>a</strong></span> <span class='ocrx_word' id='word_1_477' title='bbox 1600 4251 1726 4313; x_wconf 93' lang='lat' dir='ltr'><strong>quo</strong></span> <span class='ocrx_word' id='word_1_478' title='bbox 1759 4232 2064 4295; x_wconf 82' lang='lat' dir='ltr'><strong>fluxerint</strong></span> <span class='ocrx_word' id='word_1_479' title='bbox 2095 4234 2353 4296; x_wconf 90' lang='lat' dir='ltr'><strong>univer-</strong></span> <span class='ocrx_word' id='word_1_480' title='bbox 2383 4233 2433 4294; x_wconf 96' lang='lat' dir='ltr'><strong>D</strong></span> <span class='ocrx_word' id='word_1_481' title='bbox 2466 4254 2629 4318; x_wconf 90' lang='lat' dir='ltr'><strong>pano</strong></span> <span class='ocrx_word' id='word_1_482' title='bbox 2659 4234 2837 4297; x_wconf 91' lang='lat' dir='ltr'><strong>arido</strong></span> <span class='ocrx_word' id='word_1_483' title='bbox 2868 4232 3170 4315; x_wconf 87' lang='lat' dir='ltr'><strong>perfecta,</strong></span> <span class='ocrx_word' id='word_1_484' title='bbox 3190 4242 3259 4296; x_wconf 93' lang='lat' dir='ltr'><strong>ut</strong></span> <span class='ocrx_word' id='word_1_485' title='bbox 3292 4232 3480 4297; x_wconf 87' lang='lat' dir='ltr'><strong>facile</strong></span> <span class='ocrx_word' id='word_1_486' title='bbox 3510 4235 3779 4307; x_wconf 83' lang='lat' dir='ltr'><strong>sentiat3</strong></span> <span class='ocrx_word' id='word_1_487' title='bbox 3816 4236 3952 4315; x_wconf 90' lang='lat' dir='ltr'><strong>qui-</strong></span> 
     </span>
    </p>
   </div>
   <div class='ocr_carea' id='block_1_16' title="bbox 591 4329 2360 5396">
    <p class='ocr_par' dir='ltr' id='par_1_28' title="bbox 862 4329 1768 4410">
     <span class='ocr_line' id='line_1_74' title="bbox 862 4329 1768 4410; baseline 0 -19"><span class='ocrx_word' id='word_1_488' title='bbox 862 4349 932 4391; x_wconf 90' lang='lat' dir='ltr'><strong>sa</strong></span> <span class='ocrx_word' id='word_1_489' title='bbox 968 4347 981 4391; x_wconf 92' lang='lat'>:</span> <span class='ocrx_word' id='word_1_490' title='bbox 1017 4329 1186 4410; x_wconf 93' lang='lat' dir='ltr'><strong>quod</strong></span> <span class='ocrx_word' id='word_1_491' title='bbox 1219 4329 1414 4391; x_wconf 91' lang='lat' dir='ltr'><strong>Deum</strong></span> <span class='ocrx_word' id='word_1_492' title='bbox 1448 4347 1768 4393; x_wconf 80' lang='lat' dir='ltr'><strong>vocamuS.</strong></span> 
     </span>
    </p>

    <p class='ocr_par' dir='ltr' id='par_1_29' title="bbox 862 4427 2359 5103">
     <span class='ocr_line' id='line_1_75' title="bbox 941 4427 2352 4509; baseline 0.002 -20"><span class='ocrx_word' id='word_1_493' title='bbox 941 4428 1199 4509; x_wconf 89' lang='lat' dir='ltr'><strong>Propter</strong></span> <span class='ocrx_word' id='word_1_494' title='bbox 1228 4428 1398 4508; x_wconf 92' lang='lat' dir='ltr'><strong>quod</strong></span> <span class='ocrx_word' id='word_1_495' title='bbox 1431 4427 1725 4490; x_wconf 91' lang='lat' dir='ltr'><strong>subditur</strong></span> <span class='ocrx_word' id='word_1_496' title='bbox 1751 4446 1765 4490; x_wconf 90' lang='lat'>:</span> <span class='ocrx_word' id='word_1_497' title='bbox 1795 4432 1951 4498; x_wconf 76' lang='lat' dir='ltr'><strong>Quis</strong></span> <span class='ocrx_word' id='word_1_498' title='bbox 1983 4432 2263 4507; x_wconf 73' lang='lat' dir='ltr'><strong>iynorat,</strong></span> <span class='ocrx_word' id='word_1_499' title='bbox 2298 4431 2352 4492; x_wconf 93' lang='lat' dir='ltr'><strong>si</strong></span> 
     </span>
     <span class='ocr_line' id='line_1_76' title="bbox 862 4525 2353 4607; baseline 0 -17"><span class='ocrx_word' id='word_1_500' title='bbox 862 4526 1154 4591; x_wconf 83' lang='lat' dir='ltr'><strong>ordinem</strong></span> <span class='ocrx_word' id='word_1_501' title='bbox 1211 4525 1491 4588; x_wconf 90' lang='lat' dir='ltr'><strong>universi</strong></span> <span class='ocrx_word' id='word_1_502' title='bbox 1559 4544 1900 4607; x_wconf 90' lang='lat' dir='ltr'><strong>rerumque</strong></span> <span class='ocrx_word' id='word_1_503' title='bbox 1964 4536 2221 4590; x_wconf 89' lang='lat' dir='ltr'><strong>naturas</strong></span> <span class='ocrx_word' id='word_1_504' title='bbox 2280 4548 2353 4591; x_wconf 92' lang='lat' dir='ltr'><strong>ac</strong></span> 
     </span>
     <span class='ocr_line' id='line_1_77' title="bbox 865 4624 2349 4707; baseline 0.003 -22"><span class='ocrx_word' id='word_1_505' title='bbox 865 4624 1306 4707; x_wconf 81' lang='lat' dir='ltr'><strong>proprietateS,</strong></span> <span class='ocrx_word' id='word_1_506' title='bbox 1355 4625 1637 4702; x_wconf 89' lang='lat' dir='ltr'><strong>modum,</strong></span> <span class='ocrx_word' id='word_1_507' title='bbox 1681 4625 1980 4707; x_wconf 87' lang='lat' dir='ltr'><strong>speciem,</strong></span> <span class='ocrx_word' id='word_1_508' title='bbox 2035 4626 2349 4705; x_wconf 88' lang='lat' dir='ltr'><strong>ordinem,</strong></span> 
     </span>
     <span class='ocr_line' id='line_1_78' title="bbox 868 4724 2353 4805; baseline 0.001 -21"><span class='ocrx_word' id='word_1_509' title='bbox 868 4743 980 4785; x_wconf 88' lang='lat' dir='ltr'><strong>seu</strong></span> <span class='ocrx_word' id='word_1_510' title='bbox 1023 4741 1380 4800; x_wconf 86' lang='lat' dir='ltr'><strong>numerum,</strong></span> <span class='ocrx_word' id='word_1_511' title='bbox 1417 4724 1664 4805; x_wconf 91' lang='lat' dir='ltr'><strong>pondus</strong></span> <span class='ocrx_word' id='word_1_512' title='bbox 1699 4732 1763 4785; x_wconf 92' lang='lat' dir='ltr'><strong>et</strong></span> <span class='ocrx_word' id='word_1_513' title='bbox 1801 4744 2166 4787; x_wconf 86' lang='lat' dir='ltr'><strong>mensuram</strong></span> <span class='ocrx_word' id='word_1_514' title='bbox 2200 4744 2353 4787; x_wconf 89' lang='lat' dir='ltr'><strong>con·</strong></span> 
     </span>
     <span class='ocr_line' id='line_1_79' title="bbox 870 4821 2350 4901; baseline -0.001 -18"><span class='ocrx_word' id='word_1_515' title='bbox 870 4821 1125 4898; x_wconf 81' lang='lat' dir='ltr'><strong>sideret,</strong></span> <span class='ocrx_word' id='word_1_516' title='bbox 1163 4825 1333 4901; x_wconf 80' lang='lat' dir='ltr'><strong>quod</strong></span> <span class='ocrx_word' id='word_1_517' title='bbox 1371 4825 1504 4883; x_wconf 69' lang='lat' dir='ltr'><strong>lucc</strong></span> <span class='ocrx_word' id='word_1_518' title='bbox 1540 4826 1760 4883; x_wconf 81' lang='lat' dir='ltr'><strong>omnia</strong></span> <span class='ocrx_word' id='word_1_519' title='bbox 1799 4844 2032 4885; x_wconf 79' lang='lat' dir='ltr'><strong>manus</strong></span> <span class='ocrx_word' id='word_1_520' title='bbox 2061 4826 2350 4897; x_wconf 79' lang='lat' dir='ltr'><strong>Domini,</strong></span> 
     </span>
     <span class='ocr_line' id='line_1_80' title="bbox 871 4919 2357 5001; baseline 0.001 -18"><span class='ocrx_word' id='word_1_521' title='bbox 871 4920 936 4983; x_wconf 91' lang='lat' dir='ltr'><strong>id</strong></span> <span class='ocrx_word' id='word_1_522' title='bbox 984 4928 1081 4984; x_wconf 90' lang='lat' dir='ltr'><strong>est</strong></span> <span class='ocrx_word' id='word_1_523' title='bbox 1129 4919 1588 5001; x_wconf 88' lang='lat' dir='ltr'><strong>omnipotentia</strong></span> <span class='ocrx_word' id='word_1_524' title='bbox 1635 4919 1768 4997; x_wconf 89' lang='lat' dir='ltr'><strong>Dei,</strong></span> <span class='ocrx_word' id='word_1_525' title='bbox 1821 4923 2096 4999; x_wconf 78' lang='lat' dir='ltr'><strong>fecerit?</strong></span> <span class='ocrx_word' id='word_1_526' title='bbox 2131 4921 2357 4985; x_wconf 85' lang='lat' dir='ltr'><strong>Omnia</strong></span> 
     </span>
     <span class='ocr_line' id='line_1_81' title="bbox 871 5017 2359 5103; baseline 0 -21"><span class='ocrx_word' id='word_1_527' title='bbox 871 5038 1102 5101; x_wconf 91' lang='lat' dir='ltr'><strong>nempe</strong></span> <span class='ocrx_word' id='word_1_528' title='bbox 1148 5017 1559 5095; x_wconf 89' lang='lat' dir='ltr'><strong>confitentur,</strong></span> <span class='ocrx_word' id='word_1_529' title='bbox 1608 5020 1917 5100; x_wconf 89' lang='lat' dir='ltr'><strong>pandunt,</strong></span> <span class='ocrx_word' id='word_1_530' title='bbox 1971 5022 2359 5103; x_wconf 89' lang='lat' dir='ltr'><strong>respondent</strong></span> 
     </span>
    </p>

    <p class='ocr_par' dir='ltr' id='par_1_30' title="bbox 591 5117 2360 5396">
     <span class='ocr_line' id='line_1_82' title="bbox 591 5117 2353 5201; baseline 0.004 -26"><span class='ocrx_word' id='word_1_531' title='bbox 591 5132 842 5185; x_wconf 74' lang='lat' dir='ltr'><strong>Pumx‚a.</strong></span> <span class='ocrx_word' id='word_1_532' title='bbox 873 5138 941 5181; x_wconf 90' lang='lat' dir='ltr'><strong>se</strong></span> <span class='ocrx_word' id='word_1_533' title='bbox 972 5117 1161 5194; x_wconf 88' lang='lat' dir='ltr'><strong>facta,</strong></span> <span class='ocrx_word' id='word_1_534' title='bbox 1193 5126 1382 5198; x_wconf 87' lang='lat' dir='ltr'><strong>atque</strong></span> <span class='ocrx_word' id='word_1_535' title='bbox 1421 5117 1820 5179; x_wconf 91' lang='lat' dir='ltr'><strong>concorditer</strong></span> <span class='ocrx_word' id='word_1_536' title='bbox 1853 5118 2130 5181; x_wconf 86' lang='lat' dir='ltr'><strong>clamant</strong></span> <span class='ocrx_word' id='word_1_537' title='bbox 2166 5138 2179 5181; x_wconf 92' lang='lat'>:</span> <span class='ocrx_word' id='word_1_538' title='bbox 2215 5120 2353 5201; x_wconf 91' lang='lat' dir='ltr'><strong>lpse</strong></span> 
     </span>
     <span class='ocr_line' id='line_1_83' title="bbox 875 5214 2360 5297; baseline 0.001 -19"><span class='ocrx_word' id='word_1_539' title='bbox 875 5217 1028 5279; x_wconf 88' lang='lat' dir='ltr'><strong>fecit</strong></span> <span class='ocrx_word' id='word_1_540' title='bbox 1067 5235 1205 5294; x_wconf 81' lang='lat' dir='ltr'><strong>nOS,</strong></span> <span class='ocrx_word' id='word_1_541' title='bbox 1239 5224 1303 5278; x_wconf 88' lang='lat' dir='ltr'><strong>et</strong></span> <span class='ocrx_word' id='word_1_542' title='bbox 1335 5234 1461 5279; x_wconf 91' lang='lat' dir='ltr'><strong>non</strong></span> <span class='ocrx_word' id='word_1_543' title='bbox 1505 5214 1625 5297; x_wconf 89' lang='lat' dir='ltr'><strong>ipsi</strong></span> <span class='ocrx_word' id='word_1_544' title='bbox 1669 5235 1804 5279; x_wconf 81' lang='lat' dir='ltr'><strong>nOS.</strong></span> <span class='ocrx_word' id='word_1_545' title='bbox 1846 5215 2006 5291; x_wconf 89' lang='lat' dir='ltr'><strong>Quid</strong></span> <span class='ocrx_word' id='word_1_546' title='bbox 2047 5217 2220 5280; x_wconf 91' lang='lat' dir='ltr'><strong>enim</strong></span> <span class='ocrx_word' id='word_1_547' title='bbox 2262 5226 2360 5281; x_wconf 90' lang='lat' dir='ltr'><strong>est</strong></span> 
     </span>
     <span class='ocr_line' id='line_1_84' title="bbox 871 5314 2346 5396; baseline 0.001 -19"><span class='ocrx_word' id='word_1_548' title='bbox 871 5314 1174 5396; x_wconf 82' lang='lat' dir='ltr'><strong>quaelibet</strong></span> <span class='ocrx_word' id='word_1_549' title='bbox 1200 5323 1506 5389; x_wconf 88' lang='lat' dir='ltr'><strong>creatura,</strong></span> <span class='ocrx_word' id='word_1_550' title='bbox 1531 5314 1657 5375; x_wconf 91' lang='lat' dir='ltr'><strong>nisi</strong></span> <span class='ocrx_word' id='word_1_551' title='bbox 1689 5314 1900 5377; x_wconf 90' lang='lat' dir='ltr'><strong>radius</strong></span> <span class='ocrx_word' id='word_1_552' title='bbox 1919 5316 2254 5393; x_wconf 88' lang='lat' dir='ltr'><strong>Creatoris,</strong></span> <span class='ocrx_word' id='word_1_553' title='bbox 2279 5317 2346 5379; x_wconf 92' lang='lat' dir='ltr'><strong>in</strong></span> 
     </span>
    </p>
   </div>
   <div class='ocr_carea' id='block_1_17' title="bbox 2463 4332 3957 5383">
    <p class='ocr_par' dir='ltr' id='par_1_31' title="bbox 2463 4332 3957 5383">
     <span class='ocr_line' id='line_1_85' title="bbox 2464 4332 3951 4415; baseline -0.001 -18"><span class='ocrx_word' id='word_1_554' title='bbox 2464 4342 2566 4398; x_wconf 91' lang='lat' dir='ltr'><strong>eto</strong></span> <span class='ocrx_word' id='word_1_555' title='bbox 2605 4352 2751 4396; x_wconf 89' lang='lat' dir='ltr'><strong>aere</strong></span> <span class='ocrx_word' id='word_1_556' title='bbox 2795 4332 3003 4414; x_wconf 89' lang='lat' dir='ltr'><strong>plena,</strong></span> <span class='ocrx_word' id='word_1_557' title='bbox 3039 4340 3106 4394; x_wconf 93' lang='lat' dir='ltr'><strong>ut</strong></span> <span class='ocrx_word' id='word_1_558' title='bbox 3152 4332 3367 4394; x_wconf 91' lang='lat' dir='ltr'><strong>nullus</strong></span> <span class='ocrx_word' id='word_1_559' title='bbox 3408 4333 3717 4394; x_wconf 90' lang='lat' dir='ltr'><strong>tumultus</strong></span> <span class='ocrx_word' id='word_1_560' title='bbox 3753 4332 3951 4415; x_wconf 81' lang='lat' dir='ltr'><strong>impe·</strong></span> 
     </span>
     <span class='ocr_line' id='line_1_86' title="bbox 2463 4430 3953 4511; baseline 0 -18"><span class='ocrx_word' id='word_1_561' title='bbox 2463 4432 2617 4495; x_wconf 90' lang='lat' dir='ltr'><strong>diat.</strong></span> <span class='ocrx_word' id='word_1_562' title='bbox 2653 4434 2737 4493; x_wconf 76' lang='lat' dir='ltr'><strong>Ec</strong></span> <span class='ocrx_word' id='word_1_563' title='bbox 2774 4432 2993 4508; x_wconf 83' lang='lat' dir='ltr'><strong>fauces</strong></span> <span class='ocrx_word' id='word_1_564' title='bbox 3030 4433 3431 4501; x_wconf 72' lang='lat' dir='ltr'><strong>comedenti-5,</strong></span> <span class='ocrx_word' id='word_1_565' title='bbox 3467 4430 3531 4491; x_wconf 94' lang='lat' dir='ltr'><strong>in</strong></span> <span class='ocrx_word' id='word_1_566' title='bbox 3577 4430 3813 4511; x_wconf 83' lang='lat' dir='ltr'><strong>quibus</strong></span> <span class='ocrx_word' id='word_1_567' title='bbox 3852 4440 3953 4493; x_wconf 87' lang='lat' dir='ltr'><strong>est</strong></span> 
     </span>
     <span class='ocr_line' id='line_1_87' title="bbox 2465 4528 3945 4609; baseline -0.001 -17"><span class='ocrx_word' id='word_1_568' title='bbox 2465 4549 2687 4593; x_wconf 89' lang='lat' dir='ltr'><strong>sensus</strong></span> <span class='ocrx_word' id='word_1_569' title='bbox 2717 4537 2961 4607; x_wconf 80' lang='lat' dir='ltr'><strong>gustuS,</strong></span> <span class='ocrx_word' id='word_1_570' title='bbox 2992 4548 3280 4605; x_wconf 84' lang='lat' dir='ltr'><strong>saporem</strong></span> <span class='ocrx_word' id='word_1_571' title='bbox 3309 4528 3682 4609; x_wconf 86' lang='lat' dir='ltr'><strong>dijudicant.</strong></span> <span class='ocrx_word' id='word_1_572' title='bbox 3718 4528 3945 4591; x_wconf 88' lang='lat' dir='ltr'><strong>Cibum</strong></span> 
     </span>
     <span class='ocr_line' id='line_1_88' title="bbox 2465 4627 3949 4709; baseline -0.001 -19"><span class='ocrx_word' id='word_1_573' title='bbox 2465 4629 2635 4690; x_wconf 90' lang='lat' dir='ltr'><strong>enim</strong></span> <span class='ocrx_word' id='word_1_574' title='bbox 2668 4628 3012 4690; x_wconf 84' lang='lat' dir='ltr'><strong>contritum</strong></span> <span class='ocrx_word' id='word_1_575' title='bbox 3044 4636 3107 4689; x_wconf 89' lang='lat' dir='ltr'><strong>et</strong></span> <span class='ocrx_word' id='word_1_576' title='bbox 3138 4627 3421 4708; x_wconf 90' lang='lat' dir='ltr'><strong>undique</strong></span> <span class='ocrx_word' id='word_1_577' title='bbox 3452 4635 3710 4703; x_wconf 87' lang='lat' dir='ltr'><strong>tactum,</strong></span> <span class='ocrx_word' id='word_1_578' title='bbox 3742 4646 3949 4709; x_wconf 86' lang='lat' dir='ltr'><strong>quan-</strong></span> 
     </span>
     <span class='ocr_line' id='line_1_89' title="bbox 2470 4726 3949 4808; baseline -0.001 -19"><span class='ocrx_word' id='word_1_579' title='bbox 2470 4736 2603 4789; x_wconf 91' lang='lat' dir='ltr'><strong>tum</strong></span> <span class='ocrx_word' id='word_1_580' title='bbox 2643 4728 2720 4789; x_wconf 89' lang='lat' dir='ltr'><strong>ad</strong></span> <span class='ocrx_word' id='word_1_581' title='bbox 2762 4745 3075 4808; x_wconf 89' lang='lat' dir='ltr'><strong>saporem,</strong></span> <span class='ocrx_word' id='word_1_582' title='bbox 3111 4727 3502 4788; x_wconf 89' lang='lat' dir='ltr'><strong>discernunt.</strong></span> <span class='ocrx_word' id='word_1_583' title='bbox 3536 4726 3705 4789; x_wconf 86' lang='lat' dir='ltr'><strong>Facit</strong></span> <span class='ocrx_word' id='word_1_584' title='bbox 3736 4734 3949 4789; x_wconf 90' lang='lat' dir='ltr'><strong>autem</strong></span> 
     </span>
     <span class='ocr_line' id='line_1_90' title="bbox 2465 4825 3955 4907; baseline -0.001 -19"><span class='ocrx_word' id='word_1_585' title='bbox 2465 4826 2853 4889; x_wconf 91' lang='lat' dir='ltr'><strong>mentionem</strong></span> <span class='ocrx_word' id='word_1_586' title='bbox 2884 4826 2963 4887; x_wconf 91' lang='lat' dir='ltr'><strong>de</strong></span> <span class='ocrx_word' id='word_1_587' title='bbox 2992 4825 3211 4887; x_wconf 88' lang='lat' dir='ltr'><strong>auditu</strong></span> <span class='ocrx_word' id='word_1_588' title='bbox 3242 4833 3305 4887; x_wconf 88' lang='lat' dir='ltr'><strong>et</strong></span> <span class='ocrx_word' id='word_1_589' title='bbox 3340 4834 3553 4904; x_wconf 85' lang='lat' dir='ltr'><strong>gustu,</strong></span> <span class='ocrx_word' id='word_1_590' title='bbox 3586 4825 3735 4907; x_wconf 92' lang='lat' dir='ltr'><strong>quia</strong></span> <span class='ocrx_word' id='word_1_591' title='bbox 3774 4825 3955 4887; x_wconf 86' lang='lat' dir='ltr'><strong>audi·</strong></span> 
     </span>
     <span class='ocr_line' id='line_1_91' title="bbox 2466 4922 3956 5004; baseline -0.003 -16"><span class='ocrx_word' id='word_1_592' title='bbox 2466 4934 2566 4988; x_wconf 86' lang='lat' dir='ltr'><strong>tus</strong></span> <span class='ocrx_word' id='word_1_593' title='bbox 2596 4932 2693 4987; x_wconf 89' lang='lat' dir='ltr'><strong>est</strong></span> <span class='ocrx_word' id='word_1_594' title='bbox 2730 4942 2953 4986; x_wconf 90' lang='lat' dir='ltr'><strong>sensus</strong></span> <span class='ocrx_word' id='word_1_595' title='bbox 2996 4922 3373 5004; x_wconf 82' lang='lat' dir='ltr'><strong>disciplinae,</strong></span> <span class='ocrx_word' id='word_1_596' title='bbox 3416 4924 3765 4986; x_wconf 91' lang='lat' dir='ltr'><strong>secundum</strong></span> <span class='ocrx_word' id='word_1_597' title='bbox 3808 4923 3956 4985; x_wconf 90' lang='lat' dir='ltr'><strong>Phi-</strong></span> 
     </span>
     <span class='ocr_line' id='line_1_92' title="bbox 2467 5019 3957 5103; baseline -0.001 -20"><span class='ocrx_word' id='word_1_598' title='bbox 2467 5021 2825 5103; x_wconf 90' lang='lat' dir='ltr'><strong>losophum.</strong></span> <span class='ocrx_word' id='word_1_599' title='bbox 2876 5020 2990 5083; x_wconf 90' lang='lat' dir='ltr'><strong>Per</strong></span> <span class='ocrx_word' id='word_1_600' title='bbox 3027 5019 3313 5082; x_wconf 90' lang='lat' dir='ltr'><strong>auditum</strong></span> <span class='ocrx_word' id='word_1_601' title='bbox 3364 5020 3537 5082; x_wconf 90' lang='lat' dir='ltr'><strong>enim</strong></span> <span class='ocrx_word' id='word_1_602' title='bbox 3592 5020 3779 5102; x_wconf 90' lang='lat' dir='ltr'><strong>plura</strong></span> <span class='ocrx_word' id='word_1_603' title='bbox 3824 5021 3957 5082; x_wconf 85' lang='lat' dir='ltr'><strong>dis-</strong></span> 
     </span>
     <span class='ocr_line' id='line_1_93' title="bbox 2467 5118 3949 5199; baseline -0.001 -16"><span class='ocrx_word' id='word_1_604' title='bbox 2467 5128 2717 5194; x_wconf 88' lang='lat' dir='ltr'><strong>cuntur,</strong></span> <span class='ocrx_word' id='word_1_605' title='bbox 2752 5138 2942 5199; x_wconf 89' lang='lat' dir='ltr'><strong>quam</strong></span> <span class='ocrx_word' id='word_1_606' title='bbox 2991 5136 3101 5199; x_wconf 90' lang='lat' dir='ltr'><strong>per</strong></span> <span class='ocrx_word' id='word_1_607' title='bbox 3144 5118 3339 5179; x_wconf 90' lang='lat' dir='ltr'><strong>alium</strong></span> <span class='ocrx_word' id='word_1_608' title='bbox 3390 5137 3670 5180; x_wconf 91' lang='lat' dir='ltr'><strong>sensum.</strong></span> <span class='ocrx_word' id='word_1_609' title='bbox 3712 5118 3949 5181; x_wconf 88' lang='lat' dir='ltr'><strong>Gustus</strong></span> 
     </span>
     <span class='ocr_line' id='line_1_94' title="bbox 2468 5215 3947 5298; baseline -0.001 -17"><span class='ocrx_word' id='word_1_610' title='bbox 2468 5236 2620 5281; x_wconf 87' lang='lat' dir='ltr'><strong>vero</strong></span> <span class='ocrx_word' id='word_1_611' title='bbox 2666 5226 2763 5280; x_wconf 87' lang='lat' dir='ltr'><strong>est</strong></span> <span class='ocrx_word' id='word_1_612' title='bbox 2816 5216 3218 5298; x_wconf 89' lang='lat' dir='ltr'><strong>perceptivus</strong></span> <span class='ocrx_word' id='word_1_613' title='bbox 3274 5215 3749 5295; x_wconf 88' lang='lat' dir='ltr'><strong>alimentorum,</strong></span> <span class='ocrx_word' id='word_1_614' title='bbox 3800 5236 3947 5298; x_wconf 79' lang='lat' dir='ltr'><strong>quae</strong></span> 
     </span>
     <span class='ocr_line' id='line_1_95' title="bbox 2470 5313 3955 5383; baseline 0.001 -3"><span class='ocrx_word' id='word_1_615' title='bbox 2470 5318 2548 5381; x_wconf 86' lang='lat' dir='ltr'><strong>ad</strong></span> <span class='ocrx_word' id='word_1_616' title='bbox 2585 5316 2733 5380; x_wconf 74' lang='lat' dir='ltr'><strong>vitae</strong></span> <span class='ocrx_word' id='word_1_617' title='bbox 2776 5313 3325 5379; x_wconf 83' lang='lat' dir='ltr'><strong>conservationem</strong></span> <span class='ocrx_word' id='word_1_618' title='bbox 3362 5316 3717 5379; x_wconf 88' lang='lat' dir='ltr'><strong>necessaria</strong></span> <span class='ocrx_word' id='word_1_619' title='bbox 3762 5324 3955 5383; x_wconf 84' lang='lat' dir='ltr'><strong>sunt.</strong></span> 
     </span>
    </p>
   </div>
  </div>
 </body>
</html>
