4309 6259
653 4054 665 4069 ⁵
695 4053 820 4097 abeo

632 3461 740 3507 Osee
759 3477 825 3505 vin

583 3528 650 3569 12.

861 503 981 569 466

1695 517 2044 565 manuario
2086 518 2147 563 m
2191 516 2329 563 CAP-
2373 514 2439 561 xl
2477 514 2603 560 «1οΒ.
2649 532 2729 543 -
2769 516 2912 561 ΛΒΤ.
2958 515 3130 561 xxvu

860 699 1212 773 peccatum,
1246 699 1838 772 quantumcumque
1877 708 2168 774 parvum,
2208 705 2353 769 pro-
2380 686 2431 747 Α
2462 685 2726 748 ridendo
2769 694 2962 767 atque
3008 686 3294 767 negando
3344 687 3463 749 hoc
3511 686 3685 750 dicit.
3726 685 3956 759 Quem-

863 790 1038 852 hibet
1069 788 1170 852 vel
1203 789 1529 852 dissuadet
1559 798 1621 853 et
1651 791 1851 871 punit.
1877 790 2017 852 Haec
2049 786 2218 849 enim
2254 784 2352 847 lex

861 888 1068 970 primo
1118 895 1182 950 et
1230 888 1503 950 maxime
1552 896 1646 949 est
1694 888 1772 951 de
1822 887 2082 951 caritate
2130 884 2241 946 Dei
2290 890 2353 945 et

861 986 1157 1067 proximi,
1187 986 1252 1047 in
1280 1005 1409 1066 qua
1441 986 1660 1066 utique
1691 986 1954 1049 caritate
1984 1001 2207 1046 omnes
2238 982 2355 1043 vir-

863 1092 1030 1146 tutes
1051 1084 1408 1147 virtualiter
1438 1103 1510 1146 ac
1545 1084 1902 1147 radicaliter
1923 1083 2348 1146 continentur.

863 1180 1066 1254 Quum
1097 1182 1311 1264 itaque
1347 1190 1678 1264 peccatum
1709 1183 1792 1243 sit
1825 1180 2238 1261 transgressio
2269 1178 2356 1241 le-

863 1280 961 1359 gis
989 1279 1243 1358 divinae,
1269 1299 1398 1342 non
1429 1289 1638 1361 potest
1667 1280 1856 1362 plene
1887 1277 2207 1360 cognosci,
2230 1276 2352 1339 nisi

863 1387 1241 1457 agnoscatur
1281 1378 1382 1439 lex
1421 1377 1528 1439 Dei
1565 1396 1578 1439 :
1611 1397 1804 1459 quam
1845 1377 1958 1459 qui
2005 1376 2351 1456 cognoscit,

867 1475 987 1537 scit
1016 1495 1209 1557 quam
1239 1474 1514 1537 difficile
1539 1483 1599 1537 et
1621 1495 1813 1557 quam
1847 1473 2245 1557 impossibile
2276 1473 2358 1535 sit.

867 1592 1099 1655 purum
1128 1591 1266 1635 esse
1296 1593 1331 1634 a
1361 1573 1562 1655 culpa,
1581 1593 1779 1654 quum
1810 1592 1998 1636 omne
2027 1580 2357 1654 peccatum

867 1671 1337 1752 quantumlibet
1366 1671 1702 1749 modicum,
1728 1673 1810 1733 sit
1838 1691 2124 1735 recessus
2155 1690 2193 1732 a
2220 1670 2359 1751 1636

869 1770 1001 1847 Dei,
1051 1789 1194 1851 quae
1233 1789 1484 1832 omnem
1539 1770 1832 1833 inutilem
1881 1769 2353 1851 cogitationem,

2460 784 2797 847 admodum
2848 793 3061 847 autem
3110 785 3378 866 vestigia
3424 785 3825 868 appellamus
3874 786 3957 847 si-

2460 900 2585 961 gna
2622 884 2831 945 euntis
2870 902 2985 965 per
3019 884 3210 961 viam,
3246 902 3325 946 ex
3363 883 3597 964 quibus
3647 884 3955 945 transitus

2465 982 2851 1043 transeuntis
2881 989 2944 1044 et
2973 982 3218 1063 species
3259 983 3399 1063 ejus
3438 992 3826 1055 noscuntur3
3862 983 3955 1045 sie

2463 1079 2732 1160 vestigia
2760 1079 2870 1141 Dei
2903 1088 3051 1147 sunt
3080 1081 3370 1161 quaedam
3402 1080 3821 1162 proprietates
3852 1078 3953 1140 vel

2466 1177 2667 1256 signa,
2702 1198 2814 1240 seu
2846 1186 3087 1241 naturae
3118 1178 3185 1240 in
3218 1178 3525 1241 creaturis
3558 1178 3856 1250 inventae,
3876 1178 3953 1239 ad

2464 1276 2773 1340 Creatoris
2808 1277 3096 1339 notitiam
3132 1276 3545 1353 deducenteS,
3576 1277 3757 1357 juxta
3794 1276 3953 1338 illud

2461 1374 2784 1456 Sapientis
2821 1393 2834 1436 ε
2860 1375 3018 1437 Vani
3050 1384 3199 1437 sunt
3224 1394 3445 1438 omnes
3476 1375 3789 1450 homineS,
3819 1374 3957 1456 qui-

2469 1473 2587 1535 bus
2621 1492 2748 1535 non
2778 1474 2996 1535 subest
3024 1473 3291 1536 scientia
3320 1475 3453 1549 Dei,
3487 1482 3551 1536 et
3580 1474 3659 1536 de
3688 1472 3781 1535 eis
3810 1490 3955 1554 quae

2468 1572 2766 1635 videntur
2810 1572 2999 1648 bona,
3045 1591 3173 1635 non
3214 1580 3557 1654 potuerunt
3600 1571 3957 1651 intelligere

2470 1689 2616 1732 eum
2643 1670 2756 1751 qui
2788 1677 2903 1732 est.
2940 1670 2990 1731 A
3026 1670 3465 1750 magnitudine
3504 1670 3675 1733 enim
3718 1669 3956 1751 speciei

2470 1778 2533 1831 et
2559 1777 2864 1831 creaturae
2894 1770 3129 1851 poterit
3155 1769 3409 1832 Creator
3438 1768 3959 1851 cognoscibiliter

869 1868 1294 1931 inordinatam
1339 1868 1770 1946 affectionem,
1819 1870 2084 1931 otiosam
2137 1867 2377 1931 locuti-²
2398 1872 2443 1933 B
2472 1867 2693 1931 videri.
2727 1868 2989 1949 Propter
3014 1869 3183 1949 quod
3216 1869 3296 1931 ad
3326 1869 3641 1931 Romanos
3674 1868 3765 1930 ait
3794 1870 3958 1949 Apo—

868 1985 1077 2044 onem,
1131 1966 1420 2028 illicitam
1468 1967 1926 2049 operationem,
1980 1986 2361 2047 omnemque

867 2064 1278 2127 omissionem
1335 2063 1715 2144 culpabilem
1765 2064 2190 2145 reprehendit,
2250 2068 2355 2143 [et]

867 2181 1068 2243 quum
1127 2160 1592 2225 difficillimum
1643 2162 1725 2223 sit
1783 2162 1850 2223 in
1899 2162 2077 2224 nullo
2131 2162 2360 2223 horum

869 2260 1148 2323 deficere
1197 2280 1310 2323 seu
1361 2280 1644 2341 peceare.
1686 2260 1996 2335 Quoniam
2049 2278 2199 2339 ergo
2244 2259 2359 2322 Job

870 2358 1029 2420 dixit
1063 2378 1421 2421 sermonem
1453 2380 1637 2421 suum
1671 2379 1900 2441 purum
1935 2369 1998 2422 et
2029 2360 2227 2421 vitam
2270 2359 2362 2419 111-

873 2466 1228 2533 nocentem,
1283 2456 1596 2520 conclusit
1653 2458 1918 2539 Sophar,
1984 2456 2157 2538 quod
2218 2476 2362 2537 pro-

873 2556 1174 2637 prietates
1217 2556 1376 2635 legis
1422 2555 1655 2619 divinae
1703 2574 1830 2617 non
1871 2563 2183 2618 nosceret.
2218 2557 2359 2618 Ideo

871 2656 1149 2737 optando
1193 2654 1492 2717 disseruit
1532 2672 1544 2714 :
1582 2654 1836 2715 Utinam
1879 2654 2038 2715 Deus
2078 2654 2362 2735 loquere-

865 2762 973 2815 -tur
1023 2762 1252 2829 tecum,
1297 2761 1366 2815 ut
1415 2753 1774 2815 ostenderet
1815 2752 1932 2814 tibi
1983 2754 2154 2834 quod
2204 2753 2361 2815 mul-

863 2852 1068 2933 tiplex
1105 2852 1186 2913 sit
1219 2852 1319 2914 lex
1348 2851 1509 2932 ejus.
1546 2850 1873 2933 Tanquam
1904 2851 2073 2913 dicat
2108 2869 2121 2913 ε
2159 2852 2354 2927 Τ11116,

870 2970 908 3014 o
936 2950 1073 3027 Job,
1105 2950 1352 3013 cautius
1381 2950 1755 3031 loquereriS‚
1792 2959 1855 3012 et
1885 2970 2013 3013 non
2045 2952 2133 3012 ita
2165 2958 2226 3012 te
2256 2969 2359 3013 66-

2471 1965 2669 2028 stolus
2715 1984 2729 2027 :
2777 1965 3130 2029 Invisibilia
3172 1966 3279 2029 Dei
3327 1986 3439 2049 per
3482 1986 3556 2029 ea
3596 1984 3743 2048 quae
3789 1966 3957 2028 facta

2470 2073 2639 2140 sunt,
2674 2064 3178 2145 conspiciuntur,
3206 2064 3721 2146 sempiternaque
3752 2065 3955 2127 virtus

2471 2163 2609 2243 ejus
2659 2172 2723 2225 et
2768 2162 3091 2225 divinitaS.
3146 2162 3381 2244 Nempe
3440 2162 3715 2225 effectus
3776 2182 3955 2225 suam

2470 2280 2725 2323 causam
2764 2260 3061 2337 ostendit,
3096 2280 3296 2341 quum
3336 2261 3419 2321 sit
3458 2262 3837 2343 participata
3876 2262 3959 2323 si-

2470 2356 2763 2417 militudo
2813 2356 3085 2437 propriae
3134 2374 3360 2433 causae,
3415 2374 3489 2419 eo
3540 2359 3710 2437 quod
3760 2376 3957 2438 agens

2472 2455 2681 2517 simile
2722 2453 2843 2517 sibi
2883 2456 3211 2536 producat.
3257 2455 3557 2518 Praedicta
3595 2463 3805 2519 autem
3848 2457 3956 2519 Dei

2472 2554 2737 2633 vestigia
2766 2553 2957 2615 homo
2998 2553 3064 2614 111
3103 2553 3233 2617 vita
3271 2554 3389 2616 1166
3419 2554 3960 2636 comprehendere

2470 2652 2685 2714 omnia
2714 2651 2902 2733 plene
2933 2671 3061 2714 non
3094 2652 3261 2715 valet
3296 2669 3311 2714 ε
3349 2652 3476 2715 11116
3507 2672 3625 2715 1166
3662 2653 3745 2715 (16
3782 2653 3959 2717 vilis·-

2471 2750 2650 2812 simis
2691 2749 2878 2813 rebus
2926 2757 3133 2830 potest
3176 2750 3525 2831 perfectam
3566 2751 3806 2814 habere
3848 2771 3960 2815 no—

2464 2848 2697 2922 titiam,
2752 2857 2821 2910 ut
2878 2867 2994 2911 cur
3038 2848 3287 2910 arboris
3337 2848 3563 2911 folium
3614 2849 3697 2911 sit
3748 2850 3957 2913 taliter

2474 2946 2839 3027 figuratum,
2878 2954 3066 3008 tantae
3110 2946 3507 3027 quantitatiS‚
3549 2947 3691 3009 talis
3730 2948 3959 3011 distin—

872 3068 1004 3111 ram
1055 3050 1181 3111 Deo
1228 3046 1588 3129 justificare
1636 3067 2072 3130 praesumeres.
2128 3049 2358 3129 Sicque
2396 3050 2439 3112 C
2470 3045 2721 3122 61161115,
2788 3044 3213 3122 formationiS,
3273 3045 3549 3108 virtutiS.
3602 3046 3746 3109 ldeo
3804 3048 3959 3110 scri-

871 3145 1066 3209 verba
1096 3146 1337 3229 Sophar
1377 3154 1525 3209 sunt
1563 3146 1746 3210 valde
1777 3146 2060 3223 subtilia,
2095 3146 2359 3227 profun-

867 3245 951 3306 da
981 3252 1042 3307 et
1070 3262 1240 3321 vera,
1275 3244 1484 3325 quoad
1525 3245 1644 3307 hoc
1682 3245 1851 3326 quod
1893 3243 2096 3323 legem
2128 3244 2237 3306 Dei
2273 3245 2361 3305 di-

867 3343 962 3405 cit
992 3342 1448 3424 multiplicem3
1483 3344 1593 3405 sed
1626 3343 1788 3405 male
1820 3342 1939 3405 1166
1969 3342 2251 3424 applicat
2280 3344 2357 3405 ad

833 3440 1009 3511 ,Job.
1046 3441 1202 3503 Hinc
1240 3448 1302 3504 et
1343 3460 1454 3522 per
1493 3441 1646 3503 Osee
1689 3441 1990 3503 Dominus
2029 3441 2118 3503 ait
2153 3459 2167 3503 :
2203 3440 2361 3504 Scri-

873 3540 1020 3603 bam
1050 3539 1143 3602 eis
1174 3538 1563 3620 multiplices
1593 3538 1761 3618 leges
1793 3558 1987 3616 111665,
2011 3558 2154 3620 quae
2186 3540 2360 3601 velut

873 3636 1095 3700 alienae
1124 3644 1502 3718 computatae
1533 3645 1701 3698 sunt.

863 3778 872 3785 -
952 3740 1036 3797 Ec
1065 3737 1476 3812 incelliqeres,
1510 3735 1571 3797 id
1604 3744 1720 3811 est,
1745 3754 1822 3797 ex
1850 3735 2237 3797 allocutione
2264 3736 2361 3797 in-

871 3834 1346 3915 structioneque
1377 3832 1507 3909 Dei,
1542 3841 1606 3896 et
1635 3852 1709 3895 ex
1741 3832 2164 3913 intelligentia
2201 3834 2361 3895 mul-

869 3932 1113 4014 tiplicis
1145 3932 1304 4013 legis
1335 3932 1475 4012 ejus
1507 3950 1943 4011 eognoscercS,
1963 3935 2134 4011 quod
2158 3937 2359 3992 multo

875 4034 1130 4091 minora
1193 4029 1509 4111 supplicia
1555 4030 1688 4112 pati
1738 4032 2026 4106 eoeiyaris
2071 4051 2113 4090 α
2162 4033 2291 4091 Deo
2311 4030 2359 4101 *,

875 4150 1070 4209 quam
1102 4138 1381 4189 meretur
1416 4114 1732 4208 iniquitas
1774 4139 1908 4195 tua,
1946 4128 2008 4190 id
2048 4136 2165 4204 est,
2202 4129 2364 4191 citra

2472 3154 2647 3226 ptum
2688 3151 2784 3205 est
2822 3146 2889 3205 in
2920 3143 3293 3207 Ecclesiaste
3326 3162 3341 3205 ε
3375 3145 3629 3207 Cunctae
3683 3165 3782 3208 res
3830 3145 3958 3208 dif—

2472 3244 2725 3317 ficiles;
2782 3262 2909 3305 non
2966 3250 3169 3324 potest
3226 3262 3331 3305 eas
3381 3243 3572 3306 homo
3630 3243 3957 3326 explicare

2472 3361 2782 3405 sermone.
2818 3342 2893 3404 Et
2932 3341 2997 3404 in
3036 3341 3374 3422 Sapientiae
3417 3342 3583 3404 libro
3616 3361 3635 3404 ε
3670 3343 3959 3408 Difficile
3988 3362 4251 3418 swan..

2472 3440 2831 3502 invenimus
2880 3458 3024 3520 quae
3066 3438 3133 3501 in
3174 3448 3341 3502 terra
3380 3448 3563 3513 sunt3
3606 3450 3668 3503 et
3706 3460 3851 3523 quae.
3889 3444 3957 3505 in

2471 3546 2809 3621 prospectu
2858 3546 3025 3613 sunt,
3081 3538 3445 3601 inv-enimus
3508 3558 3653 3601 cum
3713 3540 3953 3604 labore.

2470 3637 2615 3710 Quae
2661 3643 2871 3697 autem
2914 3636 2978 3696 in
3016 3635 3179 3698 coelo
3220 3644 3391 3711 sunt,
3422 3637 3568 3717 quis
3606 3637 3959 3719 investiga-

2471 3734 2604 3796 bit?
2637 3734 2755 3796 Sed
2787 3743 2850 3796 et
2880 3733 2945 3795 in
2976 3733 3421 3796 Ecclesiastico
3450 3734 3719 3797 habetur
3756 3756 3771 3799 :
3806 3736 3959 3811 Quis
3986 3756 4249 3798 Eccum-1.
4277 3790 4278 3793 ,

3988 3820 4031 3867 2.
4058 3822 4104 3860 5.

2471 3830 2761 3894 sufficiet
2792 3850 3087 3894 enarrare
3122 3850 3315 3913 opera
3346 3832 3491 3895 Dei?
3528 3832 3663 3894 Non
3704 3842 3803 3895 est
3838 3835 3960 3897 mi-

2472 3950 2688 4007 nuere,
2743 3949 2951 4011 neque
2997 3930 3296 4011 adjicere,
3351 3949 3467 3993 nec
3519 3939 3615 3993 est
3664 3932 3960 3997 invenire

2472 4029 2791 4108 magnalia
2820 4029 2953 4091 Dei.

2552 4130 2639 4188 Ec
2678 4148 2877 4207 usque
2916 4130 3003 4187 ad
3036 4128 3397 4205 perfectum
3446 4131 3961 4207 Omnipotentem

876 4227 1263 4307 condignum
1306 4246 1343 4288 a
1385 4227 1509 4288 Deo
1553 4226 1840 4309 plagatus
1879 4246 1968 4303 65,
2011 4235 2075 4289 61
2117 4227 2364 4289 minora
2397 4231 2444 4292 D
2473 4228 2769 4301 reperies,
2802 4225 2864 4286 id
2896 4233 3012 4301 est,
3048 4223 3125 4286 ad
3157 4225 3411 4306 plenam
3451 4234 3514 4288 et
3542 4227 3965 4309 comprehen-

880 4324 996 4387 tibi
1030 4324 1278 4387 induxit
1307 4325 1572 4387 adversa
1609 4344 1802 4405 quam
1832 4325 2145 4387 meruisti.
2181 4326 2259 4387 Et
2298 4326 2359 4388 in

881 4423 998 4485 1166
1030 4422 1270 4504 Sophar
1309 4423 1708 4504 apertissime
1740 4424 2118 4486 contradicit
2152 4423 2363 4487 verbis

594 4542 850 4594 som-„aa
878 4520 1015 4597 Job,
1061 4520 1293 4601 quibus
1334 4529 1479 4584 ante
1527 4522 1658 4602 jam
1701 4521 1861 4583 dixit
1903 4540 1916 4582 ε
1961 4522 2212 4584 Utinam
2256 4543 2365 4605 ap-

880 4618 1306 4701 penderentur
1364 4628 1620 4701 peccata
1682 4638 1842 4695 mea,
1907 4619 2142 4700 quibus
2203 4621 2363 4684 iram

869 4717 1105 4793 merui,
1149 4725 1208 4779 et
1251 4717 1576 4779 calamitas
1617 4736 1811 4799 quam
1857 4718 2086 4799 patior,
2132 4718 2200 4781 in
2245 4728 2365 4783 sta-

875 4824 1045 4892 tera3
1090 4816 1272 4896 quasi
1325 4834 1516 4877 arena
1554 4816 1748 4878 maris
1794 4816 1926 4879 haec
1963 4818 2218 4897 gravior
2256 4838 2365 4899 ap-

867 4922 1144 4996 pareret.
1187 4914 1574 4995 Frequenter
1615 4931 1872 4995 quoque
1919 4935 1985 4978 56
2025 4915 2184 4977 dixit
2224 4916 2365 4979 sine

876 5014 1008 5074 suis
1039 5030 1410 5092 percussum
1443 5011 1793 5073 demeritis.

865 5158 874 5165 .
958 5110 1240 5191 Insuper,
1273 5111 1442 5191 quod
1473 5109 1586 5172 Job
1621 5118 1861 5173 secreta
1891 5110 2221 5191 sapientias
2258 5112 2365 5174 Dei

880 5208 1262 5288 perscrutari
1329 5208 1710 5289 nequiverit,
1773 5208 2014 5290 Sophar
2083 5209 2360 5272 deducit.

879 5306 1182 5367 Forsitan·
1213 5308 1481 5382 vestiyia
1512 5308 1633 5366 Dei
1661 5309 2150 5383 comprehendes
2185 5310 2215 5367 a?
2255 5308 2371 5371 'De—

2476 4324 2671 4386 sivam
2718 4324 2829 4385 Dei
2866 4322 3293 4403 cognitionem
3346 4325 3801 4405 perscrutando
3854 4326 3965 4389 de-

2474 4423 2714 4485 venieS.
2748 4420 2934 4495 Quasi
2976 4420 3147 4483 dicat
3180 4438 3193 4481 :
3228 4421 3623 4503 Impossibile
3668 4422 3790 4486 1166
3838 4434 3956 4499 651,

2474 4522 2623 4602 quia
2672 4521 2726 4582 si
2774 4519 2963 4582 etiam
3012 4526 3242 4582 cuncta
3283 4528 3493 4582 creata
3536 4520 3817 4603 perfecte
3863 4542 3964 4586 co-

2474 4638 2831 4702 gnosceres,
2867 4618 3071 4680 adhuc
3100 4637 3137 4679 a
3167 4617 3357 4699 plena
3384 4618 3695 4681 Creatoris
3730 4622 3965 4683 notitia

2475 4718 2732 4781 infinite
2762 4717 3041 4779 distares.
3060 4714 3379 4778 Creaturae
3409 4716 3579 4779 enim
3611 4717 3679 4779 in
3709 4726 3963 4782 tantum

2474 4818 2553 4880 ad
2602 4816 2712 4879 Dei
2758 4816 3112 4898 perducunt
3162 4814 3479 4891 notitiam,
3518 4824 3833 4897 quantum
3886 4820 3966 4882 de

2473 4914 2694 4979 divina
2720 4912 3107 4994 perfectione
3138 4912 3204 4973 in
3236 4912 3327 4973 eis
3360 4912 3734 4992 resplendet.
3754 4912 3967 4987 Quum

2475 5032 2625 5095 ergo
2674 5033 2711 5075 a
2758 5009 3041 5093 perfecta
3088 5009 3504 5091 perfectionis
3560 5010 3795 5075 divinae
3854 5013 3971 5075 im-

2478 5131 2711 5174 mensae
2752 5108 3311 5191 repraesentatione
3342 5108 3649 5171 deficiant
3673 5107 3963 5187 infinite,

2478 5220 2721 5273 certum
2752 5208 2921 5289 quod
2958 5208 3035 5269 ad
3078 5206 3331 5288 plenam
3372 5207 3481 5269 Dei
3520 5207 3969 5289 contemplati-

2476 5328 2667 5372 onem
2712 5325 2838 5369 11611
2881 5307 3139 5367 ducant.
3184 5304 3311 5367 Nee
3352 5304 3514 5367 Deus
3554 5304 3621 5366 in
3662 5305 3797 5369 vita
3844 5306 3963 5369 1166

4005 3164 4249 3211 Bet-lens.
