4309 6259
631 3639 790 3684 Textus

564 3705 620 3747 hu
620 3707 694 3762 ju·
724 3718 818 3760 cap.

554 3784 625 3820 xx,
654 3769 769 3822 apud

556 3833 573 3877 l
584 3847 605 3876 s
616 3831 665 3875 ai
676 3846 701 3875 a
713 3845 755 3874 m
768 3864 779 3882 ,

553 3908 816 3950 capmxxvm,

552 3959 793 4015 requiratur

551 4022 786 4078 expositus.

852 474 930 536 74

1408 494 1757 541 ENARRATIO
1800 497 1861 541 lN
1905 496 2041 542 CAP.
2088 495 2174 541 XX
2211 497 2370 543 unm
2409 497 2632 552 quaml
2673 497 2898 544 REGUH.
2943 517 3024 528 —
3065 497 3207 543 ΛΒΤ.
3252 497 3385 543 xxu

852 661 1086 743 quibus
1108 672 1289 726 erant
1308 669 1541 744 opertae
1562 671 1625 725 et
1644 663 1975 726 decoratae.
1999 663 2178 727 Unde
2198 663 2343 726 sub-
2371 666 2421 728 A
2447 664 2616 742 dam,
2641 673 2710 727 ut
2742 665 2832 729 sic
2861 666 3156 729 Ezechias
3180 666 3572 748 perterrituS‚
3587 675 3946 748 exponeret

850 760 1150 842 jungitur,
1173 772 1233 823 et
1254 764 1553 830 laminas,
1570 760 1633 823 id
1656 770 1751 824 est
1782 761 1907 825 lata
1940 761 2163 839 frusta,
2188 766 2343 824 auri

852 879 1013 937 quas
1061 863 1195 938 ipse
1242 863 1540 937 affioeerat
1591 859 1792 924 valvis
1840 879 1853 922 ε
1900 861 2071 942 quod
2119 862 2340 924 eadem

851 967 1187 1022 excusatur
1224 959 1619 1022 necessitate.
1653 959 1873 1023 Postea
1909 979 2164 1042 quoque
2205 960 2341 1042 ipse

850 1056 1179 1140 piissimus
1212 1059 1508 1122 Ezechias
1553 1059 1687 1122 haec
1727 1059 1941 1122 omnia
1982 1058 2344 1122 liberalissi-

851 1175 953 1218 me
985 1157 1511 1244 recompensavit,
1535 1165 1598 1219 et
1628 1158 1812 1240 plura
1838 1157 2343 1240 pretiosioraque

850 1256 1089 1338 templo
1121 1256 1418 1334 restituit,
1453 1277 1645 1340 quam
1678 1257 1825 1320 inde
1854 1258 2222 1321 abstulerat.
2259 1263 2342 1322 Ει

850 1357 1031 1416 dedic
1058 1377 1165 1416 eas
1185 1359 1326 1434 reqi
1354 1359 1799 1434 Assyriorum.

934 1455 1119 1515 Misit
1146 1464 1361 1515 autem
1404 1475 1521 1516 rex
1549 1457 1970 1534 Assyriorum
2008 1459 2339 1518 Tharthan

850 1563 910 1612 et
939 1554 1251 1614 Rabsaris
1288 1564 1347 1614 et
1377 1556 1701 1615 Rabsacen
1734 1557 1813 1614 de
1847 1556 2083 1615 Laeliis
2130 1557 2218 1614 ad
2245 1575 2341 1614 re—

838 1671 993 1728 -9em
1034 1654 1408 1722 Ezechiam,
1454 1659 1574 1715 etc.
1614 1651 1763 1714 Nam
1804 1652 2041 1734 impius
2090 1653 2198 1716 ille
2244 1651 2340 1715 in-

854 1748 1165 1812 satiabilis
1216 1748 1831 1833 infidelissimusque
1876 1760 2202 1834 tyrannm,
2247 1771 2341 1814 re-

2449 763 2773 827 civitatem
2817 765 3131 828 voluntati
3173 764 3621 828 Sennacherib.
3653 766 3728 827 Et
3771 765 3943 828 inter

2451 871 2577 925 tres
2610 863 2933 945 principes
2966 863 3108 927 illos
3129 864 3438 926 Rabsaces
3461 864 3708 938 videtur
3737 863 3944 927 fuisse

2447 962 2762 1043 superior,
2798 961 3091 1043 quamvis
3120 963 3226 1025 hic
3256 962 3482 1026 ultimo
3521 961 3886 1026 nominetur
3921 982 3935 1024 :

2451 1060 2581 1123 imo
2612 1059 2677 1122 in
2709 1061 2866 1123 Isaia
2908 1060 3079 1123 solus
3120 1060 3519 1142 exprimitur.
3555 1060 3630 1122 Et
3666 1066 3735 1122 ut
3765 1061 3942 1124 Jose-

2450 1159 2616 1241 phus
2648 1159 2863 1235 refert,
2901 1159 3038 1242 ipse
3069 1159 3193 1221 fuit
3222 1159 3520 1241 princeps
3548 1159 3816 1236 militiae,
3831 1159 3939 1222 vel

2451 1258 2602 1340 quia
2651 1258 2948 1340 princeps
2989 1266 3123 1320 erat
3158 1257 3350 1320 totius
3387 1258 3698 1321 exercitus
3747 1265 3940 1340 atque

2451 1356 2696 1420 militiae
2745 1357 2911 1436 regis
2950 1356 3211 1438 Assyrii,
3257 1356 3355 1420 vel
3403 1356 3576 1418 illius
3623 1357 3940 1419 exercitus

2450 1473 2642 1537 quem
2676 1473 2782 1517 rex
2813 1473 3027 1517 secum
3058 1454 3232 1517 misit
3262 1456 3339 1517 ad
3361 1455 3734 1517 vastandum
3763 1454 3940 1518 Jeru-

2451 1553 2669 1630 salem,
2689 1562 2836 1616 ante
2865 1555 3047 1636 cujus
3071 1571 3284 1616 muros
3305 1553 3614 1616 Rabsaces
3635 1572 3779 1616 cum
3803 1553 3938 1615 suis

2448 1661 2653 1716 castra
2682 1652 2846 1714 fixit.
3760 1651 3777 1658 “

2528 1752 2746 1814 Cetera
2775 1751 2966 1833 hujus
2985 1750 3248 1833 capituli
3278 1759 3341 1814 et
3368 1751 3636 1812 duorum
3668 1768 3939 1832 sequen-

3966 1077 4050 1121 Ie.
4070 1082 4258 1126 xxxx-if„
4301 1065 4303 1150 l

852 1847 1055 1929 ceptis
1088 1856 1350 1929 argento
1380 1856 1442 1912 et
1462 1869 1615 1912 auro
1646 1868 1789 1932 quae
1808 1850 2172 1932 postulavit,
2194 1868 2338 1913 mox
2375 1864 2422 1927 Β
2451 1850 2608 1911 tium
2647 1850 3073 1932 capitulorum
3112 1850 3444 1932 expositio,
3480 1868 3669 1932 super
3711 1849 3934 1911 Isaiam
3981 1871 4260 1916 tamum

854 1955 1277 2027 transgressus
1298 1955 1395 2010 est
1410 1948 1837 2030 juramentum
1856 1957 1921 2012 et
1942 1959 2194 2032 pactum
2215 1949 2342 2031 qui-

852 2045 970 2108 bus
1002 2046 1424 2109 adstrinxerat
1454 2066 1540 2123 se,
1576 2049 1746 2130 quod
1778 2048 1861 2111 ab
1888 2048 2149 2111 Ezechia
2180 2067 2342 2111 rece-

852 2145 1049 2222 deret,
1076 2145 1331 2208 talentis
1362 2145 1501 2209 auri
1532 2156 1596 2209 et
1625 2147 1868 2227 argenti
1903 2146 2184 2228 praefatis
2214 2147 2338 2210 sibi

852 2243 1111 2318 solutis;
1146 2244 1447 2327 misitque
1480 2253 1605 2307 tres
1624 2245 1959 2328 principes
1980 2265 2125 2308 cum
2157 2263 2343 2326 gran-

850 2343 913 2406 di
947 2342 1227 2407 exercitu
1272 2343 1351 2406 ad
1382 2343 1605 2407 urbem
1634 2343 1979 2407 Jerusalem
2010 2345 2344 2408 devastan-

2448 1948 2877 2030 requirantur.
2930 1948 3119 2011 Multa
3168 1967 3423 2030 quoque
3466 1947 3811 2027 magnifica
3852 1948 3936 2009 de

2449 2046 2888 2128 prosperitate,
2941 2046 3300 2124 devotione,
3347 2046 3694 2130 opulentia,
3738 2045 3934 2126 gestis

2447 2165 2520 2209 ac
2559 2145 2906 2208 virtutibus
2951 2146 3250 2224 Ezechiae,
3293 2147 3573 2209 secundo
3618 2144 3937 2226 Paralipo-

2449 2263 2682 2308 menon
2727 2245 3134 2308 continentur
3169 2263 3182 2307 ε
3217 2265 3360 2328 quae
3391 2244 3481 2307 ibi
3525 2245 3714 2307 etiam
3744 2262 3936 2325 expo-

2452 2345 2572 2406 sita
2601 2352 2770 2406 sunt.

1911 2774 2560 2862 ARTICULUS
2633 2777 2886 2861 XXII

1328 3051 1406 3095 DE
1450 3051 1548 3095 1113
1592 3050 1727 3104 QUAE
1772 3050 1955 3095 RABBI
1995 3050 2228 3095 PAULUS
2272 3049 2501 3095 SCRIBIT
2546 3050 2723 3096 cinca
2765 3047 3189 3096 REVERSIONEM
3231 3050 3452 3097 UMBRAE
3509 3075 3512 3078 ·

1091 3149 1205 3193 PER
1260 3149 1473 3193 LINEAS
1524 3148 1723 3194 DECEM
1773 3148 1835 3192 ΙΝ
1888 3147 2226 3194 flonotomo
2279 3147 2519 3205 AcflAz3
2570 3148 2642 3192 ET
2691 3148 2771 3192 DE
2820 3147 3104 3192 OPINIONE
3157 3148 3294 3205 SUA,
3343 3148 3464 3202 QUA
3514 3149 3694 3208 merr,

1422 3246 1614 3292 sou-:u
1655 3246 1810 3292 TUNC
1850 3246 1973 3292 NON
2016 3246 2294 3292 REDIISSE
2332 3245 2448 3290 NEC
2491 3245 2699 3292 uo'rlm
2741 3245 2998 3292 sotrum
3041 3245 3376 3304 VAR1ASSE;

1250 3345 1322 3389 ΕΤ
1364 3345 1444 3390 DE
1486 3343 1935 3391 IMPROBATIONE
1976 3344 2325 3405 HULTORUM,
2370 3343 2505 3400 QUAE
2546 3343 2706 3390 merl·
2746 3343 2923 3390 (2ch
2964 3343 3149 3390 lsTAu
3195 3345 3534 3390 MATRRIAH.

858 3662 863 3668 -
926 3623 975 3685 N
1006 3622 1286 3706 capitulo
1331 3623 1454 3685 isto
1485 3623 1789 3687 vicesimo
1832 3623 2027 3705 hujus
2070 3623 2245 3699 libri,
2279 3622 2414 3687 etc
2448 3623 2842 3686 sanationem
2881 3621 3184 3701 Ezechiae,
3229 3622 3339 3686 ubi
3373 3621 3708 3686 videbatur
3747 3621 3936 3685 suffi-

946 3723 1011 3784 in
1044 3722 1322 3804 capitulo
1353 3721 1675 3785 tricesimo
1696 3731 1918 3784 octavo
1946 3721 2119 3784 Isaiae
2148 3721 2340 3786 habe-

849 3829 980 3898 tur,
1032 3821 1565 3902 quemadmodum
1617 3820 1920 3884 Dominus
1972 3821 2147 3884 dedit
2204 3821 2336 3901 regi

824 3921 1126 3984 -Ezechiae
1148 3919 1399 4002 signum
1421 3920 1919 4001 supernaturale,
1935 3920 2015 3983 de
2029 3920 2146 3982 hoc
2166 3921 2337 4002 quod

846 4019 1167 4084 sanandus
1198 4028 1332 4082 erat
1362 4018 1443 4080 ab
1472 4018 1849 4098 aegritudine
1879 4039 1992 4081 sua
2022 4019 2198 4082 letali
2227 4035 2242 4080 ε
2275 4029 2338 4082 et

846 4118 971 4180 fuit
999 4118 1119 4181 hoc
1150 4118 1405 4198 signum
1424 4118 1519 4197 (ut
1549 4117 1616 4178 in
1650 4117 1789 4178 istis
1820 4116 2116 4199 capitulis
2132 4116 2338 4181 ⁴refert

847 4217 1219 4298 Scriptura),
1240 4217 1412 4298 quod
1434 4215 1740 4278 Dominus
1775 4213 1928 4278 fecit
1959 4217 2189 4278 reverti
2210 4236 2341 4279 um-

842 4316 1023 4379 bram
1072 4315 1407 4389 linearum,
1453 4332 1567 4394 per
1608 4333 1766 4394 quas
1806 4314 2222 4377 descenderat
2270 4315 2337 4376 in

843 4414 1172 4494 horologio
1202 4412 1409 4475 Achaz
1460 4412 1525 4474 in
1570 4412 1724 4487 sole,
1761 4420 2105 4475 retrorsum
2149 4413 2338 4476 lineis

841 4515 1058 4576 decem
1087 4537 1102 4588 3
1136 4519 1199 4575 et
1226 4512 1449 4574 dicunt.
1489 4511 1777 4574 doctores
1824 4530 1951 4573 non
1999 4510 2205 4574 solum
2239 4532 2340 4576 ca-

842 4611 1088 4687 tholici,
1140 4612 1247 4674 sed
1299 4618 1362 4673 et
1408 4609 1654 4672 Hebraei
1702 4609 2122 4687 concorditer,
2166 4612 2336 4694 quod

845 4709 1123 4773 reversio
1157 4709 1267 4772 illa
1296 4708 1537 4771 umbrae
1568 4707 1905 4786 linearum,
1934 4718 2193 4773 causata
2213 4709 2339 4773 fuit

2445 3741 2594 3786 cere
2618 3740 2816 3783 unum
2848 3722 2928 3784 de
2966 3721 3274 3783 minimiS.
3309 3722 3436 3784 Hoc
3467 3721 3639 3784 enim
3670 3721 3936 3785 miracu-

2448 3821 2579 3882 lum
2613 3819 2840 3902 petivit
2869 3819 3167 3882 Ezechias
3205 3820 3411 3883 solum
3453 3829 3522 3882 ut
3553 3818 3936 3884 certificare-

2448 3929 2550 3982 tur
2590 3921 2668 3982 de
2708 3938 2821 3981 sua
2861 3919 3210 3999 sanatione,
3245 3927 3310 3982 et
3355 3920 3526 4001 quod
3565 3919 3935 3982 ascenderet

2451 4019 2634 4082 tertia
2664 4018 2769 4081 die
2810 4018 2876 4080 in
2917 4018 3175 4081 domum
3222 4017 3496 4094 Domini,
3532 4027 3602 4080 ut
3652 4026 3825 4100 patet
3867 4017 3932 4079 in

2448 4117 2678 4181 littera.
2713 4115 3145 4180 Confirmatur
3164 4116 3299 4180 haec
3321 4116 3502 4180 ratio.
3528 4117 3680 4179 Nam
3713 4135 3937 4180 secun-

2446 4218 2596 4279 dum
2641 4217 2954 4293 doctoreS,
2990 4214 3296 4278 miracula
3339 4234 3452 4297 per
3479 4215 3800 4278 Christum
3845 4215 3938 4278 fa-

2447 4325 2548 4379 cta
2596 4334 2710 4397 per
2749 4314 3344 4386 transmutationem
3395 4332 3730 4397 corporum
3778 4313 3938 4378 infe-

2446 4414 2710 4490 riorum,
2732 4433 2858 4476 non
2893 4413 2979 4475 ita
2999 4403 3326 4476 evidenter
3357 4413 3776 4477 ostendebant
3795 4412 3938 4492 ejus

2447 4513 2874 4590 divinitatem,
2889 4512 3054 4576 sicut
3072 4511 3380 4574 miracula
3399 4531 3512 4594 per
3534 4512 3742 4594 ipsum
3775 4511 3940 4574 facta

2449 4632 2561 4694 per
2583 4611 3180 4674 transmutationem
3203 4619 3411 4673 motus
3431 4610 3782 4674 coelestium
3805 4628 3939 4673 cor-

2448 4728 2695 4791 porum.
2733 4709 2853 4773 Sed
2894 4709 2957 4772 in
2993 4708 3324 4772 sanatione
3349 4706 3630 4772 Ezechiae
3673 4724 3801 4772 non
3841 4727 3937 4771 re—

844 4828 922 4872 ex
951 4807 1159 4871 reditu
1200 4807 1353 4870 solis
1400 4807 1878 4870 retrocedentis.
1912 4808 2101 4871 Porro
2136 4809 2334 4872 Rabbi
2369 4816 2419 4877 D
2447 4805 2866 4889 quirebantur
2927 4807 3078 4870 talia
3125 4806 3454 4870 miracula.
3507 4838 3588 4851 —-
3633 4806 3938 4868 Praeterea

841 4906 1077 4970 Paulus
1108 4907 1266 4969 dicit
1296 4905 1685 4969 contrarium
1714 4923 1728 4967 :
1754 4907 1937 4989 cujus
1970 4907 2164 4970 verba
2193 4908 2340 4972 volo

842 5005 1049 5088 primo
1079 5022 1597 5069 commemorare.

922 5106 1137 5187 Itaque
1189 5103 1277 5166 ait
1328 5121 1341 5165 ε
1390 5103 1741 5166 Mirandum
1790 5111 1887 5167 est
1931 5123 2127 5186 quare
2176 5105 2339 5168 Deus

843 5205 1047 5269 voluit
1096 5202 1478 5267 miraculum
1522 5202 1588 5263 in
1628 5221 1877 5266 summo
1923 5205 2120 5286 gradu
2172 5223 2342 5267 exer-

846 5323 1010 5382 cere,
1064 5302 1309 5366 scilicet
1356 5300 1878 5366 retrocessionem
1941 5301 2117 5381 soliS‚
2172 5302 2342 5366 circa

2447 4905 2725 4970 tenebrae
2775 4905 2956 4970 factae
3005 4907 3070 4968 in
3110 4906 3340 4969 Christi
3382 4905 3699 4989 passione,
3755 4903 3936 4968 factae

2449 5014 2598 5068 sunt
2621 5025 2734 5088 per
2764 5005 3314 5087 interpositionem
3347 5005 3516 5068 lunae
3545 5004 3710 5068 inter
3739 5004 3937 5068 solem

2447 5113 2510 5168 et
2540 5112 2793 5168 terram.
2814 5104 3044 5166 Contra
3063 5103 3232 5185 quod
3253 5105 3353 5183 (ut
3375 5100 3594 5166 recitat
3613 5102 3940 5183 Origenes)

2452 5212 2795 5284 arguerunt
2827 5201 3027 5284 aliqui
3074 5201 3196 5264 filii
3233 5201 3447 5265 saeculi
3478 5201 3692 5283 hujuS,
3726 5201 3940 5264 dicen-

2448 5311 2544 5365 tes
2580 5313 2595 5364 :
2629 5301 2953 5376 Quomodo
2983 5302 3104 5365 hoc
3147 5299 3384 5364 factum
3427 5307 3557 5362 tam
3601 5299 3938 5363 miraculo-

3963 1948 4131 1978 ”811-

3965 2167 4000 2210 ΙΙ
4017 2169 4256 2212 Par-‚xnx-
4302 2175 4303 2214 ἶ

3963 2245 4112 2276 xxxu.

3961 3936 4258 4042 gnificat&
4302 3997 4303 4000 Ἰ

4016 4934 4208 4981 Μαιώ-

3962 5013 4091 5047 xxvii,
4135 5005 4224 5048 ⁴5:

3962 5063 4122 5106 Marc.
4175 5081 4254 5114 xv.

3963 5128 4043 5176 333
4073 5126 4208 5171 Luc.

3963 5201 4076 5236 xxm,
4099 5191 4183 5232 44-
