4309 6259
1247 518 1594 565 mannum
1637 518 1698 563 IN
1741 517 1879 563 GAP.
1924 516 2034 563 xm
2074 515 2203 563 1013.
2247 536 2327 547 -—
2367 518 2509 564 Am.
2556 517 2707 564 XXXI

3399 499 3518 563 495

419 686 696 767 ctorum,
730 690 845 771 qui
887 689 1084 751 verba
1130 687 1370 751 doloris
1417 689 1517 750 sui
1557 686 1922 770 expressiva
1949 683 2002 746 A
2113 689 2361 747 Scribis
2398 690 2599 757 enim,
2630 686 2693 749 id
2742 694 2858 762 est,
2894 686 3260 749 memoriter
3308 693 3509 762 teneS,

421 787 634 851 solent
664 786 884 850 effari.

507 887 824 968 Deinceps
873 886 950 947 ad
995 885 1472 967 provocandum
1514 883 1916 947 clementiam

413 984 552 1061 Dei,
591 984 714 1047 hoc
761 992 858 1046 est
907 984 984 1045 ad
1035 983 1509 1065 impetrandum
1557 983 1696 1064 ejus
1746 982 1922 1045 auxi-

417 1082 602 1157 lium,
625 1082 876 1145 inducit
906 1081 1100 1144 verba
1129 1080 1472 1143 humanam
1509 1080 1918 1161 fragilitatem

411 1179 1002 1263 infirmitatemque
1032 1180 1375 1261 signantia.
1417 1184 1651 1241 Contra
1677 1182 1918 1257 folium.

2032 785 2199 847 sicut
2246 786 2413 867 quod
2465 784 2773 867 scriptum
2816 791 2911 847 est
2955 783 3231 847 firmiter
3276 792 3513 859 manet,

2033 894 2255 945 contra
2288 906 2413 954 me,
2444 884 2507 945 id
2538 892 2635 946 est
2669 884 2747 945 ad
2787 882 2912 945 mei
2944 902 3307 963 gravamen,
3342 904 3522 943 ama-

2031 984 2381 1055 ritudines,
2402 983 2465 1045 id
2486 990 2581 1046 est
2604 981 2824 1063 culpas
2850 980 2960 1043 diu
2991 980 3363 1062 praeteritaS,
3379 1000 3523 1062 quae

2031 1082 2110 1142 ad
2163 1080 2653 1143 amaritudinem
2714 1079 2977 1143 ultionis
3030 1080 3407 1161 perducunt,
3460 1087 3523 1143 et

2033 1198 2148 1243 suo
2189 1198 2475 1243 remorsu
2503 1198 2693 1261 quem
2727 1178 3004 1260 pariunt,
3038 1187 3318 1241 mentem
3349 1176 3525 1239 affli-

2027 1287 2209 1358 gunt.
2237 1278 2390 1341 Nam
2420 1287 2485 1341 et
2511 1278 2765 1340 animus
2796 1276 3193 1340 inordinatus
3231 1276 3355 1339 sibi
3396 1276 3519 1359 ipsi

2031 1378 2191 1441 solet
2236 1396 2375 1441 esse
2418 1376 2711 1459 poenalis,
2746 1377 2884 1454 Vel,
2916 1375 3411 1453 AmaritudineS,
3458 1376 3522 1439 id

2029 1485 2125 1538 est
2172 1494 2394 1559 poenas
2443 1496 2710 1552 amaraS,
2752 1494 2912 1556 quas
2948 1475 3108 1537 mihi
3144 1476 3340 1556 (sicut
3369 1494 3523 1557 prae·

2029 1575 2369 1654 ordinasti)
2408 1574 2751 1649 inflixisti3
2792 1592 2949 1655 quas
3000 1574 3065 1636 in
3112 1593 3215 1636 me
3263 1592 3521 1655 quoque

408 1283 590 1359 quod
637 1290 824 1340 vento
872 1281 1160 1357 rapitur,
1205 1278 1267 1340 id
1315 1287 1412 1341 est
1462 1278 1528 1339 in
1580 1297 1682 1340 me
1728 1286 1792 1340 et
1839 1279 1918 1340 ad

405 1396 626 1440 meam
667 1376 1121 1455 afflictionem,
1155 1378 1269 1458 qui
1318 1376 1474 1439 folio
1518 1377 1691 1457 quod
1727 1384 1918 1439 vento

409 1476 796 1558 impellitur,
833 1476 1065 1538 similis
1110 1495 1251 1538 sum
1286 1494 1300 1537 ε
1335 1476 1488 1557 quia
1528 1495 1628 1538 res
1658 1494 1800 1537 sum
1830 1474 1919 1536 la-

407 1574 570 1637 bilis
617 1583 813 1657 atque
862 1573 1168 1649 infirma3
1221 1582 1283 1637 et
1333 1583 1404 1636 ut
1452 1573 1678 1637 folium
1728 1581 1916 1637 vento

407 1682 735 1749 movetur,
773 1673 865 1735 sic
897 1691 1014 1751 ego
1043 1673 1238 1735 variis
1275 1672 1792 1753 cogitationibuS,
1826 1670 1919 1734 af·
2031 1672 2246 1737 efficis
2310 1675 2674 1757 perdurare,
2735 1673 3273 1754 quemadmodum
3335 1673 3521 1735 durat

411 1768 836 1847 factionibus,
873 1770 1462 1852 tentationibusque
1510 1770 1808 1852 impellor
1854 1778 1919 1833 et
2030 1774 2297 1836 verbum
2328 1773 2659 1855 scriptum,
2688 1791 2815 1835 non
2846 1771 3110 1834 dictum.
3138 1770 3312 1834 Unde
3342 1778 3404 1833 et
3433 1771 3521 1833 in·

409 1868 594 1932 feror
623 1888 736 1931 seu
765 1888 1068 1943 moveor3
1107 1870 1288 1949 juxta
1325 1869 1389 1931 id
1428 1869 1602 1932 lsaiae
1636 1886 1649 1930 :
1683 1868 1918 1931 Cecidi·
1955 1873 2000 1935 B
2032 1869 2130 1933 fra
2161 1871 2445 1953 loquitur
2465 1872 2627 1934 Deo:
2655 1870 2929 1950 Signasti
2951 1870 3134 1951 quasi
3166 1870 3233 1932 in
3265 1870 3517 1933 sacculo
3544 1890 3627 1934 ³0⁶
3642 1896 3806 1944 nvn-1.

405 1987 563 2029 mus
619 1967 806 2049 quasi
859 1966 1088 2030 folium
1149 1967 1434 2031 universi
1475 1991 1490 2042 3
1545 1966 1916 2049 iniquitates
2026 1971 2259 2034 delicta
2306 1990 2468 2033 mea.
2501 1970 2578 2031 Et
2625 1970 2783 2032 dixit
2830 1988 3021 2051 supra
3058 1988 3070 2031 :
3108 1968 3362 2051 Sagittae
3401 1970 3519 2032 Do·
3547 1996 3791 2049 mama,

405 2074 654 2129 nostrae
690 2066 876 2148 quasi
917 2074 1148 2129 ventus
1186 2065 1588 2129 abstulerunt
1626 2084 1782 2140 nos3
1825 2087 1919 2126 os·
2025 2070 2186 2132 mini
2217 2070 2283 2132 in
2314 2090 2415 2133 me
2442 2078 2611 2146 sunt,
2635 2088 2905 2150 quarum
2938 2068 3290 2148 indignatio
3315 2067 3517 2131 ebibit

407 2167 632 2225 lendis
666 2168 1032 2242 potentiam
1078 2174 1280 2237 tuam,
1314 2184 1440 2246 qua
1487 2184 1591 2228 me
1641 2163 1916 2227 faciliter
2027 2168 2325 2249 spiritum
2356 2186 2591 2230 meum.

402 2262 711 2344 dejecisti
730 2270 927 2343 atque
947 2262 1176 2325 vicisti.
1192 2261 1381 2336 Quasi
1402 2262 1572 2325 dicat
1597 2281 1608 2324 :
1636 2263 1915 2325 Potestas
2104 2266 2407 2329 Praeterea
2450 2266 2929 2342 advertendum,
2962 2265 3133 2346 quod
3164 2263 3280 2327 101)
3309 2262 3518 2345 loqui-

405 2370 528 2423 tua
561 2380 761 2441 quum
791 2361 875 2423 sit
913 2361 1248 2437 immensa,
1285 2360 1714 2444 importabilis
1754 2359 1912 2422 mihi
2027 2373 2132 2426 tur
2179 2364 2422 2427 affectu
2465 2364 2761 2441 dolentiS,
2804 2364 2917 2445 qui
2963 2362 3293 2427 vocabulis
3344 2381 3515 2444 saepe

401 2468 545 2533 est;
581 2479 698 2523 nec
727 2461 959 2523 decens
991 2460 1265 2537 videtur,
1292 2469 1362 2523 ut
1391 2480 1530 2523 eam
1564 2460 1629 2522 in
1663 2468 1792 2523 tam
1825 2459 1916 2521 in-
2028 2462 2379 2545 improprie
2426 2462 2647 2539 utitur,
2696 2461 3027 2543 magisque
3088 2460 3373 2543 loquitur
3420 2480 3517 2523 se-

406 2558 614 2619 firma
637 2577 710 2621 ae
732 2557 946 2639 fragili
971 2567 1258 2621 creatura
1279 2560 1598 2621 ostendas.
1621 2558 1746 2620 Ista
1766 2565 1916 2620 sunt
2028 2562 2309 2624 cundum
2344 2560 2406 2623 id
2437 2561 2607 2643 quod
2647 2560 2891 2623 ratione
2929 2559 3166 2624 doloris
3204 2568 3317 2622 aut
3357 2557 3516 2621 foris

399 2656 614 2720 verba
637 2657 1096 2721 misericordiae
1117 2658 1684 2739 provocativa,non
1710 2676 1916 2739 repro-
2027 2666 2313 2741 apparet,
2350 2677 2540 2740 quam
2590 2657 2938 2721 secundum
2989 2658 3052 2719 id
3096 2657 3267 2739 quod
3312 2656 3378 2718 in
3420 2675 3519 2720 oc-

397 2754 635 2818 bativa
655 2756 1046 2838 operationis
1069 2775 1180 2819 seu
1203 2755 1644 2837 dispositionis
1665 2755 1910 2819 divinae.

73 1889 140 1931 1⁸.
161 1902 295 1939 uuv,
314 1891 366 1935 6,

2025 2757 2199 2820 culto
2229 2757 2464 2821 veritas
2492 2756 2699 2819 habet.
2731 2756 2908 2819 Unde
2948 2754 3295 2835 flagellatio
3321 2753 3459 2832 Job,
3480 2774 3519 2817 a

491 2856 586 2915 Et
611 2856 928 2932 stipulam
963 2857 1200 2915 siccam
1236 2858 1659 2933 persequeris,
1693 2854 1756 2917 id
1793 2861 1910 2929 est,
2025 2855 2151 2918 Deo
2185 2855 2291 2937 pie
2322 2873 2438 2936 pro
2472 2854 2647 2917 illius
2685 2854 2979 2936 profectu
3022 2854 3352 2935 permissa,
3388 2872 3517 2917 non

399 2970 518 3015 me
550 2960 925 3015 veteranum
966 2953 1170 3015 instar
1209 2952 1462 3035 stipulae
1504 2972 1618 3035 per
1665 2961 1912 3015 aetatem
2027 2952 2152 3015 fuit
2182 2954 2439 3036 proprie
2467 2953 2847 3035 persecutio,
2883 2953 2992 3015 sed
3032 2951 3397 3015 exercitatio
3430 2960 3521 3013 at-

397 3059 475 3113 et
506 3049 958 3114 infirmitatem
989 3051 1319 3128 siccatum,
1352 3052 1629 3131 graviter
1659 3052 1914 3134 impetis
1946 3056 1990 3119 C
2026 3072 2152 3133 que
2183 3052 2496 3135 probatio,
2533 3052 2849 3133 purgatiO,
2890 3052 3367 3133 gratiarumque
3410 3071 3521 3113 au-

397 3158 474 3211 et
507 3148 1242 3225 invadiS,continuando
1267 3149 1485 3231 plagas
1516 3157 1657 3212 tuas
1687 3149 1754 3212 in
1786 3170 1910 3213 me.
2025 3153 2178 3216 ctio.
2230 3152 2537 3215 Similiter
2585 3153 2747 3215 Deus
2806 3170 2933 3215 non
2992 3151 3250 3235 scripsit
3298 3146 3520 3215 contra

397 3247 704 3329 Denique
761 3248 953 3310 homo
1014 3247 1078 3309 in
1135 3248 1472 3328 juventute
1521 3248 1914 3311 assimilatur
2025 3270 2173 3313 eum
2204 3251 2405 3333 ipsius
2443 3258 2721 3333 peccata,
2758 3251 2836 3313 de
2880 3250 3113 3332 quibus
3159 3250 3461 3333 poenituit
3499 3268 3514 3312 :

2025 3350 2183 3430 quin
2232 3350 2439 3431 quoad
2489 3349 2741 3431 culpam
2792 3368 2865 3411 ea
2912 3349 3250 3431 poenitenti
3300 3349 3517 3412 statim

2025 3448 2313 3510 indulsit.
2352 3448 2469 3511 Sed
2500 3465 2755 3530 poenam
2787 3447 3103 3509 interdum
3138 3457 3417 3511 reservat
3449 3447 3514 3510 in

2025 3555 2349 3629 posterum
2388 3563 2401 3608 :
2435 3545 2655 3627 sicque
2682 3548 2782 3627 (ut
2824 3554 2971 3608 ante
3018 3544 3382 3627 aliqualiter
3430 3556 3519 3609 ta-

2023 3653 2197 3707 ctum
2236 3646 2359 3724 est)
2392 3664 2519 3707 una
2557 3663 2891 3707 causarum
2931 3644 3362 3725 percussionis
3398 3644 3515 3708 Job

2026 3742 2170 3820 fuit,
2192 3752 2261 3805 ut
2291 3763 2327 3805 a
2356 3742 2645 3825 pristinis
2676 3742 2904 3824 culpiS,
2924 3741 3112 3804 etiam
3145 3743 3353 3823 quoad
3384 3760 3514 3823 poe-

2027 3860 2197 3920 nam,
2232 3842 2586 3924 eriperetur
2616 3841 2682 3901 in
2712 3840 2942 3903 saeculo
2973 3840 3116 3902 isto.
3152 3840 3264 3902 llla
3303 3848 3511 3903 tamen

2025 3960 2215 4003 causa
2264 3959 2391 4003 non
2444 3939 2565 4002 fuit
2613 3938 3008 4022 principaliS,
3046 3958 3253 4020 neque
3299 3939 3515 4020 praeci-

395 3343 634 3407 herbae
666 3343 924 3420 virenti,
961 3344 1029 3406 in
1059 3351 1386 3407 senectute
1416 3352 1628 3407 autem
1657 3345 1914 3427 stipulae

395 3442 624 3505 siccae.
659 3441 1203 3516 Quemadmodum
1241 3461 1392 3505 vero
1421 3441 1558 3519 101),
1594 3443 1680 3505 ita
1711 3444 1912 3506 etalii

393 3541 536 3603 viri
590 3540 922 3617 virtutum,
972 3540 1322 3622 praesertim
1373 3541 1439 3602 in
1490 3541 1914 3605 tribulationi-

393 3640 536 3703 bus
581 3639 936 3717 constituti,
971 3639 1226 3702 infimis
1260 3659 1334 3702 ac
1363 3640 1596 3703 vilibus
1629 3642 1817 3705 rebus
1845 3661 1914 3704 se

389 3747 808 3821 comparant,
845 3747 1032 3821 prout
1073 3739 1281 3821 primo
1319 3740 1558 3819 Regum
1599 3740 1794 3803 David
1824 3740 1914 3802 ait

72 3862 348 3917 manns,
391 3838 488 3901 ad
549 3836 696 3899 Saul
743 3854 758 3897 :
801 3836 1000 3910 Quem
1051 3838 1477 3918 persequeriS,
1523 3857 1630 3901 rex
1678 3838 1914 3901 Israel?

59 3930 126 3967 ¹⁵·
393 3954 609 4017 quem
641 3934 1089 4016 persequeris?
1131 3936 1365 3999 Canem
1408 3944 1728 3998 mortuum
1776 3955 1914 4019 per·

392 4033 728 4114 sequeriS,
781 4041 846 4095 et
892 4033 1172 4115 pulicem
1227 4053 1447 4095 unum.
1503 4034 1605 4097 Sic
1654 4054 1911 4117 quoque
2024 4060 2150 4122 pua
2204 4058 2217 4101 :
2272 4039 2424 4120 quia
2473 4049 2535 4103 et
2583 4040 2721 4121 ipse
2766 4037 2882 4102 Job
2930 4037 3317 4101 satisfecisse
3364 4048 3515 4103 ante

393 4130 700 4195 secundo
739 4130 903 4193 libro
943 4132 1208 4212 Regum,
1251 4132 1674 4215 Miphiboseth
1705 4134 1912 4216 loqui·
2024 4138 2501 4219 percussionem
2540 4158 2720 4201 suam
2759 4139 3113 4201 credendus
3142 4146 3259 4215 est,
3294 4157 3514 4219 quam-

393 4240 520 4292 tur
579 4229 777 4293 David
834 4230 968 4311 regi
1035 4248 1048 4292 :
1109 4230 1260 4305 Quis
1315 4250 1429 4311 ego
1490 4251 1628 4294 sum
1689 4251 1911 4295 servus
1941 4238 1989 4298 D
2023 4238 2119 4299 vis
2151 4238 2313 4301 forte
2345 4256 2472 4300 non
2503 4236 2759 4320 penitus
2798 4237 3007 4319 plene.
3041 4237 3301 4319 Propter
3340 4238 3509 4319 quod

395 4326 909 4409 tuus‚quoniam
937 4329 1270 4411 respexisti
1295 4349 1488 4412 super
1506 4348 1730 4393 canem
1753 4350 1913 4395 mor·
2022 4336 2239 4400 subdit
2272 4354 2285 4398 ε
2318 4347 2379 4398 et
2415 4358 2779 4398 consumere.
2808 4356 2905 4397 me
2936 4338 3031 4396 vis
3050 4340 3331 4413 peccatis
3360 4341 3513 4398 ado-

393 4439 598 4491 tuum
655 4427 934 4490 similem
983 4429 1109 4491 mei
1151 4432 1174 4489 2
1223 4428 1478 4491 Certum
1527 4437 1623 4491 est
1669 4440 1904 4510 autem,
2021 4438 2333 4497 lescemiae
2378 4456 2554 4506 meoe,
2602 4436 2667 4497 id
2721 4444 2839 4513 est,
2890 4453 3002 4517 per
3060 4434 3503 4499 infirmitatem

385 4527 586 4609 quod
635 4526 930 4591 homines
979 4527 1268 4590 tribulati
1319 4547 1394 4591 ea
1441 4528 1712 4592 libenter
1760 4530 1908 4595 alle-
2018 4533 2184 4596 hanc
2224 4552 2427 4595 meam
2466 4534 2565 4597 vis
2602 4553 2705 4597 me
2739 4536 2839 4615 (ut
2878 4533 3156 4614 videtur)
3187 4554 3389 4617 usque
3428 4535 3507 4598 ad

383 4632 586 4707 gant,
623 4644 766 4706 quae
798 4626 1016 4706 aliquo
1047 4627 1236 4689 modo
1270 4627 1516 4707 possint
1544 4628 1636 4689 eis
1669 4648 1783 4710 pro
1815 4649 1910 4693 re-
2017 4640 2285 4695 mortem
2329 4630 2646 4713 affligere,
2683 4641 2943 4715 propter
2981 4643 3241 4716 peccata
3266 4652 3406 4697 mea
3438 4633 3505 4696 in

387 4723 732 4787 levamine
789 4724 1142 4805 cooperari.
1195 4724 1282 4786 lta
1339 4734 1401 4787 et
1452 4724 1567 4787 Job
1620 4726 1905 4789 divinam
2015 4729 2447 4793 adolescentia
2474 4750 2617 4793 mea
2642 4732 3001 4809 commissa,
3028 4740 3199 4796 tanto
3221 4741 3507 4815 tempore

389 4821 765 4905 potentiam
798 4830 992 4903 atque
1024 4822 1368 4884 humanam
1402 4822 1904 4887 imbecillitatem
2015 4828 2174 4889 mihi
2221 4847 2476 4910 poenam
2518 4848 2870 4893 reservans.
2903 4830 3079 4904 Quod
3117 4831 3310 4893 nimis
3344 4832 3507 4912 rigo·

383 4928 892 4995 commemorat,
943 4928 1012 4981 ut
1047 4920 1232 5001 quasi
1273 4921 1711 4985 ratiocinando
1757 4942 1906 4986 con·
2015 4945 2229 4988 rosum
2262 4936 2547 5008 apparet,
2580 4946 2655 4990 eo
2694 4928 2863 5008 quod
2906 4928 3332 4992 adolescentia
3376 4929 3504 4993 flu-

383 5018 646 5095 cludat‚
679 5018 853 5099 quod
883 5019 1102 5081 deceat
1133 5020 1328 5082 Deum
1369 5020 1614 5082 homini
1646 5020 1905 5083 misere·
2012 5023 2229 5086 xibilis
2278 5023 2379 5099 sit,
2430 5023 2747 5086 instabilis
2794 5044 2867 5087 ac
2917 5026 3151 5089 lasciva
3184 5044 3197 5089 :
3241 5037 3501 5110 propter

387 5118 456 5179 ri
494 5135 511 5177 ε
552 5116 718 5179 sicut
755 5116 809 5178 si
851 5115 1336 5180 robustissimus
1376 5118 1549 5199 pugil
1581 5128 1694 5180 aut
1723 5119 1901 5201 gigas
2013 5120 2183 5202 quod
2219 5120 2283 5183 in
2316 5122 2693 5185 Ecclesiaste
2730 5122 3021 5197 habetur,
3057 5124 3497 5189 Adolescentia
3550 5152 3782 5207 Beatam,

2010 5228 2074 5282 et
2101 5219 2395 5301 voluptas
2423 5239 2585 5283 vana
2614 5227 2783 5281 sunt.
2815 5221 2975 5283 Hinc
3003 5223 3277 5303 peccatis
3318 5224 3493 5289 illius
3525 5216 3590 5261 ¹⁰·

2011 5317 2213 5381 aetatis
2246 5316 2499 5379 facilius
2528 5316 2987 5398 indulgendum
3018 5329 3336 5386 censetur.

59 4259 92 4301 11
103 4261 216 4313 1309.
229 4262 347 4309 ¹1³8·

385 5214 786 5299 projecisset
823 5214 1162 5295 puerulum
1196 5215 1264 5278 in
1296 5224 1528 5278 terram
1567 5217 1687 5278 sub
1726 5217 1902 5298 pedi-

383 5316 530 5378 bus
559 5314 717 5392 suia,
749 5314 1004 5377 deceret
1033 5322 1104 5375 ut
1130 5332 1278 5376 eum
1310 5314 1416 5396 pie
1444 5314 1736 5395 erigeret.
