4309 6259
617 5049 784 5095 Mania

583 5126 694 5163 xxvi,
717 5116 784 5155 38.

871 492 990 555 356

1736 512 2084 557 ENARRATlo
2127 511 2190 556 IN
2232 511 2369 557 CAP-
2416 512 2483 557 m
2522 512 2648 557 1013.
2694 530 2775 541 -
2814 513 2957 559 ΛΒΤ.
3004 513 3092 560 ΧΠ

1965 921 2617 1007 ARTICULUS
2695 924 2865 1008 XII

1557 1196 1635 1241 DE
1687 1196 2081 1242 ExposrrloNE
2133 1196 2187 1241 S.
2220 1193 2443 1241 THOHAE
2495 1195 2672 1241 cmca
2724 1197 2869 1241 mm
2921 1198 3278 1243 CAPITULUM.

871 1472 1327 1675 QUONIAM
1365 1475 1676 1557 expositio
1715 1474 1776 1537 S.
1811 1473 2095 1554 Gregorii
2129 1472 2197 1534 in
2235 1472 2356 1534 isto
2386 1472 2436 1534 A
2546 1475 2632 1534 Ec
2662 1475 3007 1535 maledixit
3036 1477 3173 1535 diei
3198 1496 3334 1538 suo,
3366 1476 3755 1555 Maledicere,
3790 1480 3960 1542 mul-

1019 1574 1300 1656 capitulo
1323 1574 1576 1636 videtur
1596 1574 1676 1635 ad
1692 1572 2203 1654 spiritualitatem
2226 1590 2353 1633 non

859 1674 1108 1736 modice
1139 1673 1420 1747 tendere,
1454 1672 1723 1734 Thomas
1767 1679 2032 1733 conatus
2071 1678 2167 1731 est
2198 1688 2355 1750 prae-

863 1790 1008 1834 sens
1037 1770 1389 1853 capitulum
1423 1769 1783 1831 litteraliter
1822 1769 2163 1850 explanare
2196 1784 2210 1828 ε
2247 1787 2355 1829 cu—

861 1870 964 1951 jus
1007 1868 1319 1951 expositio
1362 1868 1425 1929 in
1472 1869 1589 1930 hac
1634 1875 1811 1949 parte
1855 1865 2108 1947 planior
2147 1874 2243 1928 est
2292 1874 2354 1928 et

863 1967 1200 2030 resolutior
1228 1986 1420 2049 quam
1451 1966 1714 2028 Alberti.
1753 1966 1966 2046 ltaque
2005 1963 2094 2026 ait
2127 1981 2142 2025 ε
2178 1964 2353 2025 Sicut

860 2066 1101 2129 dIctum
1133 2074 1246 2143 est,
1283 2066 1454 2128 circa
1485 2064 1811 2147 passiones
1847 2063 2078 2125 animae
2114 2062 2353 2144 duplex

863 2164 988 2227 ruit
1014 2165 1425 2245 antiquorum
1456 2162 1697 2245 opinio.
1731 2162 1926 2225 Stoici
1965 2161 2138 2223 enim
2184 2161 2353 2223 dixe-

864 2271 1012 2325 runt
1043 2262 1366 2325 tristitiam
1413 2262 1479 2323 in
1526 2262 1878 2343 sapientem
1921 2279 2049 2323 non
2099 2260 2347 2323 cadere.

858 2361 1257 2443 Peripatetici
1301 2379 1451 2424 vero
1495 2359 1793 2422 dixerunt
1843 2358 2197 2439 sapientem
2249 2358 2353 2419 tri·

859 2460 1011 2522 stari
1043 2460 1364 2522 moderate
1395 2458 1744 2520 secundum
1784 2456 2092 2518 rationem
2130 2473 2143 2517 :
2180 2456 2350 2537 quod

861 2558 1112 2620 veritati
1134 2556 1495 2620 concordat.
1520 2555 1700 2617 Ratio
1720 2555 1893 2616 enim
1918 2554 2350 2616 conditionem

2470 1570 2771 1652 tipliciter
2800 1572 3094 1634 sumitur.
3128 1572 3332 1647 Quum
3372 1575 3542 1637 enim
3574 1575 3957 1641 maledicere

2467 1668 2626 1732 nihil
2660 1670 2832 1731 aliud
2876 1670 2958 1732 sit
2996 1690 3188 1753 quam
3233 1672 3400 1735 mala
3437 1672 3668 1751 dicere,
3703 1682 3797 1738 tot
3825 1696 3959 1739 mo-

2464 1767 2565 1828 dis
2606 1767 3030 1845 maledicitur,
3066 1777 3223 1850 quot
3264 1772 3468 1833 modis
3512 1772 3747 1836 malum
3796 1775 3959 1837 dici-

2467 1874 2588 1926 tur.
2623 1865 2837 1946 ltaque
2876 1866 3212 1948 tripliciter
3252 1868 3670 1932 maledicitur.
3717 1871 3953 1949 Prim0,

2464 1963 2912 2026 maledictione
2969 1974 3269 2028 causante
3326 1967 3593 2045 malum,
3654 1972 3958 2051 quemad-

2465 2062 2724 2125 modum
2770 2063 2981 2126 dicere
3014 2064 3143 2141 Dei,
3178 2074 3275 2128 est
3316 2086 3505 2129 causa
3554 2086 3767 2131 eorum
3809 2089 3955 2151 quae

2463 2160 2650 2235 dicit;
2686 2169 2748 2223 et
2778 2162 3094 2224 sententia
3121 2163 3378 2244 judiciS,
3403 2184 3591 2227 causa
3622 2176 3717 2229 cst
3745 2185 3953 2249 poenae

2463 2260 2601 2340 ejus
2623 2278 2815 2339 quem
2845 2260 3106 2322 damnat
3140 2279 3154 2323 ε
3190 2261 3409 2344 sicque
3440 2263 3505 2325 in
3537 2262 3761 2329 Genesi
3792 2266 3954 2328 dici·

2463 2365 2588 2434 tur,
2624 2356 2989 2420 Maledictus
3018 2359 3337 2422 Chanaan.
3368 2360 3446 2423 Et
3471 2361 3659 2425 Josue
3689 2363 3954 2427 maledi·
3980 2391 4247 2437 aanffi„
4281 2428 4282 2437 ,

2461 2456 2552 2517 xit
2581 2455 2814 2519 Achan.
2856 2457 3144 2521 Secundo
3190 2457 3269 2520 fit
3308 2459 3498 2537 ist-ud,
3542 2461 3949 2544 imprecando
3980 2456 4247 2559 25¹“2‘⁸·¹·
4281 2474 4282 2547 j

2463 2554 2563 2616 vel
2603 2556 2880 2636 optando
2920 2556 3159 2617 malum
3190 2557 3383 2619 alicui
3420 2575 3434 2619 ε
3468 2566 3531 2621 et
3565 2559 3655 2622 sic
3685 2560 3951 2642 Aposto-
4036 2550 4049 2560 ’

862 2663 1101 2719 naturae
1131 2654 1386 2717 auferre
1430 2672 1558 2715 non
1601 2660 1830 2734 potest.
1863 2652 1973 2713 Est
2002 2660 2215 2715 autem
2252 2672 2350 2715 ra·
2389 2660 2436 2722 B
2465 2653 2563 2714 lus
2595 2653 2889 2735 prohibet
2931 2654 3333 2733 maledicere,
3366 2656 3582 2720 dicens
3622 2658 3699 2721 ad
3734 2659 3954 2722 Roma-

861 2755 1098 2818 tionale
1145 2753 1466 2817 sensitivae
1515 2760 1778 2828 naturae,
1822 2750 2352 2813 convenientibus

862 2852 1184 2929 delectari,
1210 2852 1370 2915 etde
1401 2851 1647 2915 nocivis
1679 2850 1894 2913 dolere
1925 2859 2116 2931 atque
2149 2849 2355 2912 trista-

865 2952 920 3013 ri
955 2970 969 3013 ε
1004 2952 1173 3032 quod
1221 2950 1380 3013 ratio
1419 2944 1642 3031 ne'quit
1678 2948 1969 3023 auferre3
2004 2949 2112 3010 sed
2146 2949 2356 3011 mode-

865 3059 1039 3111 ratur
1081 3048 1190 3125 ita,
1240 3048 1412 3130 quod
1464 3048 1624 3110 ratio
1665 3066 1779 3129 per
1829 3047 2117 3109 tristitias
2155 3066 2193 3108 a
2242 3066 2355 3109 sua

863 3146 1242 3210 rectitudine
1263 3164 1389 3208 non
1411 3144 1696 3209 divertat.
1718 3145 2197 3225 Concordatque
2217 3145 2351 3207 haec

859 3244 1079 3327 opinio
1108 3262 1300 3306 sacrae
1328 3242 1690 3324 Scriptum,
1715 3262 1858 3323 quae
1892 3242 2217 3304 tristitiam
2248 3261 2354 3324 po-

862 3344 958 3406 nit
999 3343 1065 3405 in
1103 3342 1374 3416 Christ0‚
1415 3342 1480 3403 in
1528 3360 1656 3422 quo
1701 3348 1797 3403 est
1845 3341 2054 3403 omnis
2096 3340 2353 3403 virtutis

860 3460 934 3503 ac
984 3440 1310 3523 sapientiae
1360 3439 1713 3521 plenitudo.
1766 3438 1868 3501 Sic
1917 3458 2068 3519 ergo
2113 3438 2230 3502 Job
2278 3458 2355 3501 ex

860 3538 1259 3621 praenarratis
1281 3536 1759 3601 adversitatibus
1785 3536 2104 3599 tristitiam
2127 3536 2356 3599 sensit:

861 3637 1017 3699 alias
1048 3636 1357 3719 patientia
1386 3636 1452 3696 in
1475 3654 1550 3697 00
1582 3634 1792 3697 locum
1826 3653 1954 3697 non
1987 3634 2347 3709 habuisset3

863 3736 972 3799 sed
1004 3743 1264 3817 propter
1296 3733 1618 3795 tristitiam
1649 3733 1808 3796 ratio
1853 3733 1992 3815 ejus
2025 3752 2062 3795 a
2095 3733 2354 3795 rectitu-

2464 2770 2601 2828 nOS,
2634 2752 3015 2830 Benedicite‚
3050 2761 3114 2815 et
3143 2753 3341 2816 nolite
3370 2755 3783 2832 maledicere3
3820 2777 3951 2821 non
4026 2781 4251 2827 nomm.

2462 2858 2673 2913 autem
2705 2851 2911 2933 primo
2943 2853 3151 2915 modo.
3188 2853 3395 2916 Tertio
3426 2854 3504 2916 fit
3534 2854 3676 2933 hoc,
3710 2856 3951 2919 malum
3982 2845 4050 2886 ¹⁴·
4281 2848 4282 2867 ³

2464 2947 2841 3029 simpliciter
2888 2950 3281 3013 enuntiando
3332 2968 3443 3033 per
3487 2953 3745 3015 modum
3792 2973 3954 3035 prae-

2464 3046 2684 3121 sentiS,
2720 3047 3023 3127 praeteriti
3068 3047 3168 3111 vel
3219 3047 3440 3109 futuri.
3476 3048 3578 3112 Sic
3608 3050 3723 3113 Job
3766 3052 3955 3115 male-

2464 3145 2623 3207 dixit
2666 3145 2790 3207 diei
2844 3164 2980 3222 suo,
3020 3165 3166 3208 eum
3211 3146 3451 3209 malum
3494 3167 3634 3212 esse
3682 3148 3953 3213 dicendo

2463 3245 2813 3306 secundum
2856 3262 3099 3307 morem
3130 3244 3491 3327 Scripturae,
3534 3265 3664 3328 quo
3700 3254 3953 3330 tempus

2463 3342 2697 3404 dicitur
2727 3341 2967 3404 bonum
3000 3361 3113 3405 seu
3145 3343 3381 3405 malum
3414 3353 3675 3427 propter
3704 3364 3778 3408 ea
3808 3365 3954 3428 quae

2465 3438 2637 3501 fiunt
2665 3438 2732 3501 in
2766 3447 3071 3521 tempore.

2543 3536 2849 3619 Denique,
2883 3537 3031 3601 licet
3068 3558 3207 3602 esse
3250 3548 3313 3602 et
3341 3540 3557 3604 vivere
3602 3540 3683 3603 sit
3726 3560 3956 3605 sccun-

2462 3635 2615 3698 dum
2656 3655 2723 3697 se
2761 3636 3152 3717 appetibile;
3198 3644 3407 3699 tamen
3449 3657 3589 3703 esse
3634 3647 3697 3702 et
3736 3640 3954 3703 vivere

2464 3734 2530 3794 in
2562 3734 2817 3796 miseria
2848 3742 2945 3797 est
2976 3733 3371 3816 fugiendum,
3398 3737 3747 3800 secundum
3774 3739 3949 3819 quod

861 3835 1011 3898 dine
1043 3853 1170 3897 non
1211 3832 1492 3896 recessit.
1514 3832 1605 3894 Ad
1644 3831 1817 3912 quod
1858 3832 2345 3908 ostendendum,
2390 3838 2433 3902 C
2462 3832 2831 3913 hujusmodi
2868 3850 2881 3894 :
2918 3834 3208 3913 quamvis
3231 3833 3553 3896 interdum
3582 3854 3721 3899 esse
3751 3835 3816 3897 in
3839 3836 3955 3898 mi-

861 3934 1096 3996 dicitur
1129 3950 1143 3995 ε
1177 3936 1331 3995 Post
1361 3934 1518 4001 koec,
1552 3930 1615 3992 id
1646 3938 1742 3993 est
1767 3939 1910 4011 post
1941 3938 2185 4011 septem
2215 3930 2351 3992 dies

863 4030 1313 4094 taciturnitatis
1345 4028 1645 4111 praefatae.
1679 4028 1856 4090 Unde
1885 4036 2153 4105 constat,
2180 4029 2351 4109 quod

862 4148 937 4192 ex
968 4130 1233 4204 ratione,
1269 4147 1398 4191 non
1430 4147 1507 4190 ex
1538 4126 1832 4188 turbante
1861 4126 2119 4188 tristitia
2149 4128 2232 4188 sit
2264 4127 2354 4189 lo-

861 4236 1047 4290 cutus
1089 4244 1103 4288 ε
1140 4226 1296 4288 alias
1337 4234 1484 4287 ante
1533 4224 1903 4306 protulisset
1947 4224 2082 4287 haec
2132 4225 2348 4303 verba,

859 4325 1115 4407 quando
1149 4324 1406 4385 tristitia
1435 4321 1869 4387 vehementior
1900 4322 2044 4384 fuit.
2069 4323 2353 4385 Tristitia

859 4441 1136 4504 namque
1159 4421 1460 4503 temporis
1481 4420 1882 4501 longitudine
1912 4421 2260 4501 mitigatur,
2287 4430 2351 4484 et

858 4522 927 4583 in
949 4520 1266 4603 principio
1296 4520 1496 4599 magis
1514 4520 1803 4581 sentitur.
1819 4520 1960 4582 Ideo
1985 4528 2112 4582 tam
2136 4520 2246 4581 diu
2267 4527 2352 4583 ta-

859 4621 1070 4683 cuisse
1097 4619 1369 4696 videtur,
1396 4637 1475 4681 ne
1504 4638 1580 4681 ex
1619 4618 1986 4699 perturbata
2015 4628 2229 4681 mente
2260 4620 2351 4682 lo-

861 4718 974 4801 qui
1002 4718 1413 4799 J'udicaretur.
1440 4716 1658 4779 Solent
1678 4725 1888 4778 autem
1922 4717 2242 4798 sapientes
2274 4737 2350 4781 ex

863 4816 1107 4879 ratione
1137 4815 1490 4898 exprimere
1529 4823 1738 4877 motus
1774 4815 2142 4896 passionum
2187 4835 2349 4897 quos

865 4916 1171 4991 sentiunt,
1191 4915 1533 4990 moderate,
1555 4914 1718 4976 sicut
1747 4922 1812 4976 et
1829 4913 2116 4977 Christus
2145 4914 2347 4978 dixit:

2464 3932 2658 4006 seria,
2711 3931 2911 4013 aliqui
2963 3931 3237 3995 libenter
3285 3931 3494 3995 serant
3539 3933 3620 3996 ob
3669 3933 3949 4016 aliquem

2463 4028 2687 4092 finem.
2726 4030 2881 4092 Hinc
2918 4030 3151 4092 misera
3180 4030 3311 4093 vita
3354 4049 3497 4112 quae
3538 4050 3665 4095 non
3696 4032 3951 4095 ordina—

2462 4135 2566 4189 tur
2596 4128 2675 4189 ad
2704 4127 2983 4208 aliquem
3018 4127 3220 4190 finem
3250 4127 3515 4205 bonum,
3550 4130 3729 4193 nullo
3760 4132 3949 4195 modo

2461 4235 2558 4288 est
2597 4226 2909 4307 eligenda,
2959 4233 3149 4307 prout
3174 4226 3460 4289 Christus
3500 4227 3589 4289 ait
3627 4228 3705 4290 de
3735 4228 3895 4291 Juda
3928 4246 3943 4291 ε

2460 4325 2677 4387 Melius
2712 4325 2771 4387 ei
2816 4331 2951 4387 erat
2990 4325 3043 4385 si
3090 4334 3275 4386 natus
3316 4344 3443 4387 non
3486 4334 3671 4389 esset.
3705 4326 3947 4390 Bonum
4026 4359 4207 4401 unffi,
4281 4400 4282 4411 1

2460 4432 2669 4486 autem
2719 4423 2891 4505 quod
2936 4442 3013 4485 ex
3062 4422 3320 4485 miseria
3365 4433 3783 4506 exspectatur,
3818 4444 3945 4488 non
3972 4434 4093 4472 ΙΝ·
4118 4425 4190 4465 ²⁴·
4281 4414 4282 4487 ἕ

2461 4521 2881 4604 apprehendit
2902 4521 2999 4583 vis
3020 4519 3340 4596 sensitiva,
3354 4522 3463 4583 sed
3486 4522 3647 4584 ratio
3678 4531 3942 4601 tantum,

2460 4620 2626 4682 sicut
2656 4619 3145 4682 amaritudinem
3174 4618 3506 4681 medicinae
3535 4620 3810 4702 percipit
3835 4639 3950 4701 gu-

2460 4726 2617 4795 stuS,
2638 4718 2899 4800 solaque
2929 4716 3090 4780 ratio
3114 4716 3179 4778 in
3214 4716 3351 4779 fine
3372 4716 3659 4780 sanitatis
3688 4718 3951 4781 delecta-

2464 4826 2587 4878 tur.
2614 4816 2678 4879 Si
2715 4816 2861 4897 quis
2892 4833 3041 4895 ergo
3072 4814 3425 4877 secundum
3459 4815 3819 4897 passionem
3850 4817 3951 4879 sui

2462 4925 2683 4995 gustus
2714 4913 3028 4995 judicaret
3056 4913 3135 4975 de
3166 4912 3483 4976 medicina
3522 4933 3756 4991 amara,
3792 4914 3957 4978 dice-

866 5014 1091 5077 Tristis
1125 5022 1221 5075 est
1259 5013 1471 5075 anima
1514 5031 1656 5074 mea
1695 5030 1898 5093 usque
1942 5013 2020 5074 ad
2058 5023 2351 5077 mortem.
2388 5014 2438 5075 D
2466 5024 2560 5076 ret
2591 5033 2728 5077 eam
2753 5012 3015 5086 malam3
3043 5012 3204 5074 ratio
3230 5020 3437 5073 tamen
3462 5011 3700 5075 diceret
3721 5012 3951 5076 bonam

868 5115 942 5176 Et
981 5112 1232 5176 Boetius
1280 5111 1487 5193 primo
1537 5111 1615 5172 de
1645 5109 2110 5189 Consolatione,
2164 5113 2358 5174 tristi-

867 5213 1020 5276 tiam
1042 5229 1220 5274 suam
1253 5208 1524 5291 aperuit,
1549 5217 1618 5270 ut
1647 5210 2006 5271 ostenderet
2035 5212 2357 5291 quomodo

868 5330 1008 5373 eam
1039 5308 1284 5371 rationc
1311 5307 1651 5387 mitigaret.

2466 5122 2724 5195 propter
2755 5110 2952 5173 finem
2988 5110 3327 5172 intentum.
3364 5108 3671 5173 Similiter
3699 5110 3959 5174 miseria

2464 5230 2655 5293 quam
2685 5210 2801 5273 Job
2831 5208 3213 5291 patiebatur,
3235 5207 3468 5271 rationi
3500 5208 3679 5271 utilis
3706 5209 3960 5273 videba-

2466 5320 2588 5387 tur,
2624 5310 2733 5371 sed
2764 5307 3034 5371 inferior
3066 5326 3212 5389 pars
3240 5307 3470 5369 animae
3497 5325 3639 5369 cam
3670 5307 3963 5392 repudia-
