4309 6259
900 476 1038 538 272.

1205 495 1554 542 RNARRATIO
1595 497 1658 541 IN
1699 497 1836 543 CAP-
1884 496 2075 542 XXXVI
2115 497 2274 542 LIBRI
2316 497 2566 543 SECUNDI
2608 498 3137 545 PARALIPOMENON.
3182 517 3264 527 -
3302 498 3446 545 ART.
3490 498 3681 544 XXXVI

903 671 1168 741 constat,
1194 666 1364 747 quod
1387 674 1648 748 propter
1671 665 1951 729 occultas
1984 685 2205 729 causas
2228 667 2391 730 Deus
2417 666 2468 728 A
2497 669 2674 729 dotes
2708 676 2770 730 et
2789 668 3045 745 Levitae,
3069 676 3359 731 cantores
3381 688 3455 731 ac
3475 668 3778 750 janitores
3800 673 3983 729 erant

901 764 1287 845 quandoque
1319 764 1646 845 permittat
1670 764 1876 845 justos
1910 783 2088 845 reges
2118 784 2190 827 ac
2218 765 2391 847 prin·

899 860 1072 942 cipes
1103 861 1182 923 ab
1227 862 1483 943 injustis
1528 862 1593 922 in
1642 861 1830 925 bellis
1880 861 2161 925 interfici
2198 882 2211 924 :
2250 864 2389 927 ideo

896 959 1102 1023 victor
1132 960 1198 1021 in
1229 960 1400 1023 bello
1431 979 1561 1023 non
1595 961 1786 1023 debet
1811 961 2070 1041 gloriari
2112 962 2389 1025 inaniter

895 1066 1005 1120 aut
1053 1058 1326 1122 incaute.
1363 1060 1676 1142 AmpliuS,
1712 1079 1788 1123 ex
1817 1060 1937 1123 hoc
1977 1062 2148 1142 quod
2184 1080 2388 1125 sacer-

2498 766 2562 827 in
2598 766 2835 849 templo
2878 775 3003 830 tam
3051 769 3343 831 ordinate
3385 767 3701 850 dispositi,
3734 774 3984 829 constat

2495 884 2687 946 quam
2718 866 3007 929 ordinate
3029 874 3091 929 et
3120 876 3484 930 reverenter
3516 866 3749 929 habere
3779 884 3848 927 se
3878 864 3985 926 de-

2494 965 2686 1027 bcant
2717 966 2782 1026 in
2830 965 3067 1027 divinis
3106 967 3486 1042 sacerdoteS,
3520 962 3833 1039 canonici,
3865 963 3985 1025 cle-

2494 1062 2633 1140 rici,
2661 1062 2940 1143 religiosi
2962 1084 3035 1127 ac
3064 1063 3360 1128 monachi
3389 1061 3767 1144 evangelicae
3794 1060 3977 1141 legiS.

1901 1489 2548 1575 ARTICULUS
2624 1491 2989 1574 XXXVI

927 1764 1280 1809 EmcmA‘rlo
1321 1764 1598 1810 CAPITULI
1636 1764 1938 1809 ‘nuci-:stul
1976 1764 2150 1809 SEXTI
2188 1764 2201 1808 ἰ
2244 1763 2416 1809 'rum'r
2456 1763 2613 1808 ERGO
2650 1763 2914 1809 POPULUS
2948 1765 3161 1810 TERRAE
3197 1766 3467 1811 JoAanz
3505 1767 3708 1811 Flmuu
3744 1766 3951 1812 Joslffl.

1019 2042 1122 2107 ΟΝ
1132 2043 1543 2107 SUMMATIO
1574 2044 1752 2127 regni
1778 2044 2139 2107 Judaeorum
2178 2062 2383 2125 usque
2421 2043 2467 2105 B
2496 2062 2641 2106 eum
2674 2064 2889 2107 secum
2921 2043 2987 2105 in
3018 2044 3186 2121 dolo,
3222 2043 3343 2106 sub
3372 2064 3485 2126 spe
3516 2045 3867 2108 honorandi
3890 2047 3989 2129 ip-

1036 2143 1114 2204 ad
1135 2142 1576 2225 Babylonicam
1609 2143 2041 2226 captivitatem
2061 2142 2168 2205 hic
2200 2161 2386 2205 enar-

895 2249 1091 2304 ratur.
1143 2244 1316 2303 Tulit.
1360 2263 1506 2320 erqo
1542 2247 1825 2320 populus
1872 2253 2057 2304 terroe.
2100 2244 2383 2304 Joaclzaz

892 2344 1114 2419 filium
1140 2344 1351 2413 Josioe,
1374 2350 1434 2401 et
1461 2344 1796 2402 constituit
1825 2362 2034 2419 reyem
2058 2361 2181 2419 pro
2194 2349 2385 2417 patre

893 2460 1008 2499 suo
1039 2441 1110 2499 in
1135 2443 1516 2501 Jerusalem.
1561 2442 1807 2517 Viyinti
1829 2442 2032 2500 crium
2054 2459 2383 2499 annorum

893 2548 1032 2598 erac
1071 2539 1354 2599 Joaclzaz
1407 2559 1606 2617 quum
1657 2558 1928 2615 reynare
1976 2539 2285 2617 caepisset,
2324 2544 2383 2595 et

897 2637 1103 2695 tribus
1159 2638 1482 2696 mensibus
1531 2639 1826 2713 reynavit
1881 2639 1950 2696 in
1999 2639 2377 2697 Jerusalem.

896 2735 1158 2795 Amovit
1185 2744 1401 2793 aulem
1429 2755 1577 2794 eum
1609 2756 1724 2794 rex
1740 2736 2020 2813 AEqypti
2049 2755 2251 2815 quum
2285 2753 2383 2793 ve-

895 2835 1091 2893 nissel
1135 2835 1208 2893 in
1249 2836 1628 2904 Jerusalem,
1670 2842 1728 2892 et
1771 2834 2223 2894 condemnavit
2264 2842 2383 2892 ter-

894 2950 1040 2990 ram
1069 2939 1326 2991 centum
1357 2933 1616 2991 talentis
1648 2933 1903 3009 arqenti
1919 2942 1979 2992 et
2001 2937 2236 2993 talento
2266 2952 2382 2991 au-

895 3030 982 3089 ri.
1037 3031 1500 3109 Comtituitque
1539 3049 1663 3106 pro
1711 3050 1778 3089 eo
1833 3050 2044 3107 reyem
2093 3031 2379 3091 Eliacz'm

2494 2162 2633 2204 sum
2667 2143 2731 2205 in
2762 2144 3044 2225 AEgypto.
3083 2142 3203 2205 Sed
3232 2162 3429 2223 quum
3464 2144 3741 2207 venisset
3772 2144 3837 2206 in
3868 2145 3990 2208 Re-

2496 2241 2733 2317 blatha,
2752 2241 2958 2323 vinxit
2985 2249 3237 2319 eum‚et
3258 2241 3520 2322 ligatum
3555 2242 3729 2304 misit
3754 2244 3821 2304 in
3854 2264 3989 2306 car-

2493 2359 2701 2403 cerem
2734 2340 2799 2402 in
2829 2341 3119 2422 AEgypto.

2574 2439 2811 2502 Deinde
2831 2439 2909 2501 de
2940 2440 3249 2519 regimine
3267 2439 3513 2502 Joakim
3534 2439 3760 2520 agitur,
3784 2460 3985 2523 quem

2491 2556 2600 2600 rex
2630 2537 2879 2619 AEgypti
2930 2556 3046 2619 pro
3088 2537 3282 2601 fratre
3327 2538 3529 2620 ipsius
3575 2539 3839 2601 Joachaz
3884 2540 3988 2601 in-

2492 2635 2700 2697 stituit
2750 2654 2983 2716 regem.
3037 2638 3288 2713 Viyinti
3323 2638 3611 2717 quinq-ue
3650 2658 3987 2700 annorum

2488 2745 2629 2796 erat
2648 2738 2907 2796 Joakim
2937 2756 3141 2814 quum
3158 2756 3427 2812 reamare
3445 2738 3745 2812 coepisset,
3778 2746 3837 2795 et
3858 2759 3987 2797 un-

2489 2836 2697 2895 decim
2736 2836 2933 2895 annis
2962 2836 3261 2910 reynauit
3280 2835 3351 2894 in
3369 2837 3723 2895 Jerusalem
3742 2859 3770 2907 ,·
3794 2838 3988 2915 secit-

2488 2953 2609 3011 que
2650 2936 2899 2994 malum
2942 2952 3155 2992 coram
3189 2934 3463 2993 Domino
3491 2935 3617 2994 Deo
3656 2954 3790 2995 ειιο.
3828 2932 3983 3007 Qum

2489 3030 2593 3092 hic
2654 3030 3020 3093 scribuntur
3063 3031 3142 3092 de
3186 3029 3451 3105 Joakim,
3504 3030 3739 3112 scripta
3782 3041 3982 3113 atque

892 3128 1172 3204 fratrem
1200 3128 1341 3203 ejus
1369 3148 1562 3205 super
1577 3131 1818 3189 Iudam
1843 3138 1902 3189 et
1919 3131 2302 3193 Jerusalem..
2322 3137 2382 3187 et
2486 3128 2775 3209 exposita
2814 3128 3005 3195 etiam
3048 3136 3196 3190 sunt
3241 3137 3469 3209 quarto
3515 3128 3677 3192 libro
3706 3130 3975 3211 Regum.
4066 3158 4116 3200 {v
4140 3157 4237 3209 neq.

896 3227 1087 3285 vertit
1131 3244 1362 3286 nomen
1411 3227 1573 3303 ejus’,
1625 3228 1906 3287 Joakim.
1957 3227 2183 3303 Ipsum
2236 3246 2380 3286 vero
2412 3220 2457 3285 C
2490 3230 2721 3288 Contra
2753 3230 2927 3288 leuno
2953 3228 3240 3288 ascendit
3262 3229 3838 3288 Nabuchodonosor
3853 3250 3980 3289 rex
4008 3224 4249 3269 ‘¹¹¹¹·³⁶*³³·

891 3326 1170 3384 Joaolzaz
1212 3326 1362 3384 tulit
1397 3345 1633 3394 secum,
1671 3333 1728 3383 et
1759 3326 2044 3385 adduxit
2073 3327 2148 3385 in
2177 3327 2381 3402 AEyy-
2492 3326 2959 3397 Chaldaeorum,
2992 3336 3051 3385 ec
3080 3327 3373 3386 vinctum
3402 3328 3642 3387 catenis
3671 3329 3866 3387 duxit
3896 3329 3977 3388 in

886 3430 1102 3499 ptum.
1135 3421 1282 3495 Quae
1331 3422 1435 3485 hio
1481 3421 1802 3499 dicuntur,
1837 3421 2054 3485 omnia
2097 3424 2383 3506 exposita
2489 3426 2911 3501 Babylonem,
2941 3424 3005 3485 id
3044 3432 3153 3499 est,
3186 3424 3417 3486 ducere
3459 3423 3611 3486 illuc
3649 3424 3861 3505 coepit,
3908 3434 3979 3487 et

658 3532 712 3577 ιν
730 3534 842 3588 aeq.
897 3526 1049 3580 sunt
1076 3529 1302 3600 quarto
1333 3522 1569 3600 Regum
1611 3520 1799 3597 libro,
1833 3521 1944 3583 ubi
1983 3521 2118 3583 haec
2158 3522 2379 3584 eadem
2488 3523 2567 3585 ad
2613 3522 2732 3585 hoc
2770 3522 3085 3585 catenavit
3112 3542 3281 3599 eum,
3314 3530 3386 3585 ut
3427 3522 3517 3585 sic
3556 3523 3981 3586 deduceretur

601 3598 868 3648 ‘⁸¹¹¹'³¹'³⁴·
897 3617 1134 3699 scripta
1161 3628 1330 3681 sunt.
2489 3622 2556 3683 in
2603 3620 3007 3703 Babylonem,
3052 3625 3139 3681 ad
3181 3642 3378 3701 quam
3418 3632 3479 3681 et
3522 3642 3675 3681 vasa
3704 3624 3981 3683 Domini

633 5006 748 5051 nist.
779 5006 857 5050 lib.

591 5070 859 5129 lVReg.e.38.

972 3715 1770 3792 Praetereaadvertendum,
1796 3719 1965 3801 quod
1989 3738 2181 3801 super
2200 3737 2381 3800 quar-

894 3821 1026 3875 tum
1080 3814 1315 3877 librum
1365 3816 1603 3897 Regum
1664 3817 1887 3879 scribit
1933 3816 2092 3900 Lyra
2127 3834 2141 3878 :
2176 3815 2377 3890 Quum

891 3910 1128 3975 Pharao
1159 3913 1433 3995 cepisset
1464 3913 1730 3997 Syriam,
1751 3915 2076 3977 mandavit
2105 3934 2221 3997 pro
2247 3914 2381 3977 Joa-

891 4010 1066 4087 chaz,
1099 4020 1169 4075 ut
1198 4012 1444 4077 veniret
1482 4013 1559 4075 ad
1602 4032 1748 4075 eum
1780 4013 1846 4074 in
1879 4012 2206 4089 Reblatha,
2236 4032 2379 4093 quae

891 4116 988 4170 est
1019 4108 1212 4191 Syriae
1254 4110 1520 4184 civitas;
1557 4118 1620 4173 et
1670 4110 1779 4173 ille
1828 4129 1954 4173 non
1998 4111 2238 4173 audens
2293 4129 2381 4173 re-

890 4225 1108 4284 nuere,
1133 4225 1208 4270 eo
1239 4209 1411 4289 quod
1440 4226 1567 4271 non
1596 4207 1870 4271 habebat
1901 4208 2236 4271 resistendi
2260 4208 2380 4273 vir-

891 4312 1114 4381 tutem,
1148 4306 1347 4383 venit,
1383 4314 1445 4368 et
1481 4306 1712 4369 missus
1745 4315 1841 4370 est
1880 4327 1917 4370 a
1949 4310 2094 4388 rege
2123 4306 2377 4389 AEgypti

2492 3721 2847 3791 transtulit,
2880 3730 2937 3779 et
2966 3722 3187 3797 posuit
3215 3741 3289 3781 ea
3330 3722 3404 3780 in
3448 3724 3675 3798 templo
3716 3740 3851 3781 su0.
3904 3722 3977 3783 ln

2489 3816 2593 3880 via
2649 3825 2873 3879 tamen.
2907 3836 3016 3879 rex
3061 3817 3397 3899 Babylonis
3444 3818 3714 3880 mutavit
3758 3820 3977 3880 consi-

2488 3915 2669 3992 lium,
2700 3924 2763 3978 et
2794 3916 3005 3998 ipsum
3032 3916 3271 3978 Joakim
3306 3916 3551 3979 remisit
3580 3916 3697 3979 sub
3726 3917 3979 3997 obliga-

2486 4016 2659 4077 tione
2686 4015 2856 4097 quod
2888 4014 3162 4077 solveret
3190 4015 3249 4077 ei
3284 4015 3609 4078 annuatim
3633 4016 3975 4080 tributum.

2484 4116 2766 4193 Reliqua
2811 4122 3026 4175 autem
3064 4116 3395 4175 verborum
3434 4116 3695 4175 Joakim
3728 4124 3786 4174 et
3826 4116 3980 4174 abo-

2488 4213 2925 4272 minationum
2968 4214 3131 4289 ejus,
3176 4211 3239 4273 id
3299 4218 3394 4275 est
3446 4210 3975 4274 abominabilium

2488 4309 2813 4387 vitiorum,
2865 4310 3217 4392 praesertim
3258 4309 3777 4385 idololatriarum,
3810 4330 3979 4389 quas

889 4402 1142 4466 vinctus
1185 4404 1252 4466 in
1284 4404 1640 4487 AEgyptum‚
1677 4414 1739 4468 et
1783 4405 1872 4467 ibi
1916 4412 2013 4469 est
2059 4414 2374 4468 mortuus.
2406 4410 2457 4472 D
2487 4418 2781 4484 operatus
2828 4417 2942 4478 est,
2970 4418 3027 4467 ec
3068 4429 3211 4488 quae
3253 4411 3518 4469 inventa
3564 4418 3717 4469 sunt
3762 4409 3831 4468 in
3876 4428 3975 4479 eo,

888 4502 1046 4565 Huic
1093 4511 1304 4566 autem
1353 4504 1711 4567 recitationi
1763 4504 2014 4568 videtur
2061 4504 2377 4586 scriptura

887 4600 1081 4682 hujus
1130 4602 1394 4684 capituli
1442 4602 1721 4679 obviare,
1776 4602 2066 4679 dicendo,
2121 4603 2381 4667 Amovit

889 4719 1033 4763 eum
1067 4719 1175 4763 rex
1193 4702 1441 4784 AEgypti
1463 4721 1662 4783 quum
1683 4702 1962 4765 venisset
1979 4702 2325 4765 Jerusalem
2360 4719 2374 4764 :

890 4817 965 4861 ex
1014 4818 1140 4880 quo
1190 4810 1453 4882 apparet
1502 4801 1671 4883 quod
1722 4800 1787 4862 in
1827 4800 2177 4863 Jerusalem
2228 4820 2374 4862 eum

886 4896 1201 4978 deposuit.
1252 4898 1320 4960 In
1373 4898 1762 4962 Scholastica
1807 4917 2063 4980 quoque
2113 4898 2379 4961 historia

888 4995 980 5058 sic
1008 5004 1299 5059 narratur
1335 5014 1349 5058 :
1384 4997 1612 5059 Tribus
1645 4996 1973 5060 mensibus
2008 5004 2251 5058 tantum
2283 5016 2382 5059 re-

886 5094 1109 5173 gnavit
1134 5096 1397 5158 Joachaz
1429 5096 1493 5157 in
1522 5095 1896 5159 Jerusalem.
1922 5094 2092 5172 Nam,
2125 5104 2193 5157 ut
2222 5094 2382 5157 dicit

887 5192 1412 5275 Paralipomenon
1452 5193 1637 5270 liber,
1675 5194 1940 5257 veniens
1985 5213 2094 5256 rex
2125 5193 2379 5275 AEgypti

889 5290 956 5352 in
1003 5292 1372 5373 Jerusalem,
1405 5292 1644 5356 amovit
1689 5311 1860 5369 eum,
1911 5301 2031 5356 etc.
2075 5292 2150 5353 Et
2196 5292 2383 5355 duxit

2486 4505 2732 4568 scilicet
2762 4505 2988 4587 figurae
3016 4526 3127 4568 seu
3158 4506 3453 4588 stigmata
3469 4507 3571 4569 vel
3601 4506 3973 4583 incisioneS,

2485 4623 2629 4686 quae
2651 4604 2716 4665 in
2745 4624 3010 4687 corpore
3032 4606 3171 4687 ejus
3200 4604 3475 4668 exanimi
3506 4614 3768 4687 repertae
3798 4614 3975 4685 sunt,

2488 4723 2645 4785 quas
2666 4704 2872 4766 adhuc
2896 4704 3116 4766 vivens
3138 4704 3389 4785 corpori
3410 4723 3525 4768 suo
3550 4704 3635 4767 im
3646 4705 3876 4787 pressit
3907 4704 3977 4766 in

2486 4801 2791 4864 honorem
2833 4802 3093 4865 deorum
3128 4820 3408 4878 suorum,
3442 4821 3673 4865 nomen
3717 4822 3975 4885 quoque

2488 4898 2822 4980 eujusdam
2863 4899 3015 4962 idoli
3060 4899 3321 4963 nomine
3360 4899 3789 4975 Chodonazor,
3826 4918 3977 4963 eon-

2488 5006 2586 5059 tra
2612 4999 2782 5080 quod
2814 4998 2891 5059 in·
2909 4998 3187 5061 Levitico
3208 4998 3510 5061 Dominus
3537 4998 3745 5079 jussit,
3770 4998 3976 5080 Super
4054 5024 4159 5067 La,
4186 5034 4259 5067 m.

2490 5106 2739 5159 mortuo
2763 5116 2888 5159 non
2922 5096 3216 5159 incidetis
3246 5116 3466 5159 carnes
3489 5106 3743 5168 vestras
3764 5114 3975 5177 neque
4006 5088 4077 5129 ’8-

2491 5194 2733 5275 figuras
2762 5195 3007 5277 aliquas
3038 5203 3101 5258 et
3134 5195 3427 5276 stigmata
3468 5193 3713 5257 facietis
3745 5193 3927 5257 vobis
3954 5219 3971 5269 ;

2489 5295 2901 5355 continentur
2922 5296 2994 5355 in
3016 5296 3177 5355 libro
3196 5297 3447 5371 Requm
3464 5296 3638 5355 Iuda
3662 5303 3721 5353 ec
3742 5296 3971 5355 Israel.
