4309 6259
592 2171 713 2227 lReq
712 2184 841 2221 xxxxxx

630 4047 750 4092 Ibid.
774 4049 839 4090 ¹0.

877 490 994 552 142

1368 504 1715 551 malumno
1757 504 1819 550 IN
1864 503 2001 550 cn.
2046 501 2089 548 X
2129 501 2290 546 LIBRI
2329 499 2500 545 Pnun
2539 498 3069 546 PARALmoussNON.
3114 519 3198 530 —·
3233 501 3377 547 ΛΒΤ.
3421 501 3466 546 1

874 678 1069 740 David
1106 694 1121 739 ε
1154 684 1218 740 et
1246 683 1421 758 puto,
1456 676 1627 758 quod
1658 675 1877 738 multae
1902 693 1979 737 ex
2018 673 2232 736 causis
2261 672 2362 734 his
2391 669 2444 734 A
2470 683 2712 734 xerunt
2737 676 2990 750 singuli
3037 677 3330 735 virorum
3357 675 3652 753 fortium,
3692 683 3754 732 et
3799 674 3962 731 tule-

870 784 1330 839 concurrerunt
1358 775 1437 837 ad
1468 772 1901 838 inducendum
1947 772 2357 852 armigerum,

871 874 1042 953 quod
1073 869 1305 936 occidit
1334 892 1402 936 se
1443 873 1678 954 ipsum.

952 973 1215 1032 Interiit
1253 991 1401 1048 erqo
1444 975 1611 1033 Saul
1649 981 1709 1031 et
1753 981 1874 1032 tres
1917 971 2051 1048 filii
2096 969 2265 1045 ejus,
2301 976 2361 1026 et

870 1072 1081 1133 omnis
1126 1073 1357 1130 domus
1401 1071 1587 1130 illius
1628 1070 1883 1146 pariter
1929 1069 2262 1128 concidit:
2295 1064 2359 1126 id

870 1177 987 1246 est,
1046 1177 1179 1233 tota
1237 1168 1573 1250 progenies
1632 1168 1833 1250 ipsius
1884 1166 2053 1243 Saul,
2106 1165 2362 1246 cognita

870 1269 1010 1350 ejus
1039 1276 1104 1331 et
1135 1267 1421 1330 filiorum
1462 1267 1601 1348 ejus
1646 1266 1839 1328 trium
1870 1273 2096 1342 morte,
2132 1265 2360 1326 timore

873 1375 1187 1449 prostrata
1216 1375 1333 1442 est,
1370 1374 1433 1429 et
1463 1366 1749 1428 animum
1788 1363 2083 1446 perdidit,
2108 1381 2228 1424 nec
2247 1360 2361 1424 ho-

871 1465 1075 1528 stibus
1126 1465 1335 1548 potuit
1381 1463 1750 1547 praevalere.
1799 1462 1913 1526 Vel
1964 1481 2187 1525 sensus
2237 1469 2353 1536 est,

870 1565 1045 1646 quod
1074 1582 1297 1628 omnes
1339 1562 1673 1626 domestici
1712 1563 1851 1644 ejus
1884 1561 1973 1623 ibi
2006 1579 2224 1623 secum
2255 1577 2360 1622 ex-

872 1661 1191 1738 sistenteS‚
1230 1660 1607 1723 interierunt
1640 1659 1731 1722 ibi
1764 1660 1830 1721 in
1861 1658 2103 1741 praelio.

954 1763 1136 1831 Quod
1182 1781 1385 1840 quum
1432 1761 1741 1820 vidissent
1782 1760 1917 1836 filii
1964 1761 2191 1828 Israel,
2241 1757 2358 1836 qui

870 1861 1295 1922 habitabant
1268 1881 1341 1920 m
1370 1859 1848 1934 campestribus,
1874 1856 1936 1918 id
1968 1864 2062 1918 est
2086 1856 2151 1918 in
2173 1853 2356 1936 oppi-
2394 1857 2440 1920 B
2470 1853 2632 1932 regis
2663 1854 3192 1932 Ammonitarum‚
3229 1863 3298 1917 ut
3328 1855 3536 1937 primo
3572 1855 3814 1934 Regum
3845 1853 3956 1915 ha·
3987 1865 4202 1969 ὦ»
4089 1865 4148 1906 ’.α

871 1958 969 2021 dis
999 1965 1062 2020 et
1090 1956 1261 2022 villis
1302 1955 1551 2019 situatis
1593 1955 1660 2017 in
1700 1953 1943 2038 campis
1988 1952 2360 2036 propinqui-

871 2055 1089 2121 oribus
1150 2055 1469 2118 territorio
1518 2053 2021 2128 Philistinorum,
2056 2051 2358 2115 videlicet

872 2163 1045 2218 trans
1085 2155 1443 2229 Iordanem,
1478 2155 1793 2231 fugerunt
1827 2174 1849 2213 .·
1890 2151 2040 2233 quia
2069 2152 2360 2232 despera·

870 2254 1024 2316 bant
1053 2272 1120 2316 se
1151 2271 1338 2335 posse
1370 2251 1663 2315 resistere
1680 2250 2039 2327 Philistaeis,
2064 2270 2101 2312 a
2120 2249 2356 2331 quibus

868 2351 1114 2428 vallari,
1151 2350 1406 2426 vastari,
1441 2358 1504 2412 et
1531 2349 1808 2431 opprimi
1842 2347 2235 2411 metuebant.
2271 2350 2358 2408 Et

868 2455 1035 2512 Saul
1063 2460 1122 2511 et
1147 2451 1312 2528 filiis
1354 2451 1495 2526 ejus
1538 2450 1831 2520 mortuis,
1864 2450 2351 2527 dereliquerunt

868 2551 1051 2610 urbes
1070 2571 1245 2619 suas,
1268 2558 1327 2608 et
1350 2549 1475 2608 huc
1494 2557 1684 2626 atque
1707 2549 1864 2607 illuc
1880 2548 2159 2624 dispersi
2177 2557 2353 2608 sunt.

874 2651 1315 2726 Veneruntque
1356 2646 1749 2716 Plcilistiim,
1794 2655 1853 2704 et
1893 2647 2354 2706 habitaverunt

866 2747 941 2806 in
972 2747 1083 2806 eis.
1120 2747 1242 2806 Die
1273 2747 1481 2822 iyitur
1523 2747 1722 2804 altero
1765 2744 2168 2804 detrahentes
2196 2745 2356 2805 Phi-

870 2846 1101 2904 listiim
1142 2845 1350 2920 spotia
1389 2862 1721 2912 coesorum,
1764 2843 2149 2902 invenerunt
2189 2845 2357 2904 Saul

865 2953 925 3004 et
972 2944 1144 3020 filios
1193 2942 1333 3018 eJ'us
1375 2942 1665 3020 jacentes
1716 2942 1787 3000 in
1846 2950 2054 3001 monte
2105 2943 2349 3002 Getboe.

2469 779 2656 840 runt,
2685 772 2750 832 id
2781 779 2878 834 est
2907 771 3327 848 abstulerunt,
3351 775 3668 833 cadavera
3703 773 3868 830 Saul
3897 777 3960 828 et

2467 870 2763 943 fitiorum
2789 872 2996 948 ejus.
2977 871 3128 933 Nam
3161 879 3232 933 ut
3261 871 3470 952 primo
3485 871 3736 950 Regum
3769 867 3960 930 habe-

2471 973 2595 1044 tur,
2629 967 2932 1032 Philistaei
2981 970 3454 1051 suspenderunt
3499 987 3730 1050 corpus
3777 965 3956 1040 Saul,

2470 1062 2600 1127 imo
2627 1073 2690 1128 et
2720 1067 2912 1129 trium
2947 1067 3230 1131 filiorum
3263 1069 3426 1150 ejuS,
3451 1076 3521 1129 ut
3550 1087 3625 1130 ex
3657 1074 3830 1129 textu
3849 1063 3960 1126 eli-

2468 1163 2654 1240 citur,
2677 1164 2744 1226 in
2774 1185 2959 1228 muro
2990 1166 3166 1229 urbis
3198 1167 3456 1229 nomine
3485 1166 3778 1241 Bethsan,
3797 1183 3960 1246 qua-

2469 1262 2520 1324 si
2573 1262 2640 1324 in
2687 1263 2892 1327 oculis
2943 1264 3150 1346 plebis
3199 1265 3580 1328 Israeliticae.
3620 1263 3729 1325 Est
3777 1263 3954 1325 enim

2466 1359 2692 1424 civitas
2719 1361 3060 1425 Philistiim
3093 1362 3161 1424 in
3203 1363 3490 1426 terminis
3533 1361 3744 1438 lsrael,
3782 1369 3856 1422 ut
3887 1360 3952 1421 in

2467 1458 2856 1523 Scholastica
2896 1460 3097 1524 fertur
3141 1461 3426 1524 historia.
3461 1461 3537 1523 Et
3569 1460 3718 1522 inde
3746 1478 3824 1522 ea
3853 1467 3956 1520 tu-

2469 1556 2678 1620 lerunt
2707 1557 2880 1622 cives
2920 1558 3191 1641 praefati,
3226 1559 3337 1641 qui
3383 1578 3513 1640 prae
3541 1557 3768 1621 ceteris
3798 1557 3958 1619 zela-

2468 1654 2700 1720 bantur
2730 1676 2846 1739 pro
2867 1657 3108 1721 honore
3139 1657 3285 1720 Saul
3312 1676 3325 1719 ε
3352 1656 3650 1738 quoniam
3687 1657 3753 1717 in
3785 1656 3956 1738 prin-

2467 1753 2637 1836 cipio
2669 1756 2847 1837 regni
2877 1756 2974 1818 sui
3020 1755 3316 1820 liberavit
3353 1773 3459 1819 eos
3498 1756 3577 1818 de
3617 1754 3954 1838 tyrannide

2467 1950 2685 2027 betur;
2723 1953 2865 2017 ideo
2897 1962 3022 2016 tam
3057 1943 3596 2018 irreverentialem
3629 1962 3692 2015 et
3729 1931 4002 2015 consu-¹

2466 2049 2719 2113 sibilem
2743 2052 2908 2132 regis
2929 2052 3029 2114 sui
3063 2053 3522 2129 tractationem,
3546 2052 3738 2115 etiam
3761 2052 3828 2112 in
3851 2071 3956 2114 ex-

2465 2152 2700 2214 stincto
2719 2150 2858 2232 ejus
2879 2169 3157 2232 corpore,
3186 2150 3350 2214 serre
3367 2149 3803 2232 aequanimiter
3824 2167 3952 2212 non

2464 2249 2783 2312 valebant.
2819 2249 3270 2312 Verumtamen
3299 2249 3476 2330 juxta
3503 2247 3812 2324 Glossam,
3835 2248 3956 2310 He-

2464 2347 2616 2411 braei
2647 2348 2890 2424 dicunt,
2926 2367 3040 2429 per
3068 2348 3338 2410 Bethsan
3385 2346 3658 2428 intelligi
3690 2347 3950 2410 domum

2463 2465 2576 2510 seu
2621 2445 2842 2508 l'anum
2873 2446 3107 2525 Dagon,
3141 2465 3286 2527 quae
3329 2445 3805 2528 interpretatur,
3839 2446 3952 2508 do-

2465 2563 2605 2606 mus
2655 2543 3052 2621 dormientis,
3107 2544 3216 2606 ubi
3266 2563 3496 2626 corpus
3545 2545 3684 2625 ejus
3733 2543 3956 2607 dicunt

2465 2642 2666 2706 fuisse
2703 2662 3104 2724 suspensum.
3139 2642 3280 2705 Alia
3321 2662 3470 2706 vero
3512 2652 3608 2706 est
3645 2643 3940 2719 Bethsan‚

2462 2742 2540 2804 de
2569 2761 2696 2823 qua
2729 2741 2792 2804 in
2825 2741 2990 2804 libro
3030 2741 3217 2804 Josue
3257 2760 3330 2804 ac
3358 2741 3650 2804 Judicum
3683 2741 3942 2822 legitur,

2464 2847 2528 2903 et
2557 2840 3031 2921 interpretatur,
3075 2840 3302 2901 domus
3347 2839 3725 2902 securitatis
3759 2845 3954 2902 Attu-

2467 2943 2806 3034 teruntque
2842 2961 2914 3000 ea
2954 2940 3026 2999 in
3055 2941 3262 3011 labes,
3294 2949 3354 3000 et
3389 2941 3775 3017 sepelierunt
3814 2961 3952 3000 ossa

869 3045 1204 3121 Quumque
1222 3041 1593 3118 spoliassent
1610 3037 1912 3101 Philistaei
1931 3059 2079 3099 eum
2100 3037 2352 3101 Saulem
2393 3042 2436 3106 C
2466 3057 2688 3099 eorum
2715 3041 2928 3099 subter
2958 3057 3262 3117 quercum
3291 3057 3434 3116 quse
3459 3048 3598 3098 erat
3641 3039 3715 3099 in
3741 3040 3952 3108 labes,

868 3138 1172 3216 vestibus,
1206 3147 1265 3200 et
1302 3146 1737 3214 amputassent
1774 3146 1991 3213 caput,
2024 3139 2354 3217 armisque

864 3241 1241 3307 nudassent,
1272 3237 1587 3296 miserunt
1630 3237 1704 3296 in
1749 3245 1989 3296 terram
2030 3256 2246 3305 suam,
2275 3245 2352 3296 ut

865 3338 1396 3413 circumferretur
1444 3344 1504 3395 et
1557 3337 1992 3395 ostenderetur
2040 3336 2113 3395 in
2159 3337 2356 3394 idolo-

864 3454 1017 3494 rum
1050 3435 1322 3511 templis,
1356 3443 1415 3493 et
1447 3433 1737 3510 populis,
1768 3432 1888 3494 hoc
1919 3441 2015 3494 est
2041 3433 2119 3494 ad
2151 3441 2358 3495 osten-

864 3532 1169 3595 tationem
1201 3550 1331 3594 suae
1350 3529 1652 3606 victoriae,
1678 3538 1739 3593 et
1760 3531 1839 3592 ad
1862 3530 2178 3594 idolorum
2211 3549 2357 3593 suo-

868 3651 1009 3693 rum
1034 3630 1372 3693 honorem:
1397 3627 1633 3710 quibus
1665 3647 1849 3691 suum
1873 3629 2354 3711 adscripserunt

867 3728 1285 3810 triumphum,
1321 3727 1466 3790 ideo
1494 3727 1835 3790 voluerunt
1863 3726 1987 3789 diis
2026 3728 2160 3790 suis
2190 3727 2352 3808 grati

868 3827 1193 3891 exsistere.
1248 3832 1456 3888 Arma
1504 3835 1721 3886 autem
1768 3827 1907 3903 eJ'us
1954 3847 2354 3888 consecrave-

868 3937 1025 3988 runt
1054 3929 1123 3987 in
1145 3928 1302 4003 fano
1322 3927 1430 3986 dei
1446 3927 1573 3985 sui.
1598 3923 1807 3986 Primo
1830 3923 2075 4003 Regum
2098 3925 2350 4005 legitur,

869 4026 1039 4108 quod
1068 4031 1419 4107 posuerunt
1448 4041 1521 4085 ea
1552 4023 1617 4084 in
1652 4022 1890 4104 templo
1927 4023 2221 4086 Astaroth
2252 4024 2354 4086 dei

872 4124 993 4201 sui,
1048 4123 1111 4184 id
1171 4131 1286 4198 est,
1338 4121 1805 4203 deputaverunt
1853 4139 1929 4183 ea
1983 4141 2241 4185 manere
2288 4122 2352 4184 in

870 4220 1111 4302 templo
1139 4218 1457 4294 Astaroth,
1488 4218 1599 4300 qui
1633 4216 1757 4279 fuit
1794 4238 1959 4280 unus
1992 4219 2069 4283 de
2098 4220 2222 4282 diis
2253 4239 2356 4283 eo-
2388 4229 2435 4290 D

870 4339 1037 4396 rum,
1071 4319 1150 4381 ad
1182 4317 1383 4399 ipsius
1415 4316 1743 4392 honorem,
1778 4324 1842 4380 et
1884 4317 1949 4378 in
1981 4320 2354 4382 memoriam

870 4435 1187 4482 concessae
1218 4414 1521 4490 victoriae,
1558 4432 1639 4476 ne
1671 4413 2031 4496 triumphus
2078 4414 2190 4478 ille
2241 4425 2356 4480 tra-

870 4518 1126 4580 deretur
1169 4511 1502 4588 oblivioni,
1539 4531 1656 4574 nec
1686 4531 1862 4575 arma
1892 4513 2002 4575 illa
2033 4515 2178 4576 usui
2225 4535 2356 4577 am-

869 4614 1039 4697 plius
1069 4611 1543 4694 applicarentur
1574 4609 1873 4673 humano.
1898 4613 1985 4672 Et
2004 4623 2198 4690 caput
2227 4617 2357 4690 affi-

867 4721 1109 4774 xerunt
1139 4713 1211 4771 in
1248 4713 1476 4787 templo
1506 4711 1759 4784 Dayon,
1799 4709 1876 4770 ad
1910 4709 2112 4791 ipsius
2138 4713 2352 4792 Dagon

870 4808 1315 4873 reverentiam.
1351 4806 1503 4869 Nam
1548 4805 1845 4888 pluribus
1874 4808 1998 4869 diis
2042 4809 2357 4874 deservie-

866 4910 1045 4986 bant,
1078 4915 1141 4970 et
1170 4905 1423 4969 diversa
1451 4904 1722 4967 diversis
1754 4905 2212 4970 attribuebant.

949 5011 1086 5070 Hoc
1112 5025 1315 5086 quum
1346 5005 1669 5064 audissent
1699 5005 1833 5064 viri
1857 5007 2041 5065 labes
2075 5009 2355 5077 Galaad,

868 5108 989 5170 hoc
1017 5113 1113 5168 est
1144 5102 1532 5165 habitatores
1564 5101 1741 5164 urbis
1773 5103 2031 5166 nomine
2058 5103 2244 5167 Jabes
2277 5105 2358 5166 si-

868 5215 947 5270 tae
996 5205 1063 5266 in
1124 5212 1291 5266 terra
1338 5200 1593 5276 Galaad,
1642 5203 1865 5262 omnia
1912 5204 2154 5262 scilicet
2213 5224 2356 5283 quoe

866 5305 1234 5368 Philistiim
1265 5302 1551 5377 fecerant
1578 5320 1774 5378 super
1802 5302 1989 5371 Saul,
2022 5320 2358 5362 consurre-

2467 3136 2533 3199 id
2580 3145 2678 3200 est
2723 3154 2922 3219 prope
2969 3135 3275 3217 oppidum
3327 3134 3486 3197 illud
3538 3135 3606 3197 in
3655 3136 3838 3214 silva,
3883 3137 3950 3199 in

2463 3254 2592 3316 qua
2621 3233 2747 3297 fuit
2772 3253 3044 3316 quercus
3077 3233 3378 3296 formosa.
3402 3233 3579 3297 Unde
3610 3235 3820 3345 primo
3841 3236 3952 3298 Re-

2459 3351 2608 3414 gum
2665 3332 2989 3395 habetur:
3035 3331 3435 3414 Sepelierunt
3477 3351 3552 3395 ea
3613 3333 3680 3394 in
3730 3353 3950 3397 nemo-

2461 3452 2529 3496 re
2558 3433 2764 3494 Jabes.
2800 3431 2902 3494 Sic
2944 3440 3007 3494 et
3051 3431 3116 3492 in
3166 3430 3392 3494 Genesi
3441 3430 3731 3508 habetur,
3778 3410 4030 3513 qu0d¹³

2461 3530 2706 3594 Debora
2735 3528 2949 3591 nutrix
2979 3528 3297 3606 Rebeccae,
3333 3529 3582 3611 sepulta
3619 3539 3716 3592 est
3747 3531 3826 3592 ad
3857 3551 3950 3593 ra-

2459 3628 2631 3691 dices
2670 3627 2885 3690 Bethel
2935 3626 3155 3689 subter
3194 3646 3517 3709 quercum.
3565 3632 3648 3690 Et
3674 3630 3948 3706 jejuna-

2461 3737 2692 3788 verunt
2733 3737 2965 3804 septem
3009 3727 3252 3798 diebus,
3301 3725 3368 3787 in
3417 3727 3670 3806 signum
3716 3745 3948 3790 moero-

2461 3825 2572 3886 riS.
2620 3823 2796 3887 Unde
2843 3832 2906 3886 et
2954 3824 3166 3887 Abner
3213 3823 3446 3901 occiSO,
3496 3825 3692 3888 David
3745 3827 3951 3889 noluit

2464 4020 2738 4103 peccatis
2782 4021 3254 4096 defunctorum,
3285 4021 3736 4085 abstinentiam
3766 4022 3945 4086 illam

2463 4119 2987 4202 poenitentialiter
3017 4120 3521 4202 compleverunt.

2554 4223 2850 4281 Mortuus
2890 4230 2979 4280 est
3021 4239 3166 4296 erqo
3205 4223 3375 4280 Saul
3401 4230 3666 4298 propter
3705 4224 3954 4302 im'qui·

2467 4329 2621 4379 tates
2647 4339 2818 4379 suas.
2851 4317 2966 4391 Qui
3008 4317 3232 4380 dicunt
3261 4338 3408 4380 eum
3439 4337 3577 4382 esse
3610 4319 3946 4397 salvatum,

2467 4417 2746 4480 fatentur
2787 4436 2934 4479 eum
2979 4436 3094 4498 pro
3138 4416 3499 4480 excessibus
3538 4417 3672 4479 suis
3717 4418 3786 4479 in
3829 4418 3952 4482 hac

2465 4514 2596 4578 vita
2617 4513 2936 4595 punitum,
2957 4523 3019 4576 et
3041 4514 3276 4576 victum
3299 4534 3336 4576 a
3357 4514 3708 4592 Philistaeis,
3733 4534 3956 4596 quam·

2465 4613 2561 4678 vis
2605 4632 2736 4676 non
2779 4611 2968 4695 plene
3011 4621 3388 4694 purgatum:
3423 4621 3486 4675 et
3526 4614 3614 4676 ita
3660 4623 3951 4678 mortuus

2464 4721 2561 4775 cst
2591 4721 2849 4794 propter
2879 4711 3247 4793 iniquitates
3277 4731 3444 4788 suaS,
3469 4712 3634 4775 sicut
3663 4714 3951 4776 moriun-

2467 4819 2568 4874 tur
2609 4811 2887 4874 latrones
2931 4819 2994 4872 et
3039 4809 3372 4873 homicidae
3411 4820 3669 4893 propter
3711 4813 3954 4876 scelera

2465 4929 2600 4986 sua,
2635 4909 2744 4991 qui
2779 4917 2986 4972 tamen
3021 4907 3074 4970 si
3119 4910 3470 4990 poeniteant
3497 4930 3667 4988 vere,
3703 4911 3952 4974 salvan-

2465 5017 2589 5070 tur.
2614 5008 2849 5069 Deinde
2881 5007 3249 5088 iniquitates
3271 5007 3476 5070 Saulis
3507 5009 3953 5091 exprimuntur

2465 5106 2532 5166 in
2580 5104 2990 5187 particulari:
3037 5125 3106 5165 eo
3147 5109 3318 5185 quod
3347 5109 3818 5185 praevaricatus
3863 5111 3954 5169 sit

2467 5205 2849 5262 mandatum
2870 5203 3141 5263 Domini
3160 5206 3328 5280 quod
3339 5213 3732 5281 proeceperat
3753 5204 3814 5266 ei
3835 5223 3952 5285 per

2464 5298 2820 5362 Samuelem
2857 5299 2938 5362 de
2979 5298 3447 5362 interficiendis
3487 5299 3853 5364 Amalecitis
3885 5309 3951 5364 et

3987 973 4106 1027 1309
4111 987 4236 1015 ιιιιιι

3998 2755 4136 2798 Joeue

3987 2821 4054 2866 Η,
4072 2822 4149 2868 ¹63
4144 2769 4242 2906 :J—

3983 2881 4110 2924 diae

3993 3343 4238 3399 {Rq-nn.

3997 3541 4110 3584 Gen.
4123 3554 4236 3584 xxxv.

3979 3607 4020 3646 8.

4013 3837 4231 3896 [Libyan.

2463 3923 2845 3986 manducare
2894 3931 3040 3986 ante
3095 3922 3248 3986 solis
3295 3942 3613 3987 occasum.
3665 3925 3778 3988 Vel
3831 3940 3948 4007 pro
3981 3904 4048 3944 ³⁵·
