4309 6259
91 2586 238 2629 ludio.

131 2664 212 2698 xm.
241 2654 306 2693 ¹6.

1227 526 1574 573 mammo
1617 527 1679 572 IN
1721 527 1857 573 cAP.
1906 527 1965 572 lv
2006 527 2132 573 1013.
2178 547 2260 558 —
2301 530 2443 576 Am.
2489 531 2594 578 xlv

3332 516 3443 581 37¹

351 694 520 756 valet
555 712 570 755 :
609 702 870 776 propter
899 696 1074 778 quod
1106 716 1302 779 parva
1325 698 1668 762 commotio
1701 707 1850 761 tunc
1880 699 1933 762 Α
1961 708 2077 775 est,
2101 718 2297 781 quam
2315 721 2459 783 quae
2492 702 2559 763 in
2580 702 2845 765 somniis
2875 703 3164 766 habetur.
3190 704 3449 767 Verum-

353 791 782 857 turbationem
826 792 1366 877 formidinemque
1406 796 1674 871 inducit,
1710 796 1848 878 opi-

351 890 654 953 nantibus
707 892 916 974 majus
965 894 1119 974 quid
1171 913 1311 957 esse
1347 913 1542 976 quam
1589 896 1848 976 est.My-

351 990 527 1066 stice,
560 992 746 1071 juxta
773 992 1168 1074 Gregorium,
1205 994 1391 1057 nobis
1425 995 1846 1076 praesentibus

349 1088 614 1171 spiritus
653 1092 907 1167 transit,
943 1094 1200 1172 quando
1244 1093 1598 1157 invisibilia
1641 1096 1848 1158 nosci-

347 1207 510 1265 muS,
548 1197 612 1251 et
640 1198 855 1253 tamen
887 1191 1020 1255 haec
1052 1211 1180 1254 non
1213 1191 1436 1269 solide,
1473 1194 1581 1255 sed
1613 1194 1845 1276 raptim

347 1287 664 1350 videmus.
715 1290 930 1371 Neque
976 1290 1150 1353 enim
1201 1290 1266 1352 in
1308 1291 1648 1355 dulcedine
1697 1311 1847 1355 con-

348 1386 782 1469 templationis
807 1388 1049 1453 intimae
1069 1388 1180 1451 diu
1203 1408 1383 1452 mens
1409 1391 1666 1471 figitur:
1693 1392 1844 1474 quia

344 1485 422 1547 ad
453 1486 866 1568 semetipsam
891 1488 1318 1552 immensitate
1349 1489 1609 1551 luminis
1641 1509 1846 1553 rever-

345 1582 586 1661 berata,
623 1594 1000 1666 revocatur3
1033 1596 1093 1649 et
1145 1607 1346 1670 quum
1397 1588 1490 1651 ire
1537 1608 1728 1671 super
1775 1609 1844 1652 se

346 1682 598 1760 nititur,
633 1685 977 1747 confestim
1021 1686 1100 1747 ad
1146 1685 1544 1749 infirmitatis
1587 1707 1716 1751 suae
1755 1696 1844 1752 te-

344 1781 578 1844 nebras
626 1781 830 1845 fracta
872 1783 1202 1846 relabitur.
1245 1785 1362 1846 Pili
1410 1804 1561 1849 vero
1605 1787 1838 1865 carniS,

1961 804 2171 860 tamen
2203 798 2498 862 Albertus
2538 819 2665 863 non
2705 808 2887 881 negat
2934 820 3073 863 eam
3117 802 3180 864 in
3226 804 3451 884 vigilia

1962 894 2216 973 factam,
2253 896 2383 961 imo
2429 898 2549 960 hoc
2591 898 2802 961 innuit
2838 917 2853 960 z
2888 899 3203 980 siquidem
3242 902 3443 984 aliqui

1959 994 2297 1075 vigilantes
2340 997 2676 1079 rapiuntur
2714 998 2780 1060 in
2820 998 3054 1061 mentis
3092 1019 3441 1079 excessum,

1959 1099 2020 1153 et
2047 1093 2411 1157 alienantur
2440 1115 2476 1158 a
2506 1096 2799 1159 sensibus
2826 1122 2839 1173 3
2878 1116 2975 1159 res
3020 1117 3274 1180 quoque
3302 1119 3447 1181 quae

1961 1189 2116 1253 foris
2157 1193 2526 1273 praesentari
2565 1202 2850 1276 apparet,
2884 1214 3012 1258 non
3044 1196 3167 1258 nisi
3210 1216 3321 1277 per
3363 1196 3446 1259 si-

1956 1288 2387 1353 militudinem
2434 1292 2605 1354 intus
2642 1293 3016 1373 imaginarie
3054 1297 3447 1358 demonstra-

1956 1394 2082 1449 tam
2130 1388 2401 1452 videtur.
2436 1390 2741 1473 Denique,
2778 1393 2889 1473 qui
2928 1394 3232 1456 Thomam
3276 1414 3447 1458 asse-

1955 1484 2198 1567 quitur,
2246 1488 2415 1567 quod
2464 1487 2574 1564 ait,
2617 1488 2850 1570 imago,
2899 1489 2987 1551 ita
3034 1500 3326 1573 exponat,
3375 1500 3445 1556 ut

1953 1570 2220 1664 angelus
2260 1604 2408 1649 vere
2450 1587 2825 1668 apparuisse
2868 1588 3071 1651 oculis
3119 1590 3445 1654 exteriori-

1955 1681 2074 1743 bus
2105 1682 2421 1746 referatur
2446 1702 2460 1745 :
2487 1684 2596 1765 qui
2628 1684 2833 1747 nihilo
2863 1686 3075 1749 minus
3106 1687 3313 1768 imago
3342 1708 3445 1752 vo-

1955 1790 2154 1857 catur,
2191 1782 2341 1863 quia
2384 1782 2449 1844 in
2495 1783 2775 1846 humana
2802 1786 3147 1867 apparebat
3189 1786 3437 1868 effigie.

343 1878 687 1959 designant
735 1881 884 1945 vitae
935 1882 1166 1945 veteris
1215 1883 1651 1963 cogitationeS,
1694 1904 1838 1967 quae
1882 1889 1927 1950 B
1956 1879 2185 1961 Sicque
2213 1883 2384 1961 quod
2418 1882 2621 1945 oculis
2642 1882 3088 1962 objiciebatur,
3117 1885 3325 1967 imago
3346 1887 3443 1967 (id

339 1984 718 2042 transeunte
748 1980 978 2062 spiritu
1021 1982 1501 2063 pertimescunt,
1537 1984 1839 2065 quoniam

339 2075 402 2137 vi
441 2076 964 2159 compunctionis
1005 2086 1069 2141 et
1111 2078 1346 2143 divinae
1397 2079 1838 2147 illustrationis

338 2174 544 2254 gratia
579 2174 860 2258 fugiunt.

432 2276 634 2335 Stetit
675 2276 976 2352 quidam,
1022 2278 1212 2353 cujus
1250 2298 1380 2339 non
1421 2284 1836 2355 aynoscebam

339 2376 627 2444 vultu-m,
658 2372 724 2434 id
753 2381 850 2435 est
879 2374 1144 2455 spiritus
1175 2376 1500 2455 angelicus
1531 2376 1597 2439 in
1631 2378 1842 2459 specie

339 2470 563 2533 vultus
593 2470 883 2548 humani,
917 2472 1102 2554 cujus
1143 2474 1626 2538 determinatam
1673 2478 1842 2540 noti-

251 2600 308 2635 τι,
339 2568 496 2630 tiam
533 2588 664 2631 non
695 2567 1008 2632 habebam
1035 2587 1049 2631 :
1085 2570 1250 2633 sicut
1281 2590 1394 2635 nec
1424 2572 1841 2651 Gedeon5nec

337 2668 587 2745 Manue,
623 2668 796 2730 clara
823 2668 927 2730 die
955 2670 1218 2749 angelos
1249 2670 1592 2749 intuenteS,
1629 2675 1839 2755 primo

335 2775 663 2830 noverunt
683 2767 799 2848 qui
819 2775 1054 2830 essent.
1077 2768 1153 2829 Et
1175 2767 1340 2832 forte
1371 2770 1632 2853 Eliphaz
1652 2791 1732 2835 an
1743 2783 1836 2837 tea

333 2865 622 2929 similem
656 2866 968 2929 visionem
1001 2886 1129 2930 non
1159 2867 1403 2944 habuit,
1442 2867 1838 2953 forsitanque

334 2966 404 3027 in
467 2965 794 3047 principio
849 2964 1168 3029 dubitavit
1218 2986 1298 3029 an
1360 2976 1524 3031 esset
1570 2970 1837 3052 spiritus

1953 1985 2049 2040 est
2089 1978 2471 2059 similitudo)
2501 1980 2625 2043 fuit
2666 1981 2967 2060 hominiS,
3004 2002 3132 2047 non
3179 2003 3277 2048 res
3328 2005 3438 2049 seu

1955 2076 2187 2139 veritas
2216 2095 2504 2159 personae
2532 2078 2848 2142 humanae.

2031 2177 2117 2236 Ec
2163 2196 2371 2235 vocem
2410 2178 2600 2255 quasi
2640 2198 2823 2239 auree
2864 2182 3027 2239 lenis
3068 2184 3323 2254 audivi,
3373 2182 3438 2245 id

1951 2280 2069 2348 est,
2098 2273 2396 2354 gratiose,
2428 2274 2707 2337 molliter
2736 2283 2929 2357 atque
2959 2278 3240 2341 suaviter
3272 2280 3439 2344 locu-

1955 2380 2055 2433 tus
2113 2381 2210 2434 est
2255 2372 2437 2449 mihi,
2490 2374 3026 2453 quemadmodum
3076 2377 3239 2440 lenis
3284 2399 3437 2443 aura

1951 2471 2226 2533 dulciter
2244 2471 2647 2553 molliterque
2667 2472 3066 2537 diffunditur.
3082 2477 3251 2539 Aura
3268 2480 3435 2541 enim

1952 2570 2136 2646 leniS,
2171 2569 2360 2632 sibilo
2406 2570 2580 2633 tenui
2622 2580 2681 2633 et
2715 2591 3039 2636 murmure
3072 2574 3198 2637 levi
3226 2587 3438 2641 movet

1947 2688 2136 2731 aures
2168 2668 2306 2730 sine
2338 2669 2612 2732 tumultu
2638 2687 2652 2732 :
2677 2670 2769 2732 sic
2800 2670 3062 2752 spiritus
3093 2672 3299 2737 bonus
3327 2695 3437 2738 au-

1951 2786 2049 2829 res
2079 2785 2323 2843 eorum,
2361 2766 2424 2829 in
2466 2767 2699 2848 quibus
2731 2788 2848 2831 nec
2886 2771 3162 2833 mundus
3202 2775 3436 2837 tumul-

1950 2874 2105 2940 tuat,
2160 2884 2275 2928 nec
2324 2883 2471 2928 caro
2529 2866 2819 2943 inundat,
2874 2886 2991 2931 nec
3041 2870 3287 2934 daemon
3341 2873 3437 2935 in-

1949 2963 2389 3045 quietudinem
2433 2964 2620 3045 parit.
2655 2964 2812 3027 Hinc
2860 2967 3043 3030 tertio
3079 2968 3317 3049 Regum
3356 2972 3436 3035 de

335 3063 559 3126 fallax.
597 3064 876 3127 Dicendo
905 3072 1142 3141 autem,
1175 3065 1360 3127 Stetit
1390 3067 1673 3147 quidam,
1716 3078 1838 3132 sta-
1874 3070 1919 3133 C
1949 3062 2349 3143 apparitione
2373 3061 2537 3125 sacta
2556 3062 2707 3126 Eliae
2728 3063 3033 3129 habetur:
3058 3066 3201 3129 Post
3221 3068 3431 3149 ignem
3464 3096 3723 3153 mmmm,

1950 3160 2177 3223 sibilus
2208 3180 2378 3223 aurae
2418 3161 2665 3236 tenuis3
2716 3161 2805 3223 ibi
2839 3163 3160 3227 Dominus.
3197 3166 3433 3230 Sibilus
3466 3162 3529 3205 ¹²·

329 3162 656 3225 bilitatem
689 3162 958 3227 visionis
988 3164 1287 3241 ostendit,
1314 3167 1661 3229 secundum
1686 3168 1839 3233 Tho—

331 3282 532 3337 mam,
567 3262 683 3344 qui
715 3270 924 3325 tamen
969 3264 1162 3344 paulo
1205 3272 1352 3325 ante
1402 3265 1704 3329 disseruit
1748 3289 1840 3332 rc-

329 3360 724 3424 velationem
758 3361 944 3424 istam
977 3361 1254 3425 subitam
1280 3364 1838 3448 transitoriamque

333 3459 594 3523 fuisse:
631 3460 803 3541 quod
846 3460 1011 3523 forte
1056 3460 1148 3523 sic
1191 3462 1632 3541 concordatur,
1685 3468 1837 3548 quia

329 3556 821 3640 comparatione
857 3558 1178 3621 visionum
1220 3578 1380 3640 quas
1422 3560 1646 3624 habuit
1680 3564 1839 3647 Moy-

327 3674 459 3733 ses,
494 3656 576 3719 de
606 3674 740 3737 quo
771 3655 860 3718 ibi
893 3657 1180 3738 loquitur
1197 3657 1491 3734 Thomas,
1535 3660 1743 3723 subita
1775 3672 1838 3725 et

327 3754 710 3819 transitoria
738 3754 885 3833 fuit,
920 3755 1214 3836 quamvis
1240 3756 1534 3821 absolute
1578 3759 1839 3841 loquen-

326 3854 420 3917 do
443 3854 600 3915 satis
636 3853 762 3915 fixa
793 3853 1128 3916 exstiterit.
1156 3860 1380 3932 Imayo
1400 3876 1616 3918 coram
1635 3862 1838 3920 oculis

327 3955 518 4013 meis.
542 3950 729 4014 Circa
756 3952 926 4032 quod
955 3951 1046 4013 ait
1075 3951 1376 4014 Albertus
1412 3971 1424 4014 :
1461 3953 1548 4017 Ne
1580 3964 1839 4036 putetur

1949 3277 2227 3340 namque
2270 3259 2555 3339 designat
2588 3259 2947 3323 susurrium
2978 3263 3243 3344 spiritus
3288 3284 3433 3328 cum

1949 3358 2096 3433 Deo,
2129 3356 2231 3419 vel
2262 3356 2372 3420 Dei
2402 3376 2510 3419 seu
2541 3358 2751 3437 angeli
2781 3378 2931 3421 cum
2963 3360 3243 3425 bomine.
3278 3363 3458 3427 Prie--

1951 3465 2140 3532 terea,
2154 3456 2329 3537 juxta
2352 3456 2678 3532 Thomam,
2697 3458 3129 3539 apparitiones
3154 3461 3439 3542 aliquan-

1947 3557 2027 3619 do
2058 3554 2086 3617 f
2090 3556 2229 3617 iunt
2247 3574 2285 3617 a
2306 3554 2533 3637 spiritu
2555 3554 2746 3632 bono,
2769 3556 3117 3638 aliquando
3137 3578 3174 3621 a
3205 3560 3436 3642 spiritu

1945 3654 2114 3717 malo
2150 3672 2165 3717 :
2197 3662 2261 3716 et
2289 3653 2629 3735 utrobique
2662 3654 2951 3718 timorem
2985 3656 3225 3738 patitur
3245 3659 3436 3723 homo

1947 3753 2013 3813 in
2063 3752 2383 3834 principio
2425 3761 2682 3835 propter
2723 3752 3036 3817 visionem
3080 3756 3429 3820 insolitam.

1948 3852 2066 3915 Sed
2097 3852 2265 3916 bono
2294 3852 2522 3936 spiritu
2553 3862 2922 3935 apparente,
2957 3855 3145 3919 timor
3174 3857 3241 3919 in
3284 3876 3435 3921 con-

1947 3951 2323 4015 solationem
2357 3950 2605 4029 finitur,
2640 3960 2713 4014 ut
2740 3960 2913 4033 patet
2942 3953 3010 4014 in
3039 3955 3264 4034 angelo
3293 3974 3433 4018 con·

331 4049 542 4112 fuisse
573 4049 890 4112 sensualis
920 4048 1108 4126 visio,
1133 4050 1368 4113 dicitur
1394 4051 1627 4133 Imago,
1653 4055 1836 4135 quasi
1950 4048 2226 4112 fortante
2252 4049 2597 4125 Danielem,
2621 4057 2684 4112 et
2711 4049 3000 4114 Gabriele
3030 4051 3433 4116 confortante
3488 4080 3726 4131 Damas,

1949 4146 2311 4210 Zachariam
2348 4147 2801 4229 virginemque
2844 4148 3114 4212 beatam.
3159 4150 3435 4233 Spiritus
3465 4146 3529 4195 ¹⁸³
3558 4143 3663 4187 “¹⁸⁶-
3695 4158 3724 4195 ¹·

327 4148 506 4211 dicat
533 4165 548 4209 :
573 4147 714 4211 Non
745 4148 978 4211 veritas
1007 4148 1288 4229 alicujus
1315 4148 1457 4227 fuit,
1480 4152 1590 4213 sed
1622 4151 1840 4234 imagi-

87 4266 224 4317 -τωο,
247 4266 298 4307 ω
331 4246 522 4309 naria
555 4246 808 4309 visione
830 4246 850 4267 ·
883 4246 1092 4325 imago
1134 4256 1587 4329 repraesentata
1625 4268 1836 4314 coram
1871 4254 1920 4315 D
1949 4254 2161 4307 autem
2192 4244 2513 4325 malignus
2541 4246 2865 4309 hominem
2890 4247 3325 4329 perturbatum
3349 4270 3439 4314 rc-

49 4332 105 4369 el

326 4344 544 4408 oculis
591 4344 756 4407 meis
807 4344 1196 4424 imaginariae
1236 4344 1526 4409 visionis,
1569 4348 1838 4412 Thomas

325 4463 488 4508 vero
517 4443 710 4506 aliter
737 4444 952 4519 sentit,
989 4452 1051 4506 et
1082 4444 1239 4506 dicit
1275 4461 1289 4506 t
1322 4444 1477 4519 Quia
1517 4446 1580 4507 in
1614 4466 1840 4512 somno

322 4542 710 4625 spirituales
731 4540 1147 4604 revelationes
1169 4542 1380 4605 minus
1400 4543 1675 4606 discerni
1705 4564 1842 4627 pos-

319 4650 544 4704 sunta
561 4639 834 4703 somniis
855 4640 1176 4703 consuetis
1196 4660 1272 4703 ac
1295 4639 1578 4715 frivolis3
1604 4642 1748 4706 ideo
1771 4652 1840 4706 ut

315 4738 630 4804 ostendat
659 4738 826 4801 hanc
864 4738 1320 4802 revelationem
1353 4757 1482 4802 non
1519 4740 1840 4804 dormien-

315 4840 396 4912 ti,
437 4836 556 4901 sed
595 4836 891 4916 vigilanti
925 4836 1178 4913 factam,
1217 4837 1583 4917 subJungit,
1625 4838 1837 4920 Imago

311 4956 548 5001 coram
575 4935 783 4999 oculis
815 4935 974 4997 meis
1011 4952 1025 4997 :
1059 4954 1172 5017 per
1199 4936 1369 5017 quod
1405 4936 1735 5018 significat
1769 4958 1838 5001 se

311 5036 572 5103 vidisse
613 5034 821 5099 oculis
849 5053 963 5116 per
998 5035 1286 5115 vigiliam
1336 5035 1604 5117 apertis,
1639 5035 1834 5110 Quem

310 5138 490 5219 Lyra
521 5150 824 5216 sequenS,
859 5132 1120 5215 exponit
1157 5150 1170 5194 ε
1203 5134 1436 5213 Imago,
1472 5142 1625 5211 etc.,
1650 5134 1834 5216 quasi

306 5236 520 5311 dicat,
554 5231 838 5312 Angelus
870 5230 995 5293 fuit
1039 5231 1106 5293 in
1136 5230 1350 5314 specie
1379 5232 1624 5296 visibili
1675 5232 1832 5296 mihi

307 5330 623 5415 vigilanti
653 5348 970 5413 apparens
1003 5349 1017 5394 ε
1053 5349 1194 5411 quae
1224 5330 1387 5394 visio
1417 5330 1832 5395 excellentior

1951 4346 2209 4427 linquit.
2240 4346 2419 4409 Unde
2466 4354 2529 4408 et
2575 4365 2764 4423 nunc,
2817 4365 2932 4429 per
2970 4346 3199 4410 Vocem
3255 4349 3439 4430 quasi

1947 4464 2118 4508 aurae
2146 4445 2331 4523 leniS,
2351 4443 2701 4508 consolatio
2720 4445 3181 4526 praecedentem
3208 4448 3439 4511 sedans

1949 4562 2251 4625 pavorem
2291 4551 2566 4621 notatur,
2612 4550 2675 4605 et
2721 4543 2885 4607 visio
2922 4563 2959 4605 a
3000 4544 3168 4608 bono
3208 4547 3441 4628 spiritu

1951 4640 2150 4704 fuisse
2182 4650 2585 4704 monstratur.
2620 4641 2833 4704 Nihilo
2876 4641 3112 4720 minus,
3149 4644 3215 4705 in
3247 4644 3441 4709 visio-

1949 4739 2139 4801 nibus
2169 4758 2206 4802 a
2247 4740 2478 4822 spiritu
2520 4739 2687 4803 bono
2720 4739 3045 4817 exhibitis,
3086 4741 3437 4823 aliquando

1948 4857 2134 4902 voces
2176 4837 2518 4901 horribiles
2556 4846 2619 4901 et
2658 4855 2905 4918 magnae
2946 4837 3117 4900 fiunt
3156 4858 3437 4904 commo-

1947 4938 2173 5013 tioneS,
2224 4938 2761 5019 quemadmodum
2815 4936 2881 4998 in
2930 4938 3142 5001 Exodo
3190 4936 3431 5001 factum

3467 4208 3533 4259 η,
3551 4209 3619 4251 3⁰.

3522 4968 3673 5014 Beod.

1947 5034 2150 5098 fertur
2192 5036 2257 5097 in
2305 5035 2461 5115 legis
2501 5034 2777 5111 datione,
2815 5034 2879 5096 in
2912 5034 3239 5099 Ezechiele
3282 5054 3435 5117 quo-
3462 5046 3544 5084 ¹¹¹·
3564 5036 3723 5085 1⁶.¹8;

3460 5095 3669 5147 ezech-1,
3682 5098 3724 5147 4,

1944 5154 2071 5216 que
2119 5143 2183 5197 et
2225 5134 2625 5216 Apocalypsi.
2660 5131 2835 5207 Quod
2883 5132 3085 5196 fiebat
3125 5135 3206 5197 ad
3255 5135 3435 5199 incu-
3459 5159 3723 5213 24;.4p00.1‚

1946 5232 2225 5295 tiendam
2265 5229 2635 5293 hominibus
2678 5231 3097 5293 reverentiam
3133 5232 3433 5314 maJesta-
3462 5224 3527 5265 ¹⁰·

1946 5331 2026 5393 tis
2055 5330 2310 5407 divinae,
2342 5329 2443 5393 vel
2484 5330 2564 5391 ad
2602 5327 3094 5393 declarationem
3125 5330 3447 5411 potentiae.
