4309 6259
872 489 992 552 648

1694 506 2041 553 manuario
2082 506 2145 551 IN
2187 506 2325 552 CAP-
2369 505 2522 551 xxx!
2559 505 2686 551 JOB.
2731 524 2814 535 —-
2853 505 2996 551 ΛΒΤ.
3043 504 3142 550 ux

870 698 943 737 ro
970 678 1203 737 matria
1232 696 1385 737 meoe
1411 695 1659 752 cyr-essa
1687 687 1775 736 est
1804 696 2072 749 mecum,
2106 695 2222 758 per
2251 696 2362 757 ap-
2389 674 2439 736 Α
2467 675 2630 737 Deus
2669 675 2862 754 elegit
2903 692 3215 755 pauperes
3257 672 3322 734 in
3363 672 3483 735 hoc
3513 672 3800 735 mundo?
3829 671 3948 735 Vos

870 774 1213 837 titudinem
1252 774 1615 855 quamdam,
1650 775 1739 837 ita
1776 775 1947 855 quod
1978 794 2055 836 ex
2094 774 2358 857 speciali

868 874 1038 936 dono
1085 871 1365 934 auctoris
1419 881 1683 949 naturae,
1738 872 2139 953 naturalique
2184 890 2357 934 com-

868 970 1166 1053 plexione
1186 978 1249 1033 et
1268 970 1706 1048 inclinatione,
1732 990 1971 1053 pronus
2001 972 2097 1033 fui
2117 972 2196 1034 ad
2221 990 2360 1053 ope-

868 1088 937 1131 ra
986 1069 1291 1151 pietatis:
1336 1070 1685 1131 secundum
1734 1070 1905 1151 quod
1955 1069 2155 1150 aliqui
2209 1079 2359 1131 sunt

868 1166 1241 1229 naturaliter
1271 1166 1456 1230 bonae
1492 1167 1747 1243 indolis,
1784 1176 1847 1229 et
1886 1170 2239 1230 secundum
2269 1168 2358 1229 di-

867 1266 1231 1329 versitatem
1254 1266 1765 1348 complexionum
1788 1267 2358 1348 dispositionisque

868 1364 1176 1426 naturalis
1216 1364 1353 1427 sive
1392 1364 1715 1444 ingenitae,
1746 1365 2004 1445 quidam
2049 1364 2358 1427 inclinan-

868 1470 970 1524 tur
1017 1462 1094 1523 ad
1139 1461 1305 1524 hanc
1354 1462 1677 1539 virtutem,
1724 1462 1965 1544 aliique
2010 1464 2090 1525 ad
2138 1464 2352 1525 aliam.

865 1560 1080 1640 Aliqui
1114 1578 1371 1641 quoque
1390 1580 1466 1622 ex
1485 1561 1761 1623 naturali
1782 1561 2202 1643 dispositione
2223 1580 2359 1643 pro-

868 1658 933 1719 ni
964 1666 1113 1719 sunt
1151 1659 1229 1719 ad
1268 1658 1483 1739 aliqua
1523 1658 1677 1721 vitia
1714 1677 1727 1719 :
1762 1661 1838 1722 ad
1871 1660 2043 1741 quod
2088 1660 2247 1722 illud
2288 1661 2356 1722 in

590 1776 668 1818 rs.
687 1777 837 1825 mna.
866 1757 1113 1818 Psalmo
1144 1765 1353 1838 potest
1382 1757 1608 1839 aptari,
1644 1758 1918 1820 Alienati
1957 1768 2106 1819 sunt
2137 1777 2358 1840 pecca-

2467 782 2678 835 autem
2711 772 3138 834 inhonorastis
3167 789 3495 854 pauperes.
3531 770 3689 833 Hinc
3719 770 3786 831 in
3813 769 3950 831 Pro·
4256 838 4257 847 ἵ

2467 870 2828 933 verbiorum
2860 869 3024 931 libro
3055 871 3360 952 scriptum
3383 876 3480 931 est
3504 886 3518 929 :
3541 867 3657 941 Qui
3679 868 3948 948 despicit
3991 892 4194 933 emm.
4256 860 4257 873 ¹

2467 988 2834 1050 pauperem,
2867 967 3206 1049 exprobrat
3235 966 3460 1029 factori
3487 967 3649 1046 ejuS.
3668 965 3950 1039 Quocon-
3975 956 4012 994 ⁵·

2469 1076 2562 1128 tra
2598 1067 2678 1129 de
2704 1066 3130 1147 compatiente
3160 1066 3451 1128 Salomon
3491 1064 3581 1125 ait
3615 1082 3628 1124 :
3667 1064 3949 1126 Foenera-
4015 1086 4116 1128 1⁶1³.
4129 1101 4194 1131 m.

2469 1174 2570 1226 tur
2597 1164 2864 1227 Domino
2902 1164 3013 1244 qui
3043 1164 3380 1225 miseretur
3416 1161 3738 1244 pauperiS,
3771 1170 3834 1223 et
3861 1162 3952 1223 vi-
3977 1151 4037 1191 ¹⁷·

2465 1262 2904 1325 cissitudinem
2961 1262 3180 1325 reddet
3235 1260 3317 1323 ei.
3367 1261 3582 1342 ltaque
3637 1260 3948 1323 vestiendi

2465 1368 2616 1422 sunt
2662 1360 2840 1422 nudi.
2885 1360 3037 1421 Nam
3079 1368 3144 1421 et
3182 1359 3466 1422 Christus
3513 1357 3836 1421 dicturum
3883 1378 3948 1421 se

2467 1457 2762 1540 perhibet
2792 1458 2861 1518 in
2887 1458 2992 1520 die
3017 1456 3244 1538 judicii
3281 1474 3294 1518 :
3328 1456 3544 1518 Nudus
3577 1454 3692 1530 fui,
3725 1464 3792 1517 et
3821 1473 3946 1518 non
3985 1478 4198 1528 mettim,
4256 1488 4257 1493 κ

2465 1556 2883 1638 cooperuistis
2911 1576 3035 1618 me.
3067 1556 3136 1617 ln
3169 1555 3334 1617 Luea
3361 1555 3452 1617 ait
3490 1572 3744 1636 quoque
3769 1554 3952 1617 Joan-
3973 1542 4036 1581 ⁴³·

2467 1673 2578 1716 nes
2607 1654 2886 1736 Baptista
2920 1672 2934 1715 ε
2967 1653 3083 1727 Qui
3122 1653 3314 1716 habet
3348 1654 3504 1715 duas
3543 1654 3814 1729 tunicas,
3847 1653 3950 1715 det
3975 1674 4193 1721 tuan-‚u

2469 1771 2597 1814 non
2627 1751 2910 1814 habenti.

868 1864 1035 1917 tores
1066 1872 1102 1915 a
1134 1854 1345 1931 vulva,
1378 1864 1752 1918 erraverunt
1780 1856 1861 1917 ab
1892 1865 2095 1918 utero.
2120 1856 2231 1918 His
2259 1858 2358 1918 de—
2393 1860 2441 1921 B
2537 1853 2616 1911 Si
2637 1853 2849 1910 levavi
2866 1870 3058 1927 super
3069 1852 3404 1926 pupillum
3423 1870 3686 1909 manum
3711 1869 3950 1909 meam:

866 1971 1042 2014 mum
1082 1952 1293 2015 verbis
1325 1953 1473 2028 Deo,
1505 1971 1635 2016 non
1673 1953 1797 2016 sibi
1834 1954 1980 2035 ipsi,
2014 1954 2130 2017 Job
2171 1955 2359 2017 mise-

866 2050 1205 2113 ricordiam
1246 2070 1425 2111 suam
1463 2050 1789 2113 adscribit.
1824 2054 2095 2116 Juvenes
2142 2053 2358 2133 itaque

866 2147 1221 2209 naturalem
1272 2147 1753 2212 inclinationem
1797 2150 1919 2212 sibi
1957 2151 2035 2212 ad
2088 2151 2356 2214 virtutes

866 2245 1145 2322 insitam,
1184 2265 1295 2327 per
1322 2246 1480 2308 vitia
1512 2266 1638 2309 non
1667 2257 2077 2329 corrumpant
2102 2273 2116 2321 3
2153 2250 2263 2310 sed
2283 2268 2356 2311 ea

863 2344 1027 2407 bene
1068 2352 1352 2422 utantur,
1386 2354 1450 2407 et
1486 2345 1916 2409 laudabilibus
1958 2348 2188 2410 studiis
2215 2365 2355 2410 eam

864 2442 1227 2525 perficiant,
1262 2452 1522 2506 actuent
1552 2453 1614 2506 et
1654 2454 2017 2527 perornent.
2051 2446 2203 2521 lm0‚
2229 2466 2357 2527 quo

864 2542 1097 2623 aliquis
1128 2542 1413 2605 melioris
1440 2552 1538 2606 est
1569 2544 1822 2618 indoliS,
1859 2563 1956 2621 eo,
1992 2546 2219 2607 ceteris
2251 2566 2358 2627 pa·-

864 2639 1063 2717 ribuS‚
1096 2641 1175 2701 ad
1204 2640 1401 2703 vitam
1442 2641 1789 2704 virtuosam
1827 2643 1971 2723 plus
2010 2642 2350 2723 obligatur,

860 2738 1245 2819 graviusque
1276 2738 1638 2815 damnatur,
1683 2739 1807 2800 nisi
1838 2741 2024 2802 donis
2053 2741 2161 2804 Dei
2191 2741 2355 2805 bene

568 2852 833 2902 Laenas.
865 2845 1103 2898 utatur.
1140 2835 1411 2913 Etenim,
1446 2834 1697 2899 Christo
1736 2846 2026 2916 testante,
2062 2839 2177 2902 Cui
2209 2840 2355 2921 plus

861 2936 1080 2997 datum
1110 2942 1229 3011 est,
1264 2934 1411 3015 plus
1440 2935 1803 3015 requiretur
1829 2937 1911 2999 ab
1942 2956 2040 2999 eo.

2468 1948 2532 2010 id
2559 1955 2676 2023 est,
2714 1947 2997 2029 pupillos
3025 1966 3136 2010 seu
3165 1946 3325 2010 alios
3369 1945 3702 2009 inferiores
3744 1955 3808 2010 et
3839 1946 3952 2007 im-

2467 2046 2876 2126 potentioreS,
2920 2064 3080 2126 quos
3136 2046 3402 2127 impune
3459 2045 3685 2107 laedere
3745 2044 3946 2126 potui,

2464 2162 2868 2224 nequaquam
2917 2162 3029 2225 per
3076 2144 3425 2225 potentiam
3471 2143 3782 2224 oppressi,
3834 2161 3952 2205 nec

2465 2240 2828 2316 molestavi3
2851 2244 3048 2301 etiam
3067 2262 3270 2319 quum
3290 2244 3568 2301 viderem
3589 2262 3689 2300 me
3715 2244 3784 2301 in
3809 2260 3952 2317 por-

2467 2349 2550 2407 ta,
2573 2338 2638 2400 id
2671 2346 2766 2400 est
2800 2338 2865 2399 in
2904 2339 3045 2401 loco
3067 2337 3316 2420 judicii,
3341 2338 3512 2419 quod
3542 2338 3786 2401 solebat
3813 2338 3949 2400 dari

2465 2435 2528 2496 in
2552 2435 2810 2497 urbium
2833 2435 3050 2517 portis»,
3065 2444 3136 2497 ut
3155 2436 3397 2498 dictum
3417 2439 3950 2515 est,superiorem

2467 2535 2530 2596 id
2562 2542 2658 2595 est
2687 2534 3131 2615 potentiorem.
3163 2534 3277 2596 Vel
3311 2554 3532 2597 sensus
3571 2542 3665 2597 est
3699 2552 3713 2595 ε
3745 2534 3950 2607 Quum

2466 2634 2533 2695 in
2580 2652 2773 2695 causa
2815 2632 3080 2713 justitiae
3120 2632 3294 2713 prior
3331 2652 3556 2708 essem,
3588 2634 3951 2714 justamque

2463 2731 2762 2793 haberem
2804 2738 3022 2794 contra
3068 2729 3402 2793 inferiores
3441 2730 3788 2811 querelam,
3822 2749 3948 2793 non

2461 2830 2619 2891 dure
2646 2836 2758 2891 aut
2787 2828 3066 2892 totaliter
3093 2828 3175 2890 ab
3206 2828 3334 2890 illis
3361 2828 3563 2909 exegi,
3586 2830 3752 2908 quod
3781 2830 3950 2909 Juste

2463 2927 2714 3009 exigere
2744 2926 2944 3009 potui,
2981 2927 3089 2989 sed
3129 2927 3475 2989 clementer
3503 2926 3781 3008 peperci.
3815 2931 3948 2989 Hu-

940 3036 1045 3101 Si,
1083 3049 1199 3113 pro
1240 3050 1391 3108 non,
1431 3036 1695 3111 despexi
1732 3044 2246 3111 prsetereuntem,
2290 3036 2352 3098 id
2389 3038 2433 3101 C
2463 3046 2677 3086 merus
2706 3045 2882 3085 meus
2911 3046 2950 3083 a
2967 3026 3294 3101 junctura
3321 3045 3439 3085 sua
3480 3028 3691 3097 cadat,
3723 3036 3784 3084 et
3812 3028 3948 3085 bra—

860 3138 957 3193 est
1006 3128 1360 3211 quemlibet
1405 3129 1736 3203 viatorem,
1788 3151 1899 3195 seu
1949 3133 2358 3214 peregrinan-

860 3236 1010 3303 tem,
1052 3235 1164 3288 aut
1206 3227 1698 3305 mendicantem,
1741 3251 1809 3289 eo
1852 3234 2022 3309 quod
2068 3252 2196 3290 non
2245 3234 2356 3291 Iza-

863 3326 1073 3385 buerit
1101 3328 1585 3397 indumentum,
1615 3337 1673 3386 ec
1704 3331 1936 3407 absque
1964 3332 2354 3405 operimento

858 3442 1209 3500 pauperem
1240 3446 1262 3483 .·
1296 3424 1358 3486 id
1400 3433 1516 3501 est,
1554 3444 1899 3506 pauperem
1942 3427 2184 3489 nudum
2227 3446 2353 3490 non

585 3543 831 3596 12.mn‚7.
864 3521 1077 3602 sprevi
1124 3539 1137 3583 :
1184 3522 1365 3603 juxta
1412 3522 1571 3585 illud
1619 3523 1813 3600 Isaiae,
1863 3523 2069 3596 Quum
2116 3525 2354 3588 videris

866 3619 1129 3696 nudum,
1182 3620 1361 3701 operi
1411 3640 1580 3696 eum,
1636 3630 1699 3682 et
1744 3640 2002 3684 carnem
2050 3632 2223 3684 tuam
2273 3643 2354 3685 ne

864 3717 1245 3798 despexeris.
1280 3720 1361 3779 Si
1388 3738 1517 3779 non
1560 3721 2023 3780 benedixerunt
2064 3722 2234 3780 mihi
2263 3726 2355 3781 Ia-

861 3822 993 3874 cera
1022 3816 1160 3892 ejus
1189 3837 1211 3876 .·
1242 3815 1307 3877 id
1348 3824 1464 3891 est,
1499 3815 1638 3898 ipse
1677 3816 1834 3877 mihi
1870 3818 2105 3896 gratias
2134 3819 2264 3898 egit
2291 3828 2354 3881 et

859 3912 1027 3975 hona
1074 3912 1459 3995 imprecatus
1498 3923 1619 3991 est,
1652 3933 1729 3976 eo
1760 3915 1929 3994 quod
1972 3914 2168 3977 latera
2213 3917 2352 3997 ejus

860 4010 1131 4085 vestivi3
1176 4022 1235 4072 et
1276 4015 1355 4071 de
1402 4014 1744 4071 velleribus
1790 4015 2011 4073 ovium
2058 4034 2350 4076 mearum

856 4110 1204 4186 calefactus
1230 4120 1319 4170 est
1350 4131 1374 4169 .·
1403 4109 1467 4170 id
1497 4118 1613 4187 est,
1651 4110 1897 4173 tunicas
1929 4111 2231 4193 pelliceas
2265 4122 2354 4175 ta-

2461 3127 2682 3184 chium
2705 3144 2918 3183 meum
2946 3144 3092 3183 eum
3111 3125 3247 3183 suis
3267 3126 3510 3183 ossibus
3527 3128 3943 3192 conteratur-2
3995 3136 4188 3187 ‘eonfrin-

2464 3221 2528 3283 id
2575 3230 2691 3296 est,
2741 3220 3024 3282 membra
3057 3221 3191 3284 haec
3239 3240 3378 3283 mea
3425 3221 3662 3301 quibus
3709 3220 3942 3284 abusus
3967 3206 4087 3256 ΨΜ

2463 3338 2624 3394 sum,
2661 3319 3072 3400 dissipentur.
3109 3318 3434 3400 Siquidem
3474 3321 3718 3400 justum
3755 3329 3852 3383 est
3878 3329 3946 3382 ut

2463 3417 2652 3479 homo
2695 3415 3002 3478 membris
3043 3417 3352 3497 privetur,
3387 3416 3621 3498 quibus
3663 3418 3742 3479 ad
3781 3417 3947 3498 inju-

2463 3514 2702 3577 stitiam
2733 3514 2954 3576 utitur.

2541 3618 2806 3691 Semper
2844 3616 3018 3673 enim
3059 3616 3249 3691 quasi
3288 3624 3598 3674 tumentes
3625 3634 3816 3691 super
3855 3636 3948 3674 me

2459 3716 2697 3789 fluctus
2735 3715 2942 3772 Deum
2987 3714 3182 3771 timui
3209 3733 3234 3771 .·
3265 3711 3326 3773 id
3370 3720 3484 3789 est,
3519 3712 3948 3775 indesinenter

2461 3811 2654 3871 Deum
2708 3810 3264 3873 vehementissime
3314 3808 3675 3886 formidavi,
3725 3811 3949 3873 timore

2463 3907 2684 3987 utique
2716 3906 2926 3983 filiali,
2965 3907 3138 3971 velut
3167 3908 3219 3969 si
3255 3908 3554 3969 vidissem
3591 3909 3796 3970 undas
3823 3928 3949 3970 ma-

2463 4006 2548 4066 ris
2580 4006 2646 4066 in
2677 4006 2876 4067 altum
2908 4014 3284 4082 crescentes,
3313 4005 3601 4086 mihique
3623 4006 3949 4069 imminen-

2464 4113 2577 4180 tcS‚
2614 4122 2805 4185 super
2833 4122 2936 4166 me
2965 4104 3190 4165 cadere
3215 4126 3229 4178 3
3264 4112 3328 4165 et
3357 4113 3426 4165 ut
3453 4113 3748 4166 metuunt
3777 4105 3948 4167 navi-

859 4206 1029 4268 libus
1070 4208 1237 4285 dedi,
1289 4207 1523 4288 quibus
1568 4208 1873 4271 calefacta
1918 4219 2015 4272 est
2060 4230 2206 4273 caro
2248 4230 2352 4274 eo-
2385 4218 2433 4278 D
2459 4210 2702 4281 ganteS,
2736 4203 2888 4263 dum
2937 4201 3174 4264 fluctus
3219 4202 3453 4264 marini
3493 4222 3685 4283 super
3725 4222 3948 4265 navem

860 4323 1018 4366 rum.
1036 4305 1143 4366 His
1162 4305 1377 4367 verbis
1409 4307 1876 4387 redarguuntur
1902 4309 2015 4388 qui
2039 4325 2350 4388 pannosos

860 4401 1243 4481 despiciunt,
1276 4421 1475 4484 quum
1500 4412 1709 4465 tamen
1732 4405 1895 4467 Deus
1926 4405 2009 4467 sit
2038 4406 2353 4469 honoran-

860 4498 978 4559 dus
1029 4499 1094 4559 in
1146 4519 1443 4581 paupere.
1497 4500 1726 4565 Contra
1775 4520 1935 4582 quos
1982 4503 2352 4567 terribiliter

574 4614 833 4663 ant-ome
864 4597 1149 4676 loquitur
1188 4597 1455 4661 Jacobus
1499 4600 1565 4661 in
1608 4618 1723 4661 sua
1752 4598 2070 4662 Canonica
2108 4619 2121 4662 :
2159 4600 2223 4662 Si
2257 4601 2352 4663 in—

568 4678 608 4718 ⁶·
861 4694 1127 4771 troierit,
1162 4695 1481 4775 inquienS,
1518 4697 1615 4761 vir
1654 4697 1720 4758 in
1752 4706 1929 4759 veste
1965 4697 2254 4774 candida,
2287 4708 2350 4761 et

860 4811 1102 4874 pauper
1133 4792 1197 4853 in
1229 4792 1483 4856 sordido
1521 4794 1766 4870 habitu,
1802 4803 1864 4855 et
1905 4794 2252 4857 intendatis
2282 4797 2346 4858 in

859 4910 1003 4953 eum
1035 4891 1147 4971 qui
1179 4891 1439 4953 indutus
1468 4899 1564 4953 est
1589 4900 1765 4955 veste
1805 4893 2127 4974 praeclara,
2163 4894 2252 4956 ita
2278 4904 2350 4956 ut

856 4989 1081 5052 dicatis
1114 4988 1194 5065 ei,
1231 4989 1321 5049 Tu
1363 4990 1510 5051 sede
1551 4988 1658 5052 hic
1701 4990 1906 5066 bene;
1940 4992 2206 5073 pauperi
2246 5012 2350 5054 au·

855 5095 981 5149 tem
1012 5088 1258 5162 dicatiS,
1293 5086 1385 5147 Tu
1416 5096 1512 5148 sta
1543 5087 1699 5164 illic,
1732 5095 1840 5149 aut
1878 5088 2024 5150 sede
2042 5090 2186 5153 ,sub
2215 5108 2348 5152 sca-

855 5184 1023 5247 bello
1078 5185 1313 5266 pedum
1362 5203 1645 5247 meorum
1682 5203 1695 5247 :
1732 5202 1943 5247 nonne
1988 5185 2139 5249 sacti
2192 5188 2346 5249 estis

848 5282 1094 5363 judices
1152 5282 1609 5361 cogitationum
1669 5284 2077 5365 iniquarum?
2124 5285 2345 5349 Nonne

2459 4300 2713 4375 elevati,
2768 4300 3104 4360 imminent
3159 4300 3273 4362 eis,
3328 4300 3504 4362 Tunc
3545 4300 3716 4362 enim
3767 4302 3950 4363 vehe-

2415 4474 2422 4485 .
2462 4397 2857 4460 meritissime
2909 4397 3155 4473 timent,
3199 4397 3288 4458 nil
3339 4398 3592 4460 carnale
3641 4417 3749 4461 eos
3789 4400 3950 4461 dele·

2459 4504 2608 4571 etat,
2630 4496 2719 4556 nil
2750 4496 2828 4557 de
2861 4495 3318 4577 temporalibus
3349 4506 3596 4572 curant,
3621 4498 3730 4559 sed
3755 4497 3946 4560 vitam

2459 4595 2658 4656 solam
2689 4594 2958 4675 cupiunt
2988 4610 3385 4655 conservare.
3419 4593 3654 4656 Taliter
3694 4602 3946 4656 sanctus

2456 4693 2572 4756 Job
2616 4692 2831 4754 timuit
2868 4694 3061 4755 Deum
3105 4700 3168 4754 et
3211 4692 3350 4772 ejus
3397 4692 3946 4755 inhonorationem

2458 4801 2646 4872 atque
2666 4790 3001 4871 J‘udicium.
3034 4790 3228 4870 CuJus
3264 4789 3552 4852 timorem
3585 4791 3810 4852 saltem
3837 4790 3948 4853 ali-

2459 4889 2732 4970 qualiter
2779 4888 2960 4969 sequi
3010 4887 3309 4963 nitamur,
3361 4896 3701 4969 pensantes
3751 4908 3946 4969 quan-

2461 4996 2590 5049 tum
2621 4988 2686 5048 in
2713 4986 3056 5066 Scripturis
3087 4985 3275 5047 timor
3301 4985 3420 5047 iste
3450 4986 3760 5048 laudetur.
3781 4986 3943 5049 Salo-

2456 5104 2604 5148 mon
2639 5084 2854 5165 itaque
2883 5083 2946 5144 in
2977 5082 3322 5147 Proverbiis
3351 5083 3480 5145 ait:
3505 5084 3729 5146 Beatus
3755 5083 3943 5147 homo
4015 5118 4124 5158 pm,

2455 5184 2566 5264 qui
2608 5201 2858 5263 semper
2895 5190 2990 5243 est
3027 5181 3316 5262 paviduS.
3353 5182 3428 5242 Et
3466 5200 3684 5243 rursus
3721 5198 3737 5242 ε
3771 5181 3837 5242 ln
3869 5182 3940 5241 ti·
3965 5176 4154 5250 ¹⁸⁸1·¹··'·*·

2455 5301 2630 5346 more
2671 5280 2919 5344 Domini
2963 5287 3096 5341 esto
3141 5288 3268 5341 tota
3311 5280 3436 5357 die,
3481 5280 3628 5363 quia
3674 5278 3936 5343 habebis
3967 5241 4182 5347 geg-xum,
