4309 6259
204 3352 239 3387 1,
260 3339 343 3378 ³1.

1020 514 1372 562 manuario
1414 516 1477 560 m
1517 515 1653 561 mr.
1700 514 1787 560 xx
1827 515 1987 561 uam
2026 515 2252 570 omn-ri
2293 515 2516 562 amun.
2562 535 2646 546 —-
2682 515 2824 561 aar.
2871 516 3002 563 xxu
3467 494 3546 558 75

444 703 595 746 sum
620 702 813 747 nemo
838 685 1197 748 Graecorum
1236 692 1347 747 aut
1366 684 1782 747 Barbarorum
1814 701 1956 747 con·
1981 682 2033 744 A
2061 702 2136 746 ea
2165 703 2309 766 quae
2331 684 2633 748 videbant
2661 693 2880 748 contra
2911 703 3021 746 seu
3044 691 3271 765 praeter
3287 701 3544 746 cursum

442 784 851 866 scripsit'tAd
870 785 1043 868 quod
1066 785 1450 866 respondent
1469 785 1769 860 doctoreS,
1782 785 1952 866 quod

444 885 759 965 astrologi
792 893 949 948 tunc
967 884 1253 966 undique
1272 883 1647 946 exsistentes
1677 902 1807 946 non
1829 885 1954 946 sol—

446 980 873 1045 licitabantur
919 983 999 1044 de
1045 981 1440 1046 observanda
1500 981 1749 1063 eclipsi,
1800 982 1953 1064 quia

444 1089 606 1143 tunc
658 1098 788 1144 non
839 1089 975 1144 erat
1025 1080 1377 1143 secundum
1422 1099 1639 1143 eorum
1692 1099 1953 1163 compu-

446 1187 588 1242 tum
637 1197 653 1241 ε
698 1179 845 1243 ideo
894 1179 1347 1244 obscuritatem
1393 1178 1568 1241 illam
1613 1199 1690 1242 ex
1736 1179 1953 1261 aliqua

446 1279 880 1360 impressione
924 1279 1088 1341 aeris
1120 1278 1427 1342 accidisse
1466 1279 1796 1360 putabant.
1832 1279 1952 1342 Sed

448 1377 517 1438 in
552 1377 846 1460 AEgyth
880 1377 991 1440 ubi
1034 1396 1177 1440 raro
1215 1386 1525 1466 apparent
1564 1377 1764 1441 nubes
1811 1396 1955 1460 pro-

448 1484 595 1558 pter
625 1477 795 1538 aeris
824 1477 1255 1554 serenitatem,
1276 1476 1657 1540 sollicitatus
1687 1486 1783 1539 est
1814 1476 1955 1539 Dio-

430 1575 677 1656 ·nysius
708 1583 773 1638 et
800 1575 957 1638 socii
978 1576 1144 1656 ejus,
1170 1584 1239 1639 ut
1266 1576 1435 1639 circa
1468 1575 1643 1638 illam
1674 1575 1955 1639 obscuri-

448 1683 649 1738 tatem
692 1673 969 1737 sollicite
1014 1675 1441 1738 intenderent.
1475 1675 1565 1736 Ex
1602 1675 1840 1757 quibus
1886 1675 1951 1736 in

448 1771 787 1854 proposito
808 1772 1011 1836 multo
1042 1771 1273 1836 fortius
1292 1780 1389 1836 est
1409 1773 1783 1848 mirandum,
1805 1791 1955 1854 quo-

2063 791 2303 846 naturae
2336 782 2503 859 fieri,
2540 803 2666 847 non
2707 782 3136 845 attribuebant
3173 782 3408 844 divinae
3438 799 3549 863 po-

2062 883 2276 946 tentiae
2305 893 2413 946 aut
2444 882 2860 965 providentiae
2885 882 3010 958 Dei,
3038 889 3106 944 ut
3135 890 3306 963 patet
3335 881 3401 942 in
3431 880 3548 943 Ex·
3575 897 3842 1016 ἐπέπι-

2060 983 2204 1060 od0,
2250 990 2312 1044 et
2361 983 2567 1064 primo
2616 981 2781 1044 libro
2825 982 3084 1059 Regum.
3118 979 3348 1056 Tertio,
3396 979 3548 1060 quia
3575 1027 3616 1068 ὃ·

2061 1100 2137 1144 ex
2172 1090 2346 1144 tanto
2368 1091 2707 1163 augmento
2727 1081 3026 1143 horarum
3049 1079 3222 1142 illius
3251 1079 3377 1142 diei
3399 1097 3548 1141 con-

2065 1179 2356 1261 tigissent
2405 1180 2616 1258 magni
2667 1198 2912 1242 errores
2962 1179 3030 1241 in
3075 1177 3550 1260 computatione

2062 1278 2418 1342 coelestium
2467 1286 2777 1354 motuum,
2829 1277 2940 1359 qui
2991 1284 3438 1341 mensurantur
3486 1283 3550 1338 et

2063 1376 2502 1440 rectificantur
2551 1396 2662 1459 per
2721 1385 2962 1439 motum
3019 1375 3170 1439 solis
3221 1375 3544 1437 diurnum.

2063 1475 2184 1538 Sed
2216 1494 2343 1538 non
2376 1475 2628 1556 legitur,
2655 1476 2824 1557 quod
2856 1474 3154 1554 astrologi
3185 1473 3306 1537 hoc
3337 1491 3551 1554 perce-

2062 1575 2348 1656 pissent3
2400 1594 2514 1638 nec
2555 1575 2620 1638 in
2661 1593 2878 1638 eorum
2926 1573 3244 1656 computis
3289 1573 3367 1636 de
3409 1572 3552 1635 ecli-

2062 1675 2302 1756 psibuS,
2318 1673 2878 1756 conjunctionibus
2911 1693 3022 1736 seu
3041 1671 3552 1755 oppositionibus

2064 1773 2484 1854 planetarum,
2521 1782 2740 1854 postea
2769 1772 3004 1854 aliquis
3047 1789 3222 1834 error
3251 1768 3551 1833 notabilis

445 1872 645 1934 modo
693 1870 997 1952 astrologi
1050 1871 1289 1953 ubique
1348 1880 1656 1936 terrarum
1699 1870 1949 1948 diffusi,
1988 1867 2035 1930 B
2064 1871 2368 1933 successit
2408 1889 2421 1933 ε
2466 1872 2636 1953 quod
2687 1877 2896 1934 tamen
2949 1869 3304 1934 necessario
3351 1869 3554 1933 conti-

446 1970 749 2033 videntes
784 1989 977 2033 unam
1008 1970 1179 2032 diem
1203 1972 1507 2034 excedere
1552 1989 1665 2052 per
1695 1970 1947 2052 viginti,

444 2068 551 2131 vel
588 2068 819 2131 saltem
852 2088 967 2150 per
987 2070 1204 2132 decem
1231 2069 1417 2132 horas
1449 2077 1821 2132 consuetam
1844 2070 1954 2131 du-

445 2168 791 2244 rationem,
827 2167 947 2230 hoc
994 2186 1123 2230 non
1169 2167 1581 2250 scripserunt.
1616 2168 1788 2241 Quod
1824 2187 1952 2232 non

443 2266 662 2330 solum
695 2267 777 2329 de
809 2265 1166 2346 astrologiS,
1203 2268 1311 2330 sed
1340 2274 1403 2330 et
1437 2267 1516 2330 de
1550 2267 1952 2349 simplicibus

445 2365 715 2446 regibus
756 2374 819 2427 et
863 2365 1265 2447 principibus
1300 2373 1395 2428 est
1426 2365 1811 2441 mirandum,
1845 2385 1953 2429 eos

443 2463 575 2526 hoc
606 2463 673 2525 in
705 2463 1029 2527 chronicis
1060 2482 1186 2527 non
1214 2463 1576 2546 scripsisse;
1601 2465 1953 2546 praesertim

442 2562 607 2643 quia
628 2561 682 2624 si
708 2562 800 2626 sol
825 2563 1205 2638 retrocessit,
1219 2571 1291 2625 ut
1310 2563 1757 2637 communiter,
1772 2581 1955 2645 opor-

443 2668 541 2722 tet
572 2661 747 2741 quod
780 2659 881 2722 bis
914 2661 1195 2740 attigerit
1225 2661 1459 2724 lineam
1492 2661 1906 2724 meridianam
1937 2679 1949 2722 :

442 2760 627 2840 quod
660 2759 854 2822 etiam
885 2779 923 2821 a
964 2759 1221 2823 rusticis
1264 2760 1577 2842 potuisset
1620 2761 1950 2842 perpendi.

444 2856 690 2938 Sicque
720 2857 901 2920 nulla
930 2857 1184 2922 videtur
1217 2858 1377 2922 ratio
1424 2877 1732 2922 excusans
1766 2858 1951 2921 talem

441 2955 975 3037 descriptionem.
1000 2955 1124 3018 Nec
1154 2956 1324 3020 valet
1350 2955 1496 3038 quis
1527 2956 1757 3034 dicere,
1783 2957 1953 3037 quod

2061 1968 2278 2050 gisset‚
2315 1969 2368 2030 si
2399 1976 2492 2032 tot
2522 1969 2692 2031 horae
2723 1969 2996 2032 fuissent
3026 1975 3444 2050 augmentatae
3484 1967 3550 2029 in

2063 2067 2168 2130 die
2199 2066 2330 2142 illo,
2367 2075 2429 2129 et
2462 2066 2585 2149 ipsi
2607 2085 2734 2130 non
2768 2067 3224 2148 percepissent.
3248 2065 3410 2129 —Si
3443 2085 3552 2128 au-

2063 2174 2190 2227 tem
2220 2165 2581 2245 objiciatur,
2602 2166 2772 2246 quod
2793 2167 3010 2228 eadem
3036 2164 3551 2227 inconvenientia

2062 2273 2410 2346 sequantur
2440 2285 2516 2326 ex
2545 2263 2816 2328 statione
2843 2264 2996 2326 solis
3028 2263 3148 2326 sub
3177 2263 3396 2326 Josue:
3423 2263 3551 2344 pri-
3576 2284 3842 2334 amuda.

2062 2382 2190 2439 mu,
2228 2363 2530 2444 quoniam
2563 2363 2775 2425 minus
2806 2362 3188 2425 miraculum
3221 2360 3309 2424 ibi
3349 2359 3550 2425 susse-

2062 2461 2293 2536 cisset3
2328 2461 2628 2538 secunde,
2665 2461 2967 2542 quoniam
3009 2460 3224 2523 nullus
3267 2469 3552 2523 astrono-

2062 2577 2310 2622 morum
2337 2559 2512 2622 illam
2535 2559 2870 2623 stationem
2893 2558 3250 2641 descripsit,
3266 2577 3382 2622 nec
3403 2557 3552 2622 inde

2066 2658 2190 2721 fuit
2219 2667 2472 2722 secutus
2502 2677 2678 2723 error
2705 2658 2771 2721 in
2801 2659 3118 2741 computis
3158 2676 3376 2721 eorum
3412 2675 3426 2720 :
3460 2657 3556 2721 di-

2064 2757 2337 2820 cendum
2368 2757 2448 2820 ad
2473 2758 2776 2840 primum,
2809 2758 2980 2839 quod
3013 2757 3170 2819 illud
3214 2757 3334 2820 sub
3370 2757 3558 2820 Josue

2066 2856 2328 2934 factum,
2369 2857 2494 2919 suit
2523 2858 2600 2920 ad
2638 2876 2932 2938 magnam
2977 2856 3243 2938 gloriam
3277 2856 3409 2933 Dei,
3444 2855 3557 2937 qui

2065 2955 2374 3037 populum
2408 2955 2594 3018 Israel
2627 2955 2833 3018 voluit
2863 2955 3280 3034 magnificare
3312 2955 3378 3017 in
3411 2973 3560 3017 con-

444 3052 787 3135 Babylonii
819 3052 1094 3116 sollicite
1125 3053 1537 3135 inquirebant
1574 3053 1850 3135 qualiter
1882 3053 1957 3116 il-
1990 3057 2033 3121 C
2066 3063 2286 3136 spectu
2335 3054 2662 3134 gentium;
2718 3063 2781 3117 et
2824 3053 3222 3136 prolongatio
3274 3053 3384 3116 illa
3435 3052 3561 3116 suit

446 3151 567 3213 lud
600 3151 929 3228 acciderit,
964 3160 1029 3214 ct
1056 3153 1274 3215 audito
1319 3153 1489 3234 quod
1521 3160 1781 3236 propt-er
1810 3154 1957 3216 Eze—

445 3249 693 3326 chiam,
728 3249 1044 3312 miserunt
1072 3249 1153 3311 ad
1184 3269 1355 3328 eum,
1388 3252 1467 3313 ad
1500 3250 1953 3333 inquirendum

442 3349 531 3412 de
580 3348 705 3412 hoe
736 3365 751 3410 ε
785 3348 957 3430 quod
997 3366 1126 3411 non
1169 3349 1418 3413 videtur
1464 3348 1773 3412 sufficere
1814 3368 1957 3431 pro-

443 3456 597 3531 pter
628 3446 771 3510 tria.
806 3446 1039 3524 Primo,
1077 3447 1383 3528 quoniam
1430 3447 1803 3512 retrocessio
1845 3447 1957 3511 illa

442 3546 609 3610 solis
640 3544 873 3608 suisset
904 3553 1033 3608 tam
1065 3546 1370 3608 diuturna
1391 3553 1454 3609 et
1473 3546 1759 3624 evidenS,
1785 3547 1954 3628 quod

440 3644 643 3708 etiam
706 3643 1081 3724 vulgaribus
1139 3643 1657 3726 quibuscumque
1716 3644 1954 3727 ubique

444 3753 767 3807 terrarum
814 3742 1126 3825 patuisset
1152 3767 1167 3819 ;
1194 3761 1321 3805 non
1358 3751 1566 3806 tamen
1615 3743 1846 3823 legitur
1876 3745 1954 3806 de

438 3842 689 3924 aliquo,
744 3842 918 3923 quod
971 3841 1121 3904 inde
1171 3842 1487 3919 tractavit,
1541 3843 1800 3925 scripsit
1844 3851 1953 3905 aut

440 3940 887 4022 investigavit,
914 3940 1039 4002 nisi
1072 3940 1279 4005 solum
1310 3942 1391 4004 de
1422 3959 1567 4021 rege
1586 3940 1947 4024 Babylonis.

441 4039 769 4115 Secundo,
797 4038 951 4121 quia
980 4039 1254 4102 Chaldaei
1287 4048 1467 4102 erant
1496 4040 1775 4103 totaliter
1805 4039 1953 4102 insi-

438 4137 621 4200 deles
674 4155 689 4198 :
740 4137 887 4200 ideo
935 4155 1063 4200 non
1114 4137 1435 4200 habebant
1484 4139 1794 4202 rationem
1844 4157 1951 4202 eos

2066 3152 2267 3228 utilis,
2302 3159 2362 3214 et
2405 3152 2586 3233 quasi
2635 3152 2987 3215 necessaria
3018 3153 3096 3214 ad
3141 3152 3451 3216 ultionem
3481 3153 3560 3216 de

2067 3249 2372 3326 inimiciS,
2409 3251 2485 3312 ad
2528 3268 2719 3331 quam
2770 3267 2898 3312 non
2951 3237 3322 3313 sufficiebat
3365 3249 3560 3312 modi-

2064 3367 2212 3411 cum
2262 3355 2512 3430 tempus
2552 3348 2724 3429 quod
2764 3347 3041 3410 restabat
3087 3348 3166 3411 de
3214 3347 3338 3412 die.
3385 3347 3558 3410 Nihil

2064 3453 2277 3509 autem
2299 3445 2527 3508 horum
2549 3446 2958 3526 contingebat
2979 3446 3046 3508 in
3068 3447 3398 3510 sanatione
3417 3447 3560 3510 Eze-

2063 3543 2247 3621 chiae,
2294 3544 2644 3626 praesertim
2693 3544 2759 3606 in
2805 3542 3224 3610 certificando
3271 3564 3416 3609 eum
3460 3565 3558 3610 so-

2064 3642 2198 3706 lum
2229 3643 2308 3706 de
2338 3662 2453 3705 sua
2483 3643 2659 3706 brevi
2695 3643 3048 3707 sanatione.
3083 3644 3174 3707 Ad
3207 3645 3556 3708 secundum

2063 3741 2429 3818 dicendum,
2477 3743 2648 3823 quod
2709 3751 2992 3825 tempore
3039 3743 3226 3806 Josue
3275 3744 3556 3806 nondum

2062 3849 2198 3902 erat
2238 3859 2340 3902 ars
2379 3841 2782 3904 astronomiae
2832 3841 3112 3903 inventa.
3157 3841 3306 3903 Nam
3357 3841 3558 3903 Ptole-

2062 3958 2259 4002 maeus
2291 3939 2764 4021 PhiladelphuS‚
2791 3939 2904 4022 qui
2938 3939 3062 4002 fuit
3081 3939 3297 4026 ,ipsius
3319 3939 3557 4022 princi-

2064 4038 2226 4120 palis
2261 4038 2676 4118 investigator
2703 4047 2766 4101 et
2803 4038 3119 4114 inventor,
3151 4057 3280 4101 non
3325 4039 3555 4120 allegat

2061 4137 2143 4199 de
2179 4135 2778 4216 investigationibus
2809 4136 3114 4217 antiquiS‚
3147 4137 3271 4199 nisi
3307 4146 3552 4200 tantum

439 4243 808 4316 cogentem,
840 4235 1011 4316 quod
1049 4234 1161 4296 illa
1190 4235 1457 4298 mutatio
1505 4236 1768 4300 haberet
1815 4255 1952 4318 spe·
1982 4239 2031 4301 D
2060 4255 2097 4297 a
2130 4235 2431 4298 trecentis
2465 4235 2598 4298 sere
2629 4235 2814 4297 annis
2844 4244 2992 4298 ante
3012 4235 3248 4317 ipsum,
3283 4246 3349 4298 ut
3380 4245 3552 4318 patet

438 4334 677 4398 cialem
730 4342 1091 4415 respectum
1143 4333 1223 4395 ad
1266 4333 1621 4410 Ezechiam,
1657 4336 1948 4416 quamvis

439 4433 567 4496 hoc
608 4431 976 4494 audierunt.
1010 4432 1163 4494 Nam
1216 4432 1381 4494 sicut
1429 4432 1549 4496 hoc
1598 4435 1950 4515 contigerat

416 4531 509 4593 ·in
542 4529 883 4612 horologio
912 4530 1139 4606 Achaz,
1173 4530 1261 4593 ita
1300 4531 1364 4592 in
1410 4530 1555 4594 aliis
1601 4532 1946 4614 horologiis

440 4630 509 4692 in
540 4629 841 4692 Chaldaea
872 4637 934 4690 et
963 4629 1205 4710 ubique
1237 4638 1546 4693 terrarum
1568 4639 1663 4693 :et
1694 4631 1785 4694 sic
1818 4651 1945 4696 non

438 4727 842 4808 cogebantur
862 4725 1228 4808 Babylonici
1264 4727 1523 4790 credere
1557 4728 1676 4792 hoc
1705 4728 1943 4794 factum

441 4824 649 4888 fuisse
680 4832 948 4907 propter
986 4824 1265 4907 aliquam
1304 4825 1693 4907 singularem
1736 4847 1947 4910 perso-

442 4943 593 4986 nam
618 4943 697 4986 ex
728 4921 953 4986 divina
981 4922 1423 5006 providentia;
1470 4925 1581 4988 sed
1612 4926 1822 5007 potius
1856 4945 1947 4990 se-

444 5022 727 5085 cundum
780 5041 959 5084 suam
1023 5020 1471 5086 infidelitatem
1527 5025 1947 5089 credidissent

446 5121 569 5184 hoc
612 5119 761 5182 fieri
808 5139 889 5183 ex
926 5119 1143 5201 aliqua
1186 5140 1376 5183 causa
1423 5122 1673 5184 occulta
1708 5124 1941 5186 casuali

446 5227 558 5281 aut
596 5216 877 5281 naturali
914 5235 929 5280 ε
964 5217 1130 5281 sicut
1169 5218 1249 5282 de
1293 5219 1617 5284 Pharaone
1665 5229 1729 5284 et
1757 5222 1947 5286 Palae-

446 5315 633 5378 stinis
674 5315 933 5396 legitur,
969 5323 1033 5380 et
1079 5315 1160 5379 de
1208 5316 1353 5380 aliis
1394 5317 1793 5398 infidelibus,
1829 5321 1944 5402 qui

2060 4334 2127 4396 in
2171 4334 2538 4414 Almagesti.
2573 4334 2650 4396 Et
2684 4342 2931 4398 constat
2979 4335 3148 4416 quod
3179 4335 3548 4399 Ptolemaeus

2060 4433 2169 4496 ille
2204 4432 2324 4495 fuit
2356 4441 2638 4515 tempore
2669 4433 3163 4497 Machabaeorum
3187 4451 3201 4495 :
3221 4435 3362 4498 ide-0
3393 4443 3549 4498 tem—

2057 4549 2215 4615 pore
2239 4532 2426 4595 Josue
2457 4550 2584 4595 non
2609 4531 2928 4596 fuitlocus
2959 4533 3220 4596 notandi
3254 4533 3423 4610 talia,
3444 4535 3544 4596 vel

2056 4629 2308 4692 errandi
2335 4630 2402 4691 in
2431 4629 2668 4693 talibus
2688 4630 3006 4711 computis
3033 4654 3048 4705 ;
3082 4649 3264 4693 secus
3292 4631 3372 4693 de
3390 4640 3547 4693 tem—

2056 4747 2210 4811 pore
2228 4729 2531 4806 Ezechiae,
2551 4729 2808 4811 quando
2838 4729 3130 4793 homines
3153 4730 3544 4812 incipiebant

2056 4828 2441 4909 investigare
2471 4836 2534 4891 et
2563 4828 2966 4892 considerare
2987 4848 3210 4892 cursus
3241 4829 3537 4904 siderum,
3569 4847 3724 4890 12.va

2055 4935 2125 4990 ut
2153 4934 2328 5008 patet
2348 4947 2423 4990 ex
2443 4927 2654 4991 verbis
2683 4927 2857 4990 Isaiae
2878 4927 2943 4988 in
2968 4927 3132 4990 libro
3162 4946 3291 4989 suo.
3308 4964 3384 4973 —
3400 4927 3543 4989 Ideo

2054 5027 2131 5088 ad
2188 5026 2539 5089 tollendum
2588 5026 3040 5089 admirationes
3089 5026 3440 5107 praedictas,
3483 5033 3546 5089 et

2054 5125 2131 5186 ad
2184 5124 2516 5187 veritatem
2572 5123 2820 5200 litterae,
2867 5131 3054 5206 prout
3103 5123 3292 5205 plane
3339 5132 3541 5200 sonat,

2054 5223 2592 5303 prosequendam,
2646 5223 2832 5285 aliter
2881 5222 3130 5286 videtur
3180 5221 3542 5284 dicendum.

2053 5319 2232 5383 Unde
2260 5319 2504 5401 absque
2534 5320 2872 5384 temeraria
2891 5319 3258 5396 assertione,
3278 5326 3343 5382 et
3372 5319 3548 5382 salva

3727 4847 3836 4896 u,l3.
