4309 6259
858 498 978 561 528

1649 512 2002 559 mantnano
2044 514 2106 558 IN
2147 512 2287 559 GAP.
2332 512 2437 558 xvl
2476 512 2603 559 108.
2650 531 2730 542 —
2770 513 2912 559 Aur.
2959 514 3175 560 xxxvn

853 693 926 747 ut
953 685 1294 747 durissime
1329 704 1476 748 eum
1511 683 1846 766 impingat,
1871 691 1980 746 aut
2011 682 2196 765 quasi
2227 682 2348 745 im·
2377 683 2430 744 A
2460 682 2710 745 ritatem
2741 682 3085 763 jungendo.
3109 689 3193 746 Et
3210 687 3436 762 operui
3452 687 3663 745 cinere
3684 706 3945 745 earnem

851 783 1156 846 mobilem
1199 785 1440 859 reddat,
1479 783 1570 845 sic
1613 782 1802 845 Satan
1846 782 2083 844 invasit
2121 789 2187 843 et
2229 782 2346 842 im-

850 881 1016 962 pulit
1075 891 1366 945 sanctum
1425 882 1564 945 Job.
1619 882 1934 962 Denique,
1992 880 2342 943 secundum

853 980 1205 1059 Albertum,
1229 1001 1267 1043 a
1298 980 1634 1063 posteriori
1675 989 1852 1062 parte
1883 979 2135 1061 capitiS,
2164 978 2341 1041 nervi

852 1079 918 1141 in
963 1087 1164 1143 totum
1199 1098 1430 1162 corpus
1475 1079 1878 1141 descendunt
1917 1079 2100 1160 juxta
2139 1076 2345 1140 cervi-

852 1198 991 1241 cem
1039 1198 1055 1243 :
1110 1180 1296 1261 cujus
1347 1180 1600 1258 signum
1651 1186 1769 1255 est,
1805 1177 1958 1259 quia
2008 1177 2063 1238 si
2106 1176 2343 1257 aliquis

850 1275 1102 1340 fortiter
1135 1278 1201 1341 in
1231 1278 1398 1341 collo
1439 1277 1787 1357 stringatur
1817 1274 2155 1357 posteriuS‚
2195 1292 2341 1337 mox

847 1376 1136 1439 redditur
1166 1396 1429 1458 corpore
1465 1384 1596 1439 toto
1628 1374 2000 1438 immobilis.
2035 1373 2213 1436 Unde
2246 1372 2342 1435 in-

849 1475 1078 1551 tendit,
1103 1476 1274 1557 quod
1307 1475 1494 1538 Satan
1537 1475 1627 1536 sic
1659 1473 1998 1536 strinxerat
2027 1492 2175 1534 eum
2210 1490 2341 1553 poe-

849 1574 971 1649 niS,
1027 1575 1196 1654 quod
1245 1593 1312 1636 se
1353 1592 1609 1637 movere
1661 1572 1972 1654 nequivit.
2011 1571 2339 1647 Confreyit

847 1692 973 1741 me,
1007 1671 1070 1734 id
1112 1679 1234 1749 est,
1269 1690 1499 1754 corpus
1542 1670 1868 1733 ulceribus
1903 1668 2247 1742 laceravit3
2280 1678 2340 1729 et

843 1772 1066 1845 posuit
1095 1791 1191 1830 me
1206 1772 1334 1829 sibi
1351 1772 1544 1850 quasi
1573 1772 1644 1829 in
1663 1771 1928 1846 siynum
1958 1788 1979 1827 .·
2013 1767 2074 1828 id
2099 1774 2219 1843 est,
2246 1765 2337 1828 sic

2456 802 2691 850 meam,
2724 781 2787 843 id
2836 790 2954 858 est,
3006 782 3287 845 cinerem
3339 801 3534 864 super
3582 802 3685 847 me
3736 783 3942 863 sparsi

2456 879 2521 942 in
2574 879 2825 959 signum
2879 881 3114 944 doloris
3160 890 3225 944 et
3264 881 3669 957 humilitatiS,
3705 882 3768 942 in
3814 900 3947 943 me-

2455 979 2723 1041 moriam
2750 997 3007 1061 quoque
3038 1000 3197 1043 meae
3226 981 3477 1044 mortali
3488 980 3655 1043 tatis.
3672 980 3946 1043 Consue-

2453 1085 2684 1140 verunt
2713 1085 2927 1141 autem
2958 1078 3251 1143 homines
3282 1098 3486 1156 sacco,
3525 1078 3765 1155 cinere,
3802 1079 3945 1161 pul-

2452 1194 2599 1240 vere
2649 1186 2840 1259 atque
2888 1178 3101 1242 cilicio
3142 1179 3353 1241 taliter
3400 1178 3517 1257 uti,
3548 1178 3717 1241 sicut
3761 1185 3826 1240 et
3870 1178 3941 1239 in

2448 1270 2606 1337 Jona
2635 1274 2839 1338 fertur
2863 1276 3029 1340 :Rex
3050 1276 3279 1339 Ninive
3310 1277 3573 1339 indutus
3604 1284 3703 1339 est
3730 1294 3934 1353 sacco,
3982 1308 4185 1357 hum„
4206 1318 4251 1355 o-

2451 1380 2515 1434 et
2561 1374 2727 1436 sedit
2766 1373 2831 1435 in
2881 1374 3115 1451 cinere,
3152 1383 3215 1437 et
3260 1375 3559 1439 clamavit
3591 1393 3604 1436 :
3640 1375 3939 1438 Homines
3968 1376 4008 1415 Β·

2451 1479 2515 1532 et
2559 1472 2848 1552 jumenta
2891 1473 3262 1554 operiantur
3310 1472 3529 1536 saccis.
3564 1473 3631 1535 ln
3672 1473 3938 1536 Threnis

2450 1587 2703 1651 quoque
2748 1587 2763 1632 ε
2814 1570 3125 1633 Sederunt
3166 1571 3232 1634 in
3274 1580 3457 1647 terra,
3494 1571 3939 1635 conticuerunt
3996 1592 4175 1635 rma.
4198 1610 4243 1641 ιι.

2451 1685 2635 1730 senes
2670 1666 2825 1731 filiae
2856 1668 3029 1745 Sion,
3063 1676 3556 1751 consperserunt
3590 1671 3809 1733 cinere
3836 1689 3939 1733 ca-
3968 1657 4033 1701 ¹⁰·

2450 1765 2585 1847 pita
2634 1786 2787 1847 sua3
2843 1767 2999 1829 filiae
3043 1767 3390 1830 Jerusalem
3441 1768 3743 1831 accinctae
3788 1776 3937 1830 sunt

849 1868 1023 1930 varia
1070 1868 1228 1930 mihi
1270 1867 1512 1930 inflixit
1549 1866 1888 1948 supplicia,
1923 1866 2340 1948 quemadmo—
2374 1868 2421 1932 B
2448 1864 2698 1929 ciliciis,
2733 1866 3017 1947 Itemque
3049 1866 3113 1928 in
3146 1866 3393 1929 Psalmo
3424 1884 3438 1927 :
3468 1866 3781 1940 Quoniam
3816 1868 3935 1929 hu·
3964 1898 4233 1949 Qum„

847 1967 999 2028 dum
1028 1968 1246 2029 multae
1277 1966 1519 2045 sagittae
1549 1966 1911 2044 diriguntur
1951 1964 2018 2025 in
2053 1963 2335 2043 signum.

587 2091 738 2143 1002„
751 2094 794 2136 4,
847 2065 1006 2128 Hinc
1037 2066 1199 2128 dixit
1231 2068 1367 2148 ipse
1396 2065 1512 2128 Job
1547 2081 1777 2145 supra:
1803 2062 2055 2142 Sagittae
2087 2061 2335 2125 Domini

851 2164 916 2225 in
965 2183 1068 2225 me
1111 2169 1279 2225 sunt.
1307 2162 1618 2225 Similiter
1660 2162 1865 2224 fertur
1906 2162 1971 2223 in
2005 2161 2275 2224 Threnis
2321 2180 2335 2224 ε

585 2281 817 2335 mmm,
848 2261 1012 2324 Misit
1046 2262 1110 2323 in
1144 2262 1406 2324 renibus
1440 2262 1601 2323 meis
1635 2260 1806 2322 filias
1839 2261 2152 2342 pharetrae
2186 2278 2336 2321 suae.

557 2346 622 2387 ¹³·
933 2364 1368 2423 Circumdedit
1399 2382 1496 2421 me
1538 2363 1778 2421 lanceis
1803 2363 1960 2432 suis,
1999 2360 2064 2421 id
2095 2366 2193 2420 est
2232 2376 2341 2439 pe·-

849 2460 1181 2522 netrativis
1231 2460 1582 2523 doloribuS.
1619 2459 1730 2521 Vel
1783 2458 2057 2521 refertur
2096 2457 2215 2521 hoc
2260 2458 2339 2519 ad

847 2558 1394 2639 impugnationem
1428 2558 1728 2621 hostilem
1757 2575 1975 2619 eorum
2008 2556 2118 2639 qui
2153 2556 2339 2618 beato

547 2675 816 2727 1οῡι,ι5.ι·ι.
843 2657 961 2720 Job
1013 2676 1192 2719 suam
1242 2657 1645 2719 abstulerunt
1693 2656 2135 2732 substantiam,
2172 2656 2341 2736 ejus-

845 2774 970 2837 que
995 2774 1226 2838 pueros
1247 2755 1633 2818 occiderunt.
1655 2756 2159 2814 C'onvalneravit
2182 2758 2341 2813 lum-

843 2856 946 2914 bos
981 2875 1168 2924 meos‚
1219 2852 1370 2935 quia
1418 2872 1455 2914 a
1502 2852 1711 2933 capite
1763 2870 1963 2932 usque
2015 2852 2094 2913 ad
2145 2851 2339 2914 calca-

843 2972 1034 3014 neum
1068 2971 1170 3013 me
1203 2951 1475 3032 replevit
1505 2950 1827 3013 ulceribus
1858 2950 2169 3032 pessimis
2189 2952 2337 3013 Non

2450 1963 2694 2026 miliata
2738 1972 2835 2026 est
2880 1965 2945 2025 in
2997 1964 3258 2045 pulvere
3304 1963 3517 2026 anima
3562 1973 3800 2028 nostra.
3826 1964 3934 2026 His

2449 2062 2663 2125 verbis
2710 2062 2961 2145 repellit
2995 2062 3113 2125 Job
3162 2061 3389 2124 falsam
3436 2064 3928 2141 accusationem,

2450 2180 2577 2242 qua
2617 2161 3004 2244 praecedenti
3046 2161 3328 2243 capitulo
3366 2180 3514 2225 eum
3550 2162 3813 2245 Eliphaz
3856 2164 3935 2225 dc

2451 2260 2750 2341 superbia
2810 2260 3255 2342 multipliciter
3306 2260 3625 2324 accusavit
3682 2282 3697 2327 :
3748 2262 3931 2339 Quid,

2450 2357 2771 2439 inquienS,
2790 2365 2989 2420 tumet
3007 2366 3229 2421 contra
3248 2359 3443 2421 Deum
3468 2360 3734 2441 spiritus
3756 2366 3934 2423 tuus?

2448 2456 2609 2530 Quid
2638 2465 2699 2519 te
2731 2457 2939 2520 elevat
2966 2475 3075 2520 cor
3112 2460 3333 2519 tuum?

2532 2558 2751 2617 Facies
2780 2577 2921 2617 mea
2952 2558 3272 2617 intumuit
3300 2578 3341 2616 a
3366 2559 3548 2633 lietu,
3574 2556 3639 2619 id
3674 2566 3792 2635 est,
3811 2566 3935 2620 tam

2450 2654 2848 2716 abundanter
2896 2654 3165 2735 ploravi,
3204 2654 3373 2734 quod
3418 2653 3613 2717 facies
3656 2674 3799 2719 mea
3841 2658 3935 2717 in-

2450 2750 2603 2814 flata
2630 2760 2748 2815 est.
2774 2752 3169 2814 Ascendente
3200 2751 3439 2833 quippe
3468 2753 3729 2835 copiosa
3760 2755 3937 2817 lacri-

2449 2869 2695 2912 marum
2734 2850 3001 2913 materia
3043 2851 3121 2912 ad
3155 2858 3360 2932 caput,
3395 2849 3591 2915 facies
3637 2851 3935 2915 flentium

2450 2948 2841 3011 intumescit.
2876 2948 2995 3011 Sed
3031 2956 3094 3010 et
3126 2948 3191 3009 in
3222 2966 3452 3029 magno
3483 2950 3744 3032 planctu
3776 2952 3937 3013 mul-

3978 2288 4067 2329 lob
4084 2302 4155 2335 xv,
4172 2292 4241 2337 n,

3967 2352 4033 2393 ¹2.

835 3053 1122 3131 pepercit
1166 3072 1190 3110 .·
1230 3051 1479 3113 daemon
1529 3050 1703 3112 enim
1754 3049 2191 3112 atrocissimus
2241 3056 2339 3109 est
2372 3053 2416 3116 C
2450 3056 2511 3109 ta
2542 3047 2889 3113 humiditas
2925 3046 3283 3124 resolvitur,
3318 3067 3355 3109 a
3385 3048 3645 3112 cerebro
3675 3050 3937 3113 descen-

841 3148 1162 3229 afflictor;
1196 3159 1253 3209 et
1284 3152 1516 3227 effudit
1537 3152 1609 3210 in
1643 3160 1880 3209 terram
1913 3151 2154 3209 viscera
2178 3169 2337 3217 mea,

841 3248 905 3309 id
937 3256 1053 3323 est,
1089 3266 1344 3310 omnem
1377 3248 1662 3311 sobolem
1707 3266 1936 3323 meam,
1974 3256 2045 3308 ut
2073 3247 2333 3328 propria

839 3345 1085 3409 viscera
1115 3344 1274 3406 mihi
1306 3344 1626 3421 dilectam,
1651 3344 1920 3426 projecit
1951 3344 2016 3405 in
2040 3353 2327 3407 mortem.

845 3442 958 3505 Vel
991 3444 1070 3505 de
1115 3462 1182 3505 se
1225 3443 1367 3525 ipso
1417 3443 1534 3505 boc
1575 3442 1664 3504 ait
1709 3441 2122 3524 hyperbolica
2169 3442 2334 3505 locu-

843 3543 1037 3619 tione,
1091 3542 1168 3604 ad
1221 3542 1706 3621 designandum,
1760 3542 1928 3623 quod
1982 3560 2172 3623 poena
2222 3560 2335 3603 sua

840 3642 1244 3723 pertingebat
1275 3660 1478 3721 usque
1511 3640 1588 3701 ad
1637 3640 1884 3717 intima,
1923 3641 2335 3721 quemadmo-

587 3756 811 3810 Tmnm,
841 3741 994 3803 dum
1032 3740 1100 3802 in
1141 3738 1410 3801 Threnis
1454 3738 1721 3800 habetur
1757 3756 1770 3800 :
1808 3738 2102 3799 Effusum
2135 3747 2232 3800 est
2268 3738 2330 3798 in

549 3823 616 3870 ¹¹'
843 3847 1010 3901 terra
1037 3840 1217 3920 jecur
1246 3857 1482 3899 meum.
1509 3837 1793 3918 Insuper,
1813 3838 1890 3899 ad
1924 3838 2201 3899 litteram
2228 3836 2337 3899 fie-

842 3938 895 3999 ri
929 3938 1156 4019 potuit,
1178 3946 1248 3999 ut
1277 3956 1468 4000 carne
1495 3937 1611 3999 Job
1642 3936 1926 4017 undique
1960 3936 2233 3999 lacerata
2262 3956 2335 3999 ac

841 4036 1017 4099 sanie
1055 4035 1407 4112 defluente,
1443 4035 1686 4116 aliquid
1732 4034 2048 4098 viscerum
2092 4054 2204 4097 seu
2249 4036 2337 4097 vi-

840 4134 1062 4197 talium
1095 4136 1236 4215 ejus
1268 4133 1617 4195 effluxerit.
1639 4136 1928 4194 Concidit
1951 4154 2050 4193 me
2073 4138 2335 4195 vulnere

2446 3146 2603 3208 dens
2640 3148 2720 3208 ad
2758 3146 3005 3208 vultum
3050 3154 3113 3209 et
3152 3146 3369 3209 oculos
3405 3164 3419 3207 ε
3464 3146 3607 3210 ideo
3646 3147 3805 3212 facit·
3843 3149 3933 3211 ibi

2447 3242 2871 3307 inflationem.
2919 3243 3021 3307 Sic
3064 3252 3128 3306 et
3177 3244 3243 3306 in
3292 3244 3559 3307 Threnis
3600 3246 3870 3309 habetur
3912 3266 3927 3309 :

2450 3341 2829 3406 Defecerunt
2860 3342 3031 3405 oculi
3064 3342 3188 3404 mei
3221 3362 3350 3424 prae
3380 3342 3684 3406 lacrimis,
3716 3346 3927 3410 Primo
4002 3373 4233 3419 raram.

2446 3460 2699 3523 quoque
2748 3442 2989 3520 Regum
3040 3441 3237 3503 David
3286 3449 3349 3503 et
3388 3442 3509 3505 viri
3556 3444 3695 3525 ejus
3738 3444 3935 3509 fleve-
3962 3440 4007 3478 ¹¹

2445 3548 2615 3617 runt,
2649 3541 2851 3603 donec
2894 3539 3246 3602 deficerent
3285 3540 3352 3601 in
3381 3540 3473 3602 eis
3513 3541 3812 3606 lacrimae.
3850 3548 3933 3607 Et
3963 3565 4003 3605 ι.

2434 3642 2757 3717 palpebrce
2778 3660 2930 3701 τηεσε
2948 3641 3415 3717 caliqaverunt.
3440 3640 3530 3701 Ex
3561 3640 3809 3721 ingenti
3842 3653 3934 3706 et-

2446 3738 2618 3801 enim
2662 3738 2934 3801 decursu
2988 3746 3051 3800 et
3100 3737 3280 3800 fluxu
3340 3738 3700 3819 humorum,
3755 3742 3933 3804 visus

2444 3837 2813 3899 debilitatur
2848 3854 2863 3898 ε
2896 3844 2958 3899 et
3002 3836 3263 3918 ponitur
3300 3836 3405 3900 hic
3441 3839 3777 3902 continens
3818 3860 3935 3922 pro

2445 3944 2766 4011 content0,
2802 3935 3101 3999 videlicet
3132 3935 3452 4019 palpebrae
3480 3955 3595 4018 pro
3636 3938 3779 4001 visu
3812 3940 3933 4001 sub

2446 4035 2537 4097 eis
2568 4042 2887 4097 contento.
2931 4033 3095 4095 Dicit
3132 4023 3405 4116 namque
3438 4035 3727 4113 Basilius,
3760 4040 3931 4119 quod

2446 4132 2776 4214 nigredine
2814 4132 3262 4214 palpebrarum
3304 4133 3811 4216 circumponitur
3842 4137 3934 4201 vi-

841 4254 1036 4312 super
1081 4238 1342 4304 vulnus,
1394 4232 1457 4293 id
1508 4240 1626 4308 est,
1653 4230 2116 4313 multiplicibus
2167 4233 2337 4295 ulcc-
2367 4239 2414 4300 D
2445 4239 2658 4307 su5,ut
2687 4231 2901 4293 radius
2925 4230 3186 4293 visualis
3215 4231 3527 4312 dirigatur
3555 4234 3637 4295 ad
3658 4243 3925 4298 certum.

841 4350 983 4394 rum
1015 4332 1396 4395 vulneribus
1435 4349 1667 4412 corpus
1713 4350 1925 4403 meum
1970 4330 2329 4394 dilaniavit.

839 4434 1056 4493 Irruit
1077 4432 1150 4491 in
1179 4452 1279 4491 me
1296 4432 1486 4511 quasi
1506 4432 1718 4507 μέθας,
1739 4427 1799 4491 id
1834 4437 1931 4491 est
1960 4448 2106 4491 cum
2139 4430 2335 4512 impe-

845 4537 912 4591 tu
945 4529 1118 4592 forti.
1155 4528 1454 4591 Diabolus
1487 4528 1677 4590 etiam
1713 4528 1986 4589 naturali
2020 4536 2332 4609 potestate

544 4639 629 4685 ,τοῦ
649 4642 814 4692 xum.
844 4636 972 4690 tam
1006 4614 1190 4691 fortis
1222 4636 1340 4705 est,
1367 4636 1434 4689 ut
1467 4629 1546 4690 de
1575 4646 1650 4690 eo
1683 4627 1853 4689 infra
1881 4627 2128 4689 dicatur
2155 4648 2170 4691 :
2196 4627 2331 4690 Non

842 4737 936 4792 est
987 4735 1265 4809 potestas
1305 4745 1496 4809 super
1544 4734 1776 4789 terram
1817 4745 1958 4807 quae
2007 4745 2333 4808 compare—

840 4836 943 4890 tur
973 4828 1054 4890 ei.

917 4930 1195 4989 Saccum
1230 4926 1457 4985 consui
1493 4944 1688 5001 super
1732 4934 1940 4984 eutem
1994 4946 2219 4996 meam,
2265 4924 2329 4985 id

837 5034 954 5101 est,
990 5024 1102 5087 tali
1154 5030 1326 5086 veste
1375 5042 1476 5084 me
1525 5021 1672 5097 texi,
1709 5029 1773 5083 et
1816 5041 1957 5085 eam
1997 5022 2125 5084 cuti
2173 5041 2329 5085 meae

837 5124 1055 5207 paravi
1089 5123 1156 5184 in
1192 5122 1446 5200 signum
1486 5120 1973 5197 humiliationiS,
2011 5128 2074 5182 et
2103 5129 2175 5182 ut
2212 5120 2331 5182 mi-

834 5222 1243 5285 sericordiam
1275 5220 1703 5300 impetrarem.
1743 5218 2048 5300 Itemque,
2085 5226 2157 5281 ut
2199 5239 2331 5281 ma-

835 5340 990 5384 num
1020 5318 1434 5404 percutientis
1463 5317 1774 5398 juvarem,
1791 5318 2120 5399 asperitati
2153 5338 2331 5400 aspe-

2524 4334 2679 4392 Hoec
2702 4350 2937 4407 passus
2972 4350 3119 4390 sum
3158 4332 3388 4410 absque
3416 4333 3768 4411 iniquitate
3798 4355 3931 4396 ma-

2444 4451 2565 4490 nus
2596 4450 2774 4499 meoe,
2809 4428 2873 4490 id
2904 4437 3016 4505 est,
3054 4436 3179 4490 tam
3211 4447 3467 4509 gravem
3498 4429 3925 4497 afflictionem

2442 4546 2569 4591 non
2620 4527 2845 4590 merui.
2882 4526 2957 4589 Et
3003 4529 3323 4609 quomodo
3372 4547 3597 4590 verum
3648 4530 3733 4592 sit
3776 4531 3921 4612 hoc,

2440 4625 2682 4689 diffuse
2714 4626 3071 4709 expositum
3110 4634 3205 4688 est
3242 4635 3433 4707 atque
3477 4636 3811 4692 tractatum
3858 4632 3923 4694 in

2438 4724 2835 4808 expositione
2880 4724 3301 4806 superiorum.
3345 4725 3457 4788 Per
3502 4746 3763 4790 manum
3812 4750 3927 4793 au·
3976 4763 4070 4807 101,
4088 4768 4201 4813 „A

2440 4833 2589 4900 tem‚
2631 4823 3062 4905 operationem
3094 4841 3207 4885 seu
3236 4826 3779 4889 conversationem
3826 4829 3925 4890 in-

2438 4922 2689 5001 telligit.
2728 4925 2940 4991 Quum
2973 4924 3266 4983 haberem
3302 4926 3580 4985 mundas
3608 4930 3923 4989 adDeum

2430 5042 2668 5099 preces,
2702 5019 2766 5082 id
2798 5028 2916 5097 est,
2951 5020 3128 5102 puris
3164 5020 3559 5084 orationibus
3592 5024 3785 5087 Deum
3820 5045 3925 5089 ex-

2438 5138 2683 5183 orarem
2724 5126 2786 5181 et
2824 5118 3121 5181 colerem.

2527 5223 2743 5289 Terra,
2762 5238 2841 5277 ne
2857 5214 3109 5295 operias
3134 5221 3519 5296 sanquinem
3542 5241 3793 5296 meum,·
3820 5244 3925 5284 ne-

2438 5338 2559 5399 que
2600 5318 2898 5378 inveniat
2940 5318 3015 5377 in
3056 5326 3111 5377 te
3144 5320 3353 5379 locum
3392 5320 3641 5381 latendi
3680 5325 3923 5383 clamor

3976 3468 4119 3554 lhey.
4134 3515 4231 3551 zu,
