4309 6259
585 4428 602 4471 1
620 4429 724 4472 Par.
739 4442 846 4472 xxiv.

879 490 998 555 258

1229 510 1575 557 ENARRATIO
1616 511 1678 557 IN
1721 512 1856 557 GAP.
1903 508 2054 555 xxxi
2095 507 2254 555 LIBRI
2298 506 2547 555 SECUNDI
2588 508 3118 553 PARALIPOMENON.
3162 525 3244 536 —
3283 507 3425 552 ΛΒΤ.
3472 506 3621 551 xm

877 700 1002 740 vooe
1027 700 1269 755 eorum,
1296 684 1718 761 pervenitque
1749 684 1956 742 oratio
1997 684 2084 741 ad
2123 683 2365 741 habita·
2396 678 2446 741 A
2474 680 2633 742 coelo
2678 688 2858 741 erant
2904 678 3267 760 placentes;
3302 686 3367 739 ct
3397 676 3548 739 item
3582 676 3825 738 ratione
3868 672 3964 737 ef·

873 782 1094 839 culum
1128 790 1424 840 sanctum
1452 782 1619 850 coeli,
1652 780 1714 841 id
1755 788 1872 855 est,
1908 778 2109 840 nubes
2151 786 2215 840 et
2243 796 2367 841 coe-

877 876 1012 938 lum
1053 878 1432 959 penetravit,
1467 887 1530 941 et
1574 897 1775 959 usque
1817 878 1896 940 ad
1927 878 2033 939 Dei
2065 876 2363 939 thronum

878 975 1168 1055 pervenit
1193 975 1259 1038 in
1281 978 1514 1039 coelum
1537 996 1928 1059 empyreum,
1955 976 2022 1037 in
2053 994 2182 1056 quo
2204 975 2365 1039 Deus

878 1073 1241 1154 specialiter
1272 1096 1434 1153 csse,
1470 1075 1777 1150 habitare,
1809 1075 2059 1157 operari
2090 1082 2151 1136 et
2181 1093 2369 1135 exau-

878 1171 1015 1234 dire
1045 1174 1370 1235 asseritur.
1397 1174 1644 1237 Etenim
1676 1174 1884 1254 angeli
1908 1171 2109 1235 sancti
2139 1172 2365 1234 oratio-

879 1288 991 1332 nes
1022 1271 1396 1335 devotorum
1435 1273 1692 1336 illorum
1729 1274 1854 1335 Deo
1888 1272 1952 1334 in
1991 1270 2155 1334 coelo
2185 1270 2367 1332 obtu-

879 1368 1111 1447 lerunt,
1147 1380 1209 1433 et
1240 1372 1364 1434 Deo
1409 1372 1728 1435 orationes
1774 1371 1900 1434 illae
1945 1371 2362 1452 placuerunt:

878 1476 1137 1549 propter
1155 1472 1326 1550 quod
1349 1472 1426 1533 ad
1448 1469 1882 1532 habitaculum
1906 1477 2196 1531 sanctum
2218 1467 2366 1530 coeli

876 1568 1242 1647 pervenisse
1269 1569 1592 1644 dicuntur,
1626 1568 1930 1648 quoniam
1962 1566 2266 1630 residenti
2298 1566 2365 1628 in

2476 777 2703 854 fectuS,
2737 777 3041 859 quoniam
3074 797 3111 839 a
3150 794 3295 856 rege
3340 774 3645 837 coelorum
3678 782 3827 836 sunt
3858 792 3963 835 ex-

2475 877 2727 939 auditae.

2563 975 2640 1036 At
2690 992 2839 1037 vcro
2881 975 2959 1036 de
3008 972 3327 1056 spirituali
3382 970 3807 1051 intelligentia
3856 988 3961 1032 eo-

2476 1093 2615 1135 rum
2642 1093 2785 1155 quae
2808 1074 2871 1134 in
2896 1073 3017 1135 isto
3048 1080 3384 1152 tanguntur
3404 1068 3697 1151 capitulo,
3715 1069 3963 1131 scilic-ct

2474 1176 2553 1237 de
2583 1173 2850 1256 mystica
2878 1170 3351 1252 significatione
3382 1168 3531 1249 agni
3553 1168 3866 1250 paschalis
3898 1175 3964 1229 et

2474 1270 2995 1335 concernentium
3047 1270 3232 1332 istam
3279 1268 3631 1342 materiam,
3686 1266 3963 1348 plurima

2475 1372 2600 1434 dici
2644 1376 2899 1452 possent
2946 1387 2958 1429 :
3006 1370 3087 1431 de
3118 1368 3354 1450 quibus
3386 1374 3776 1447 pertranseo,
3812 1382 3963 1445 quo—

2476 1469 2648 1532 niam
2694 1487 2883 1550 super
2912 1468 3196 1530 Exodum
3225 1474 3289 1529 et
3316 1464 3493 1541 alibi,
3530 1464 3677 1526 inde
3717 1462 3963 1525 diffuse
4020 1480 4167 1522 Eme.
4182 1496 4251 1523 1:13

2475 1576 2811 1631 tractatum
2842 1575 2958 1628 est.
3990 1544 4097 1587 ια’·
4118 1559 4229 1586 ⁸¹¹³·

1915 1988 2564 2076 ARTICULUS
2641 1990 2930 2073 XXXI

957 2304 964 2311 .
1050 2266 1426 2312 DECLARA'rlo
1469 2266 1744 2311 CAPITULI
1785 2264 2087 2309 ‘rmcesml
2129 2262 2300 2307 PRun
2343 2261 2356 2305 Ξ
2404 2262 2685 2316 QUUMQUE
2728 2264 2861 2308 HAEc
2904 2264 3190 2309 FUISSENT
3232 2266 3371 2309 m'rss
3412 2266 3786 2311 CELEBRATA.

1027 2545 1101 2608 IC
1133 2552 1464 2607 enarratur
1487 2542 1762 2624 qualiter
1787 2551 2042 2605 sanctus
2066 2540 2363 2603 Ezechias
2404 2540 2447 2601 B
2476 2542 2907 2604 sacerdotibus
2963 2541 3438 2606 ministrabant.
3504 2548 3581 2607 Ut
3628 2547 3966 2605 ministra-

1047 2644 1290 2706 cultum
1314 2643 1421 2705 Dei
1444 2642 1696 2724 plenius
1729 2641 2059 2704 renovavit
2081 2658 2192 2721 per
2216 2648 2366 2701 tem-

879 2743 970 2825 pli
1012 2743 1360 2805 ministroS.
1399 2746 1734 2821 Quumque
1761 2745 1917 2810 lzoec,
1948 2759 2089 2821 quae
2134 2758 2367 2820 praece-

879 2841 1054 2904 denti
1113 2840 1394 2922 capitulo
1445 2846 1593 2901 sunt
1651 2839 1867 2914 relata,
1917 2840 2195 2915 fuissent
2242 2839 2367 2897 rite

877 2940 1214 3009 celebrata,
1236 2958 1516 3015 eyressus
1547 2948 1635 2997 est
1664 2938 1872 2997 omnis
1895 2940 2100 2997 Israel
2131 2936 2248 3014 qui
2274 2936 2367 2993 in-

878 3047 1104 3097 ventus
1136 3038 1357 3114 suerat
1395 3039 1468 3097 in
1500 3038 1768 3096 urbibus
1804 3038 2002 3105 Juda,
2046 3034 2363 3115 praecipue

879 3134 1022 3211 viri,
1056 3145 1114 3195 et
1142 3136 1478 3213 freyerunt
1508 3137 1888 3203 simulacra,
1919 3152 2060 3213 quae
2105 3133 2365 3194 invene-

877 3240 1026 3294 runt
1056 3232 1119 3294 in
1167 3252 1362 3314 regno
1393 3232 1572 3309 Juda,
1607 3240 1670 3294 et
1707 3231 1771 3293 in
1817 3233 2036 3294 decem
2077 3230 2361 3293 tribuum

876 3339 1062 3407 terra,
1093 3333 1628 3410 succideruntque
1659 3335 1854 3399 lucos,
1882 3331 2175 3390 demoliti
2212 3340 2364 3390 sunt

873 3434 1139 3500 excelsa,
1159 3440 1216 3490 et
1236 3431 1480 3490 altaria
1500 3433 1984 3513 destruoeequnt,
2008 3448 2134 3488 non
2154 3432 2363 3487 solum

874 3530 953 3588 de
991 3529 1288 3588 universo
1316 3531 1493 3589 ,Iuda
1529 3538 1587 3588 et
1626 3528 2009 3605 Benjamin,
2038 3530 2147 3586 sed
2186 3536 2243 3586 et
2285 3530 2364 3587 de

875 3628 1197 3703 Ephraim
1226 3646 1474 3705 quoque
1511 3636 1569 3687 et
1605 3629 1926 3694 Manasse,
1957 3628 2154 3685 donec
2176 3627 2364 3702 peni-

2474 2651 2616 2700 rent
2647 2640 2887 2722 quique
2930 2641 2994 2702 in
3037 2642 3170 2702 suis
3200 2639 3467 2719 officiis,
3500 2653 3559 2703 et
3588 2648 3965 2721 confiteren-

2476 2748 2581 2797 tur
2610 2750 3057 2817 canerentque,
3093 2739 3213 2802 hoc
3252 2749 3367 2816 est,
3402 2740 3599 2803 Deum
3630 2740 3963 2803 laudarent

2472 2854 2544 2897 ac
2576 2836 2942 2917 psallerent,
2970 2839 3043 2897 in
3070 2840 3277 2915 portis
3295 2849 3652 2899 castrorum
3670 2841 3961 2907 Domini,

2472 2934 2538 2996 id
2566 2944 2661 2997 est
2690 2935 2757 2996 in
2786 2937 3093 2999 atriorum
3128 2938 3440 3016 ingressu.

2568 3038 2737 3095 Pars
2782 3046 2998 3095 autem
3046 3038 3215 3113 reyis
3260 3057 3483 3097 eor-um
3530 3047 3692 3107 erat,
3742 3036 3805 3100 id
3864 3045 3963 3099 est

2472 3132 2680 3213 portio
2732 3150 2943 3213 regem
2992 3133 3391 3215 contingenS,
3441 3154 3555 3197 seu
3602 3153 3763 3197 onus
3812 3154 3959 3197 eum

2471 3249 2883 3307 concernens,
2918 3242 2991 3292 ut
3020 3235 3099 3292 de
3120 3235 3395 3309 propria
3424 3234 3565 3310 ejus
3598 3235 3959 3293 substant-ia

2470 3334 2805 3407 offerretur
2833 3332 3271 3391 holocaustum
3291 3352 3480 3392 mane
3510 3352 3755 3410 semper
3784 3342 3845 3393 et
3866 3353 3959 3391 ves

2468 3448 2667 3505 spere,
2700 3428 2762 3491 id
2812 3438 2908 3491 est
2947 3430 3097 3509 juge
3141 3428 3557 3505 sacrificium,
3604 3447 3733 3510 quo
3780 3430 3955 3493 omni
3986 3448 4269 3497 emaum,

2471 3546 2656 3589 mane
2697 3526 3146 3590 immolabatur
3189 3548 3353 3590 unus
3400 3546 3623 3608 agnuS,
3658 3536 3723 3591 et
3764 3528 3955 3590 ctiam
3986 3514 4138 3553 ³⁸⁴²·

2470 3624 2760 3705 quolibet
2790 3643 3089 3706 vespere:
3124 3626 3237 3707 qui
3280 3627 3426 3707 agni
3475 3627 3752 3691 totaliter
3788 3647 3958 3691 com-

878 3734 978 3785 tus
1006 3733 1374 3784 everterent.
1399 3726 1789 3801 Reversique
1814 3732 1965 3782 sunt
1983 3743 2199 3782 omues
2229 3723 2363 3799 filii
2398 3720 2443 3785 C
2470 3722 2861 3785 burebantur
2892 3724 2958 3785 in
2987 3723 3171 3785 altari
3216 3724 3755 3802 holocaustorum,
3790 3746 3957 3788 unus

875 3827 1080 3883 Israel
1111 3826 1182 3883 in
1205 3824 1620 3901 possessiones
1648 3831 1705 3881 et
1733 3822 2023 3881 civitates
2053 3842 2227 3881 suas.

955 3922 1264 3981 Ezechias
1291 3930 1508 3981 autem
1535 3921 1867 3980 constituit
1891 3928 2137 3979 turmas
2167 3940 2364 3979 sacer-

869 4022 1112 4079 dotales
1154 4028 1212 4080 et
1254 4020 1601 4088 Leviticae,
1637 4040 1754 4097 per
1793 4019 2144 4077 divisiones
2186 4038 2361 4087 suas,

873 4137 1394 4196 unumquemque
1425 4119 1496 4177 in
1539 4118 1742 4192 officio
1767 4118 2058 4195 proprio,
2095 4126 2227 4175 tam
2263 4137 2363 4175 sa—

873 4217 1199 4274 cerdotum
1249 4215 1562 4284 videlicet,
1596 4234 1794 4292 quam
1825 4216 2205 4273 Levitarum
2238 4234 2260 4272 .·
2297 4211 2359 4273 id

875 4319 993 4387 est,
1031 4319 1156 4372 tam
1187 4311 1543 4373 sacerdotes
1574 4329 1766 4392 quam
1796 4310 2042 4373 Levitas
2073 4311 2362 4373 ordinate

877 4408 1167 4471 distinxit
1209 4417 1400 4490 atque
1438 4409 1678 4485 divisit,
1725 4408 1890 4471 sicut
1934 4409 2212 4471 instituit
2243 4410 2361 4471 Da-

875 4506 1006 4583 vid,
1040 4506 1392 4570 ordinando
1424 4506 1650 4586 viginti
1691 4515 1964 4588 quatuor
1998 4515 2236 4569 turmas
2268 4528 2363 4570 sa-

875 4606 1242 4667 cerdotum:
1280 4604 1366 4666 ita
1402 4606 1574 4686 quod
1619 4604 1965 4685 unicuique
2010 4612 2361 4667 turmarum

876 4703 1130 4765 illarum
1171 4702 1429 4785 praefuit
1473 4724 1638 4766 unus
1683 4723 2019 4785 supremus
2069 4706 2361 4768 sacerdos

875 4801 944 4863 in
976 4820 1071 4878 ea,
1094 4801 1336 4865 habens
1368 4802 1486 4864 sub
1511 4822 1578 4865 se
1601 4802 1826 4881 viginti
1857 4811 2132 4883 quatuor
2164 4822 2364 4865 sacer-

2471 3840 2583 3902 per
2614 3821 2806 3895 diem,
2842 3822 3000 3884 alter
3029 3840 3143 3903 per
3172 3832 3423 3885 noctem
3450 3846 3467 3897 3
3498 3826 3777 3885 sabbatis
3806 3845 3959 3903 quo-

2470 3942 2611 4000 que,
2658 3919 2721 3981 id
2765 3927 2861 3981 est
2898 3920 3189 4001 quolibet
3234 3920 3519 3999 sabbato,
3552 3932 3611 3983 et
3644 3926 3955 3993 calendis,

2471 4014 2534 4076 id
2565 4023 2661 4077 est
2690 4014 2965 4077 exordiis
3000 4015 3341 4093 mensium,
3374 4026 3431 4075 et
3468 4020 3961 4079 solennitatibus

2469 4115 2711 4183 ceteri-5,
2744 4113 2989 4175 scilicet
3030 4114 3451 4189 Pentecoste&
3488 4115 3951 4179 Tabernaculo-

2474 4230 2612 4272 rum
2650 4219 2713 4273 et
2750 4210 3165 4291 ExpiationiS,
3201 4210 3355 4292 quia
3400 4211 3465 4273 in
3510 4213 3609 4274 his
3652 4212 3953 4294 tempori-

2470 4310 2591 4373 bus
2622 4309 2923 4391 specialia
2953 4309 3275 4372 sacrificia
3303 4309 3763 4389 offerebantur,
3786 4314 3955 4372 sicut

2469 4410 2783 4485 scriptum
2811 4418 2900 4468 est
2938 4410 3011 4468 in
3048 4412 3179 4486 leye
3199 4412 3464 4487 Moysis,
3498 4410 3842 4491 praesertim
3884 4409 3950 4470 in
4009 4430 4273 4473 Lemnum

2470 4506 2771 4583 Levitico,
2793 4506 3028 4569 etitem
3052 4506 3117 4568 in
3141 4507 3305 4570 libro
3326 4508 3763 4570 Numerorum.
3783 4511 3955 4571 Proe-
3982 4492 4273 4537 'vnum‘

2470 4607 2633 4683 cepit
2652 4608 2847 4666 etiam
2859 4610 3101 4683 populo
3122 4608 3559 4667 habitantium
3580 4611 3952 4677 Jerusalem,

2473 4714 2544 4764 ut
2572 4708 2801 4764 darent
2826 4715 3044 4779 partes
3070 4708 3500 4765 sacerdotibus
3521 4716 3580 4767 et
3600 4708 3865 4775 Levitis,
3886 4704 3954 4767 id

2472 4810 2567 4865 est
2624 4802 2901 4864 decimas
2960 4810 3150 4881 atque
3206 4802 3545 4883 primitias,
3592 4814 3663 4863 ut
3705 4815 3953 4882 possent

873 4900 1074 4977 doteS,
1106 4900 1498 4981 totidemque
1526 4900 1798 4974 Levium,
1837 4907 1926 4961 tot
1968 4900 2161 4962 etiam
2199 4901 2362 4981 jani·
2394 4906 2442 4967 D
2479 4922 2702 4961 vacare
2731 4903 2858 4978 289²?
2878 4902 3167 4972 Domini,
3202 4900 3321 4963 hoc
3352 4910 3448 4963 est
3479 4901 3697 4965 divino
3726 4901 3948 4977 cultui,

875 5008 1064 5075 tores,
1090 5007 1159 5060 ut
1190 4997 1255 5060 in
1289 4998 1677 5061 Scholastica
1700 4998 1902 5059 fertur
1934 4998 2202 5060 historia
2228 5023 2241 5073 3
2274 5004 2361 5060 ad

875 5099 1238 5158 holocausta
1278 5107 1338 5158 et
1371 5100 1675 5175 pacifica,
1717 5096 1780 5158 id
1824 5105 1918 5158 est
1959 5097 2036 5159 ad
2081 5096 2359 5160 offeren-

873 5196 1023 5257 dum
1059 5194 1584 5271 holocautomata,
1621 5195 1990 5276 hostiasque
2025 5195 2352 5277 pacificaS,

873 5312 1034 5374 quas
1064 5294 1418 5356 sacerdotes
1451 5293 1865 5357 immolabant
1892 5318 1906 5367 ;
1941 5294 2174 5358 Levitae
2204 5314 2355 5358 vero

2473 5006 2535 5060 et
2565 4997 2904 5061 sacrificiis
2935 4998 3115 5078 legiS,
3150 5018 3221 5061 ac
3252 5017 3432 5062 orarc
3464 5018 3579 5081 pro
3611 4997 3858 5080 populo,
3890 5007 3955 5059 et

2470 5098 2695 5160 docere
2726 5117 2798 5159 ac
2830 5097 3101 5178 psallere
3127 5114 3140 5157 ε
3177 5098 3317 5159 ideo
3350 5096 3743 5159 sustentandi
3774 5104 3957 5158 erant

2467 5216 2503 5259 a
2546 5198 2805 5278 populo.
2838 5198 2961 5260 Nec
3006 5197 3124 5260 soli
3169 5196 3555 5259 habitatores
3581 5195 3949 5271 Jerusalem,

2468 5296 2575 5357 scd
2607 5296 2800 5359 ceteri
2832 5314 3087 5377 quoque
3115 5293 3313 5357 Judaei
3348 5293 3723 5359 tenebantur
3760 5294 3837 5356 ad
3870 5294 3957 5355 is-
