4309 6259
730 500 1080 547 malumno
1123 502 1182 547 IN
1229 503 1367 548 cAP.
1412 502 1478 548 11
1520 503 1677 548 unm
1721 503 1972 550 85:011an
2013 504 2543 553 PARALIPOHENON.
2587 524 2667 535 -—
2707 506 2849 551 Am.
2896 507 2961 552 xl

3270 488 3382 551 211

1424 960 2073 1047 ARTICULUS
2149 963 2275 1047 XI

683 1258 1000 1305 Exposrrlo
1045 1259 1323 1305 currum
1367 1259 1656 1306 UNnEcuu
1701 1260 1714 1304 t
1764 1259 1946 1305 VENIT
1987 1261 2194 1306 AUTEM
2235 1262 2482 1310 ROBOAH
2525 1264 2587 1308 IN
2626 1264 2995 1311 JERUSALEM.

433 1562 886 1626 NARRATUR
915 1572 1382 1645 consequenter
1425 1564 1492 1626 in
1537 1564 1660 1627 isto
1690 1583 1790 1627 ca-
1819 1563 1870 1625 A
1903 1562 2151 1643 horrea,
2202 1565 2500 1629 videntur
2548 1586 2967 1651 quaecumque
3015 1570 3389 1652 repositoria

450 1662 673 1744 pitulo,
725 1662 1005 1743 qualiter
1052 1663 1330 1726 Roboam
1381 1662 1790 1743 congregavit
1897 1662 2347 1726 alimentorum
2380 1665 2815 1748 intelligenda.
2836 1670 2967 1729 Sed
2994 1679 3052 1730 et
3082 1670 3151 1729 in
3173 1671 3390 1746 sinqu-

319 1759 640 1823 exercitum
697 1762 775 1823 ad
837 1760 1285 1824 debellandum
1352 1761 1787 1824 adversarium

319 1876 481 1919 suum
527 1858 880 1936 Jeroboam‚
935 1868 1126 1941 atque
1175 1860 1254 1921 ad
1313 1860 1785 1941 subjiciendum

317 1956 423 2018 sibi
452 1958 664 2020 decem
709 1957 914 2020 tribus
949 1976 1094 2039 quae
1131 1958 1213 2021 ab
1247 1959 1384 2041 ejus
1424 1958 1788 2022 obedientia

1899 1763 1980 1820 lis
2010 1765 2276 1823 urbibus
2303 1765 2459 1841 fecit
2490 1768 3024 1838 armamentaria,
3058 1766 3122 1829 id
3153 1776 3249 1831 est
3278 1767 3388 1829 do-

1899 1878 2039 1921 mus
2071 1861 2148 1922 ad
2181 1864 2615 1943 reponendum
2636 1882 2813 1925 arma
2835 1864 2901 1925 in
2925 1865 3041 1942 eiS,
3060 1876 3383 1928 scutorum

1895 1968 1954 2017 et
1981 1961 2317 2021 hastarum
2340 1985 2367 2033 ,·
2391 1964 2809 2043 firmavitque
2828 1984 2934 2024 eas
2952 1984 3205 2025 summa
3231 1966 3387 2024 dili-

317 2065 711 2118 recesserunt.
765 2058 950 2118 Venit
994 2068 1206 2118 aut-em
1253 2060 1534 2119 Roboam
1577 2059 1650 2118 in
1695 2060 1789 2119 Je-
1888 2059 2135 2133 yentia.
2161 2060 2247 2119 Et
2278 2061 2623 2137 imperavit
2652 2081 2846 2138 super
2871 2065 3114 2123 luda-m
3143 2072 3202 2123 et
3224 2066 3385 2123 Ben-

317 2158 602 2223 rusalem,
629 2165 688 2215 et
717 2158 1090 2216 convocavit
1120 2157 1495 2216 universam
1521 2159 1786 2216 domum
1878 2155 2128 2230 jamin.
2176 2155 2345 2219 Infra
2386 2156 2679 2234 habetur,
2712 2159 2883 2239 quod
2928 2159 3203 2222 Roboam
3250 2168 3385 2223 erat
3425 2170 3671 2223 nemun.

315 2253 466 2313 luda
497 2263 558 2312 et
587 2254 968 2331 Benjamin,
1001 2264 1254 2315 centum
1287 2256 1606 2331 octoyinta
1641 2258 1787 2314 mil-

319 2352 397 2409 lia
423 2355 762 2413 electorum
803 2362 994 2431 atque
1033 2354 1439 2423 bellantium,
1474 2363 1546 2413 ut
1594 2354 1788 2413 dimi-

317 2460 468 2511 caret
509 2460 734 2511 contra
779 2454 1008 2522 Israel,
1058 2461 1117 2512 et
1161 2462 1548 2513 converteret
1591 2455 1678 2512 ad
1721 2472 1786 2512 se

317 2568 568 2625 reqnum
610 2570 826 2611 suum.
873 2552 1238 2629 Factusque
1283 2560 1372 2611 est
1418 2570 1622 2610 sermo
1662 2552 1786 2611 Do-

319 2648 468 2706 mini
493 2650 582 2707 ad
607 2650 932 2709 Semeiam
975 2650 1298 2709 hominem
1328 2650 1475 2718 Dei,
1512 2649 1729 2709 dicens
1761 2668 1783 2707 .·

1897 2252 2071 2313 rudis
2103 2261 2167 2315 et
2209 2255 2397 2317 corde
2441 2256 2714 2337 pavido;
2748 2274 2918 2319 nunc
2964 2265 3177 2319 autem
3214 2276 3384 2320 com·
3412 2237 3451 2276 ⁷·

1896 2351 2231 2413 mendatur
2276 2353 2354 2415 de
2399 2353 2801 2435 providentia
2840 2361 2903 2417 et
2942 2354 3317 2417 fortitudine
3362 2373 3377 2419 z

1895 2448 2005 2509 sed
2037 2448 2159 2511 ista
2186 2449 2355 2513 bona
2384 2470 2459 2513 ex
2486 2452 2897 2532 instigatione
2944 2452 3267 2516 seniorum
3310 2472 3382 2516 ac

1895 2547 2257 2629 sapientum
2302 2568 2560 2613 suorum
2610 2550 2840 2614 fecisse
2878 2552 3230 2615 credendus
3268 2560 3377 2615 est.

1895 2644 2193 2709 Salomon
2217 2666 2474 2729 quoque
2504 2656 2681 2730 pater
2701 2652 2841 2731 ejus
2873 2649 3116 2713 dimisit
3146 2651 3204 2713 ei
3233 2669 3385 2732 qua-

317 2746 576 2821 Loquere
601 2748 689 2805 ad
717 2747 1000 2806 Roboam
1042 2747 1262 2823 filium
1287 2747 1654 2807 Salomonis
1695 2765 1784 2805 re·
1820 2748 1867 2809 B
1895 2745 1946 2806 si
1980 2744 2269 2807 infinitas
2300 2747 2556 2809 divitias
2586 2755 2649 2811 et
2672 2748 3003 2830 copiosam.
3028 2748 3336 2812 familiam
3362 2766 3377 2810 z

309 2862 436 2917 yem
460 2846 654 2915 Iuda,
689 2853 750 2903 et
780 2847 870 2904 ad
899 2846 1278 2905 universum
1309 2847 1538 2914 Israel,
1561 2846 1678 2922 qui
1695 2852 1784 2904 est

316 2940 378 2999 in
412 2944 578 3001 Juda
623 2951 684 3002 et
729 2943 1086 3020 Benjamin
1116 2962 1138 3001 .·
1171 2944 1325 3003 Hcec
1367 2944 1531 3003 dicit
1575 2944 1787 3005 Domi-

315 3056 422 3097 nus
467 3058 490 3097 .·
529 3040 674 3101 Non
725 3042 1108 3109 ascendetis,
1157 3060 1362 3119 neque
1401 3040 1783 3117 puynabitis

316 3146 514 3197 contra
555 3139 798 3215 fratres
847 3148 1100 3199 vestros.
1152 3142 1542 3201 Revertatur
1591 3159 1784 3199 unus-

317 3237 558 3315 quisque
605 3239 678 3297 in
727 3240 996 3298 domum
1037 3258 1252 3307 suam,
1297 3240 1459 3318 quia
1500 3258 1640 3298 mea
1669 3240 1784 3298 hoc

313 3344 534 3407 yestum
560 3346 649 3395 est
679 3340 1030 3397 voluntate.
1065 3338 1193 3405 Qui
1220 3356 1423 3415 quum
1451 3338 1783 3397 audissent

318 3450 640 3495 sermonem
683 3436 976 3506 Domini,
1012 3437 1252 3494 reversi
1286 3445 1460 3505 sunt,
1491 3456 1606 3495 nec
1637 3455 1786 3513 per-

320 3543 600 3593 rexerunt
627 3541 856 3593 contra
883 3535 1237 3593 Jeroboam.
1269 3532 1398 3595 Hoc
1430 3540 1630 3595 totum
1666 3541 1782 3596 ter-

119 3631 298 3692 ιιικεμιι,
323 3626 396 3689 tio
425 3629 578 3692 libro
608 3631 851 3709 Regum
881 3630 1240 3711 expositum
1273 3640 1389 3694 est.

117 3696 146 3735 2¹
153 3701 214 3740 dt.

391 3730 713 3790 Habitavit
741 3738 958 3789 autem
987 3731 1270 3791 Roboam
1298 3732 1370 3789 in
1397 3733 1778 3803 Jerusalem,

323 3831 595 3906 tanquam
626 3827 694 3888 in
741 3826 1079 3909 metropoli
1123 3828 1221 3889 sui
1255 3828 1457 3907 regni,
1489 3840 1549 3889 et
1581 3832 1786 3907 aedifi-

1895 2843 2034 2906 ideo
2066 2852 2155 2907 tot
2199 2844 2388 2907 urbes
2434 2845 2603 2907 infra
2646 2846 2839 2909 breve
2882 2855 3133 2929 tempus
3175 2847 3383 2929 potuit

1892 2941 2216 3005 aedificare
2244 2951 2355 3006 aut
2384 2962 2698 3026 reparare.

1975 3044 2343 3102 Sacerdotes
2373 3052 2589 3103 autem
2606 3052 2667 3103 et
2685 3045 2927 3105 Levitoe
2946 3046 3065 3123 qui
3090 3054 3277 3105 erant
3306 3046 3379 3104 in

1892 3141 2192 3199 universo
2232 3144 2459 3212 Israel,
2504 3139 2568 3202 id
2619 3149 2717 3203 est
2760 3141 2827 3203 in
2872 3150 3040 3205 terra
3080 3150 3143 3205 et
3185 3160 3380 3223 regno

1891 3237 2111 3299 decem
2161 3238 2441 3300 tribuum
2490 3256 2503 3299 :
2551 3257 2693 3320 quae
2736 3239 2860 3302 sibi
2908 3258 3141 3303 nomen
3189 3240 3378 3303 Israel

1893 3336 2312 3414 retinuerunt,
2350 3355 2425 3400 eo
2469 3338 2639 3419 quod
2678 3338 2879 3401 multo
2921 3339 3138 3421 plures
3168 3346 3381 3402 essent

1891 3452 2082 3515 quam
2113 3435 2376 3517 reliquae
2408 3436 2609 3499 tribus
2634 3461 2647 3513 ;
2681 3448 2995 3499 venerunt
3023 3442 3112 3498 ad
3134 3458 3283 3499 eum
3301 3441 3382 3499 de

1889 3536 2136 3594 cunctis
2164 3536 2441 3604 sedibus,
2472 3534 2538 3597 id
2578 3541 2675 3597 est
2714 3535 3155 3599 mansionibus
3184 3544 3247 3599 et
3278 3555 3381 3598 ur—

1891 3631 2080 3694 bibus
2107 3635 2266 3704 suis,
2300 3635 2731 3712 relinquentes
2759 3637 3133 3696 suburbana
3161 3645 3221 3695 et
3240 3654 3381 3711 pos·

1890 3733 2189 3791 sessiones
2215 3752 2387 3803 suas,
2409 3741 2467 3792 et
2501 3741 2901 3793 transeuntes
2932 3736 3019 3794 ad
3046 3736 3291 3794 Judam
3319 3743 3379 3793 et

1890 3831 2243 3890 Jerusalem
2262 3847 2285 3889 .·
2304 3850 2371 3889 eo
2391 3833 2563 3909 quod
2582 3832 2905 3908 abjecisset
2931 3850 3031 3891 eos
3048 3834 3381 3891 Jeroboam

324 3925 472 3984 cavit
496 3927 786 3987 civitates
816 3935 1106 3987 muratas
1138 3928 1210 3987 in
1237 3930 1438 3998 Juda,
1473 3927 1537 3988 id
1577 3936 1674 3989 est
1716 3927 1782 3989 in
1819 3926 1864 3990 C
1890 3936 1949 3986 et
1970 3929 2213 4004 posteri
2242 3929 2407 4005 ejus,
2436 3948 2517 3987 ne
2540 3929 2891 3988 sacerdotio
2922 3930 3192 3990 Domini
3223 3932 3379 4007 fun-

325 4030 472 4083 sorte
509 4030 572 4085 et
611 4022 904 4087 funiculo
948 4023 1155 4086 tribus
1191 4024 1370 4103 luda,
1403 4044 1514 4088 seu
1555 4026 1621 4087 in
1664 4035 1787 4088 ter-

329 4136 385 4178 ra
418 4120 505 4181 sui
545 4121 822 4203 imperii,
857 4122 925 4184 in
964 4141 1093 4204 quo
1135 4131 1198 4185 et
1241 4131 1410 4186 terra
1448 4124 1780 4205 Benjamin

326 4218 762 4283 continebatur.
805 4224 1282 4303 Eoestruoeitque
1319 4225 1688 4285 Bethlehem
1725 4235 1784 4285 et

327 4316 496 4379 Elam
513 4328 570 4379 et
597 4322 864 4389 Thecue,
883 4320 1162 4381 Bethsur
1185 4342 1456 4401 quoque,
1479 4331 1538 4382 et
1559 4325 1783 4393 Soch0,

326 4421 378 4471 et
404 4418 700 4487 Odollam,
734 4438 982 4477 necnon
1016 4428 1076 4479 et
1115 4420 1295 4489 Geth,
1323 4428 1384 4479 et
1412 4422 1692 4492 Maresa,
1725 4432 1785 4482 et

331 4513 495 4589 Ziph,
523 4518 630 4576 sed
653 4526 716 4577 et
745 4518 1070 4587 Aduram,
1089 4525 1148 4576 et
1177 4518 1433 4589 Lachis,
1456 4526 1518 4578 et
1546 4521 1781 4591 Azeca,

331 4610 518 4673 Saraa
551 4634 822 4695 quoque,
851 4625 912 4675 et
939 4616 1210 4685 Aialon,
1237 4624 1297 4675 et
1326 4617 1606 4688 Hebron,
1641 4638 1785 4699 quoe

331 4720 492 4771 erant
517 4712 586 4772 in
611 4715 791 4773 Juda
824 4722 884 4773 et
912 4713 1292 4791 Benjamin,
1322 4714 1614 4775 civitates
1643 4736 1788 4777 mu-

333 4805 674 4871 nitissimas.
724 4812 1060 4891 Quumque
1107 4813 1442 4872 clausisset
1491 4832 1596 4873 eas
1647 4834 1789 4875 mu-

337 4902 434 4972 ris,
451 4910 658 4983 posuit
695 4910 770 4969 in
815 4910 910 4969 eis
938 4910 1272 4989 principes
1311 4911 1392 4972 ad
1435 4908 1786 4975 defenden-

337 4997 482 5077 dum,
522 5007 935 5087 ciborumque
981 5010 1236 5078 horrea,
1269 5011 1385 5069 hoc
1426 5018 1518 5069 est
1558 5012 1684 5070 olei
1727 5021 1786 5071 et

1884 4036 2213 4103 yerentur.
2243 4025 2499 4088 Fecerat
2528 4026 2700 4088 enim
2731 4025 2854 4088 sibi
2887 4026 3119 4089 vitulos
3152 4045 3377 4090 aureos

1891 4124 1972 4185 ad
2002 4123 2363 4201 colendum,
2398 4132 2459 4186 et
2488 4123 2679 4187 ritum
2712 4123 3177 4187 sacrificiorum
3217 4124 3379 4205 legis

1893 4222 2149 4304 abjecit.
2188 4225 2315 4291 Qui
2350 4226 2683 4285 constituit
2719 4225 2845 4283 sibi
2886 4227 3235 4285 sacerdotes
3276 4245 3379 4284 ea·-

1892 4326 2230 4392 eelsorum,
2272 4321 2336 4384 id
2385 4330 2482 4384 est
2527 4321 2812 4385 locorum
2862 4322 3262 4401 sublimium,
3311 4323 3381 4386 in

1892 4420 2134 4503 quibus·
2160 4419 2330 4483 idola
2356 4420 2574 4497 coluit,
2600 4440 2711 4483 seu
2744 4420 3063 4499 fanorum,
3089 4422 3380 4486 lucorum

1893 4526 2003 4579 aut
2026 4517 2349 4582 idolorum·
2368 4517 2433 4579 in
2466 4518 2790 4581 montibus
2821 4526 2886 4582 et
2913 4519 3185 4583 collibus
3220 4521 3383 4603 posi·

1895 4623 2103 4679 torum
2147 4632 2161 4677 ε
2207 4616 2273 4677 in
2322 4616 2558 4698 quibus
2608 4616 2797 4680 idolis
2845 4636 2975 4680 non
3025 4619 3215 4696 Deus»,
3272 4620 3382 4681 sed

1896 4715 2213 4778 daemones
2271 4714 2645 4779 colebantur
2680 4740 2695 4791 3
2752 4715 2895 4779 ideo
2953 4715 3271 4794 subditur,
3324 4728 3384 4779 et

1894 4816 2388 4885 daemoniorum,
2420 4818 2903 4895 vitulorumque
2937 4836 3091 4896 quos
3118 4818 3377 4895 fecerat.

1896 4913 1985 4974 Ex
2013 4912 2249 4994 quibus
2281 4921 2547 4990 constat,
2566 4914 2737 4995 quod
2768 4912 2895 4975 filii
2925 4914 3114 4978 Israel
3144 4914 3383 4979 vitulos

1895 5030 2119 5076 aureos
2149 5011 2484 5075 adorantes
2515 5021 2844 5094 nequeunt
2873 5013 3173 5088 excusari,
3198 5012 3384 5093 quasi

341 5098 475 5162 vini.
503 5102 731 5167 Vinum
771 5106 941 5169 inter
973 5106 1222 5188 pocula,
1261 5116 1325 5169 et
1367 5107 1580 5171 oleum
1621 5108 1788 5172 inter
1818 5108 1869 5171 D
1898 5110 1964 5172 in
2013 5110 2140 5171 illis
2190 5129 2411 5174 verum
2459 5111 2657 5173 Deum
2704 5110 3041 5189 coluerint,
3091 5111 3385 5193 quamvis

339 5193 679 5265 cibariorum
709 5205 1120 5269 condimenta
1155 5208 1583 5270 communiter
1621 5227 1788 5271 com-

342 5302 605 5372 putantur
638 5320 653 5364 :
697 5300 942 5366 idcirco
983 5303 1104 5367 hoc
1147 5303 1287 5367 loco
1335 5324 1448 5387 per
1486 5305 1776 5369 ciborum

1895 5208 2205 5290 Iosephus
2236 5207 2526 5271 videatur
2556 5227 2663 5271 eos
2696 5209 2858 5271 velle
2888 5209 3099 5271 taliter
3130 5228 3388 5271 excusa-

1898 5327 1987 5369 re.
2020 5304 2193 5369 Fecit
2218 5322 2475 5388 quoque
2502 5306 2831 5370 Jeroboam
2863 5307 2986 5369 sibi
3021 5307 3385 5372 sacerdotes
