4309 6259
592 998 608 1039 1
629 998 732 1041 Cor.
751 1010 820 1047 xv,

555 1064 624 1103 51.

580 1393 702 1437 Ibid.
723 1398 790 1437 52.

550 3073 816 3179 .21oann.v‚28,

579 3140 620 3179 5.

601 3270 615 3313 l
631 3271 730 3314 Cor.
749 3286 817 3324 xv.

555 3337 624 3377 52.

564 5050 648 5093 Job
663 5064 741 5101 xm,
755 5052 818 5092 27.

851 498 972 561 508

1647 517 1991 565 manuario
2035 519 2098 564 m
2138 518 2277 564 GAP.
2321 516 2427 563 xlv
2464 517 2591 564 1013.
2635 536 2716 547 —-
2755 517 2899 564 ΛΒΤ.
2944 516 3140 563 xxxm

849 695 945 749 est
986 687 1384 751 resuscitatio
1422 688 1498 750 ad
1533 688 1732 750 vitam
1777 689 2170 770 corporalem
2210 706 2341 750 me·
2372 688 2419 749 A
2449 686 2676 767 gaudia
2708 686 3015 769 pertingit
3040 694 3294 749 aeterna.
3326 686 3502 748 Unde
3531 692 3723 767 patet,
3758 686 3939 767 quod

853 784 1098 861 liorem,
1123 805 1315 866 quam
1347 786 1432 848 sit
1460 787 1590 849 vita
1621 786 1755 849 haec
1783 805 2085 870 praesens,
2108 787 2340 847 Immu-

851 884 1006 946 tatio
1043 885 1307 968 quippe,
1340 886 1752 948 mutationem
1786 885 1941 949 dicit
1973 886 2040 948 in
2081 885 2333 947 melius.

850 982 1008 1046 Hinc
1037 985 1114 1045 ad
1147 983 1508 1048 Corinthios
1537 985 1759 1048 scribit
1787 984 2126 1067 Apostolus
2152 1002 2167 1045 ε
2192 982 2337 1047 Om-

851 1100 964 1145 nes
1013 1083 1272 1163 quidem
1320 1101 1744 1163 resurgemuS,
1795 1085 1902 1147 sed
1948 1102 2075 1147 non
2116 1102 2337 1145 omnes

853 1180 1336 1244 immutabimur
1387 1200 1401 1244 τ
1449 1184 1602 1266 quia
1648 1183 1947 1246 videlicet
1989 1182 2175 1246 electi
2221 1182 2339 1245 im-

849 1279 1288 1357 mutabuntur,
1325 1299 1452 1344 non
1485 1281 1762 1363 reprobi,
1797 1280 2048 1344 dicente
2076 1282 2339 1361 Aposto-

848 1379 932 1449 10,
967 1379 1192 1441 Mortui
1224 1389 1553 1459 resurgent
1583 1380 1957 1463 incorrupti,
1981 1388 2043 1443 et
2074 1398 2189 1442 nos
2222 1380 2339 1441 im-

847 1475 1260 1539 mutabimur.
1299 1472 1604 1559 Denique,
1645 1479 1812 1559 quod
1859 1479 1967 1555 ait,
2000 1478 2329 1561 Exspecto,

846 1584 993 1650 etc.,
1030 1594 1156 1638 non
1187 1584 1280 1639 est
1319 1576 1829 1656 intelligendum,
1866 1579 2033 1658 quod
2067 1585 2195 1639 tam
2224 1576 2334 1639 diu

849 1674 1268 1737 insinuaverit
1325 1694 1392 1738 se
1441 1676 1758 1738 victurum
1808 1675 1874 1737 in
1933 1692 2221 1757 corpore,
2272 1684 2335 1737 et

846 1780 1356 1854 exspectaturum
1389 1773 1455 1835 in
1486 1792 1583 1851 ec,
1607 1792 1941 1855 quousque
1973 1774 2333 1837 immutatio

2448 784 2564 849 Job
2594 805 2720 848 non
2743 785 3019 848 intendit
3047 805 3116 848 se
3136 786 3309 848 omni
3338 806 3375 846 a
3404 785 3593 866 culpa
3619 804 3939 859 excusare,

2452 885 2561 946 sed
2604 904 2640 945 a
2684 884 2919 947 talibus
2960 884 3155 960 vitiis,
3202 884 3417 964 qualia
3456 882 3579 945 sibi
3622 882 3947 965 imposue-

2452 990 2604 1043 runt
2647 981 2745 1043 sui
2790 981 3002 1057 amici,
3044 989 3194 1063 puta
3234 980 3624 1055 enormibus,
3654 999 3783 1043 non
3830 1000 3950 1043 au·-

2452 1089 2577 1143 tem
2599 1100 2636 1142 a
2655 1080 3039 1143 venialibuS.
3057 1081 3389 1162 Propterea
3420 1080 3595 1143 addit
3616 1083 3951 1157 :Siynasti

2450 1181 2641 1258 quasi
2671 1182 2741 1239 in
2770 1184 3021 1240 sacculo
3039 1181 3276 1239 delicta
3308 1179 3551 1249 mea,id
3572 1187 3690 1253 est,
3712 1178 3777 1239 in
3806 1178 3949 1240 abs-

2450 1277 2707 1340 condito
2736 1277 3067 1359 sapientiae
3104 1285 3167 1339 et
3194 1276 3479 1340 scientiae
3519 1285 3640 1340 tuae
3670 1276 3945 1357 diligen-

2451 1384 2544 1437 ter
2592 1373 2849 1450 notasti,
2890 1374 3054 1437 sicut
3097 1394 3239 1455 quae
3280 1383 3603 1451 curantur,
3646 1375 3712 1437 in
3750 1394 3939 1438 sacco

2447 1475 2831 1538 clauduntur
2870 1493 2949 1537 ne
2990 1475 3383 1537 amittantur.
3413 1475 3571 1538 Hinc
3610 1475 3675 1537 in
3720 1476 3939 1538 Deute-

2446 1573 2735 1637 ronomio
2767 1573 3069 1635 Dominus
3097 1574 3187 1635 ait
3218 1592 3233 1635 :
3269 1574 3488 1637 Nonne
3516 1574 3647 1637 haec
3676 1574 3935 1637 condita
3966 1597 4095 1639 om
4122 1611 4263 1647 nm.

2447 1682 2594 1736 sunt
2624 1674 2793 1754 apud
2816 1691 2939 1748 me,
2964 1681 3028 1734 et
3049 1672 3295 1752 signata
3315 1672 3379 1735 in
3404 1673 3713 1735 thesauris
3734 1674 3930 1735 meis?
3966 1662 4043 1702 ³⁴·

2445 1772 2575 1831 Sed
2612 1773 2861 1832 curasti
2902 1773 3319 1851 iniquitatem
3358 1792 3587 1843 meam,
3622 1771 3685 1834 id
3732 1778 3849 1846 est,
3892 1790 3933 1831 a

846 1871 954 1933 illa
995 1872 1282 1952 veniret3
1327 1874 1438 1935 sed
1482 1874 1631 1954 quia
1677 1874 2063 1957 exspectatio
2106 1894 2221 1935 sua
2265 1873 2331 1935 in
2366 1877 2409 1937 B
2446 1868 2817 1932 vulneribus
2868 1870 3095 1933 animae
3140 1888 3295 1933 meae
3343 1869 3575 1951 quibus
3623 1869 3765 1933 laesa
3804 1869 3933 1932 fuit

845 1988 1110 2053 corpore
1154 1970 1260 2033 hic
1299 1970 1562 2055 incepit,
1595 1980 1658 2034 et
1699 1991 1903 2053 usque
1941 1973 2020 2035 ad
2061 1980 2330 2035 mortem

847 2069 1121 2133 duravit.
1165 2071 1383 2133 Postea
1428 2089 1580 2133 vero
1627 2071 1863 2133 mansit
1905 2078 1966 2133 et
2007 2078 2223 2133 manet
2265 2071 2329 2132 in

843 2170 1078 2245 anima,
1121 2170 1322 2232 donec
1359 2169 1676 2232 adveniat..
1702 2170 2175 2245 Verumtamen,
2219 2188 2333 2250 per

845 2268 1354 2331 immutationem
1389 2266 1552 2331 forte
1583 2267 1854 2347 intelligi
1885 2276 2099 2350 posset
2136 2276 2334 2329 trans-

845 2366 997 2429 latio
1029 2366 1229 2428 sancti
1258 2365 1375 2428 Job
1406 2385 1516 2429 seu
1552 2366 1780 2428 animm
1815 2366 1955 2447 ejus
1993 2366 2071 2429 de
2101 2366 2333 2429 saeculo

845 2464 967 2528 isto
997 2466 1073 2527 ad
1105 2464 1376 2527 limbum
1407 2472 1680 2547 patrum,
1715 2465 1782 2526 in
1813 2484 1940 2546 quo
1968 2464 2198 2528 melius
2227 2464 2351 2527 ha-'

844 2564 984 2628 buit
1012 2583 1202 2645 quam
1234 2565 1386 2626 dum
1417 2563 1611 2626 verba
1639 2563 1773 2626 haec
1803 2564 2090 2645 protulit.

945 2665 1194 2725 Vocabis
1227 2684 1343 2734 me,
1363 2662 1428 2724 id
1457 2670 1570 2737 est,
1591 2662 1952 2725 resuscitari
1975 2662 2231 2743 jubebis
2262 2682 2336 2725 ac

845 2779 1176 2841 resurgere
1207 2761 1424 2837 facieS‚
1443 2780 1675 2842 corpus
1706 2780 1782 2824 ex
1810 2762 2133 2825 cineribus
2167 2782 2339 2845 repa-

845 2860 1043 2923 rando
1075 2859 1386 2921 famulatu
1409 2859 1717 2941 angelice,
1739 2869 1801 2923 et
1821 2860 2095 2923 animam
2130 2881 2337 2924 meam

846 2957 1098 3040 corpori
1158 2958 1526 3021 reuniendo.
1582 2958 1739 3021 Hinc
1786 2958 1876 3020 ait
1919 2960 2119 3040 (quod
2166 2978 2339 3023 nunc

2444 1968 2741 2049 peccatiS,
2790 1988 2893 2031 me
2939 1987 3053 2050 per
3098 1968 3365 2049 gratiam
3415 1968 3519 2051 pie
3566 1970 3823 2043 sanasti,
3866 1978 3931 2031 et

2442 2086 2555 2149 per
2584 2068 3025 2149 poenitentiam
3056 2067 3437 2131 reformasti.
3464 2068 3565 2131 Sic
3592 2076 3725 2131 orat
3754 2077 3819 2130 et
3834 2068 3935 2130 Je-

2444 2165 2673 2227 remias
2720 2184 2734 2228 ε

2444 2263 2689 2327 salvum
2730 2282 2832 2326 me
2871 2263 2995 2341 fac,
3027 2273 3087 2327 et
3128 2265 3339 2326 salvus
3388 2282 3517 2327 ero.
3560 2264 3634 2325 Et
3671 2264 3933 2327 Psalmi-

2444 2368 2539 2423 sta
2561 2379 2575 2423 :
2596 2361 2758 2425 Sana
2785 2381 2907 2439 me,
2924 2362 3207 2440 Domine,
3227 2362 3529 2444 quoniam
3560 2363 3933 2427 conturbata

2446 2468 2595 2522 sunt
2623 2479 2767 2523 ossa
2796 2480 2958 2523 mea.
2980 2460 3278 2535 Quamvis
3307 2479 3459 2541 ergo
3486 2462 3649 2525 Deus
3678 2471 3935 2544 peccata

2448 2567 2665 2621 nostra
2711 2559 3053 2639 diligenter
3104 2560 3421 2639 observet,
3472 2560 3674 2624 nihilo
3718 2561 3933 2623 minus

2446 2658 2523 2719 ad
2557 2657 3036 2737 ignoscendum,
3074 2658 3341 2721 durante
3372 2659 3490 2722 hac
3520 2660 3647 2736 via,
3668 2668 3761 2721 est
3790 2678 3937 2741 pro-

2400 2743 2409 2751 ’
2449 2775 2591 2818 nuS.
2625 2756 2741 2818 Per
2778 2756 3035 2836 flagella
3073 2776 3330 2840 quoque
3378 2766 3442 2821 et
3488 2775 3707 2840 poenas
3752 2766 3935 2820 curat

2450 2852 2725 2917 coelestis
2757 2854 3042 2917 medicus
3074 2853 3316 2936 culpas,

2532 2950 2770 3014 Deinde
2788 2952 2934 3015 vitae
2965 2953 3259 3016 humanae
3286 2954 3727 3035 quotidianum
3756 2974 3938 3018 mon-

847 3055 1367 3135 commemoravi)
1387 3055 1672 3119 Salvator
1698 3076 1710 3119 :
1736 3056 1852 3131 Qui
1883 3057 1948 3120 in
1971 3076 2341 3121 monumen·
2372 3064 2416 3127 C
2452 3060 2609 3114 strat
2636 3050 2957 3115 defectum
2988 3072 3102 3135 per
3132 3055 3421 3136 quaedam
3462 3054 3715 3117 similia.
3748 3059 3937 3117 Mons

845 3155 928 3217 tis
958 3163 1129 3231 sunt,
1163 3154 1421 3216 audient
1449 3174 1669 3219 vocem
1709 3157 1846 3237 ejus
1873 3181 1887 3231 ;
1920 3164 1981 3219 ct
2019 3156 2131 3237 qui
2162 3157 2341 3218 audi-

848 3254 1034 3329 erint,
1063 3253 1304 3317 vivent.
1335 3254 1562 3317 Paulus
1591 3274 1849 3336 quoque
1887 3273 1900 3317 ε
1934 3256 2127 3319 Canet
2165 3256 2338 3319 enim

846 3352 1022 3428 tuba,
1054 3360 1118 3415 et
1161 3353 1393 3414 mortui
1439 3361 1789 3433 resurgent.
1822 3358 1908 3415 Ec
1948 3375 2056 3431 eqo
2085 3375 2341 3432 respon-

846 3454 1000 3511 debo
1033 3454 1175 3521 cibi,
1207 3451 1271 3513 id
1310 3460 1425 3528 est,
1461 3451 1732 3533 imperio
1773 3461 1881 3515 tuo
1909 3453 2225 3529 obediam,
2260 3455 2337 3516 ad

849 3558 1028 3611 tuum
1051 3548 1354 3631 placitum
1378 3552 1788 3631 resurgendo.
1805 3554 2000 3629 Operi
2021 3572 2337 3612 manau-m

849 3658 1140 3717 tuarum,
1181 3647 1242 3709 id
1293 3657 1388 3710 est
1439 3648 1593 3710 mihi
1639 3657 1761 3712 tuae
1804 3658 2130 3725 creaturae,
2174 3656 2338 3711 cete-

847 3746 934 3807 ris
980 3764 1236 3828 quoque
1279 3746 1646 3809 hominibus
1685 3747 1985 3830 operibus
2029 3766 2334 3810 manuum

849 3853 1122 3921 tuarum,
1171 3845 1236 3906 id
1285 3854 1379 3907 est
1431 3854 1553 3908 tuae
1604 3846 1886 3909 scientiae
1933 3846 2227 3928 practicae
2275 3854 2338 3909 et

845 3942 1190 4025 operativae
1218 3943 1540 4024 poten'tiae,
1568 3947 1859 4022 porriges
1886 3949 2249 4014 dexteram,
2272 3944 2335 4007 id

847 4050 942 4105 est
972 4041 1278 4104 auxilium
1309 4050 1373 4104 et
1402 4041 1702 4105 virtutem
1745 4043 2115 4123 resurgendi
2143 4060 2159 4105 ε
2185 4042 2339 4124 quia

847 4160 974 4204 non
1007 4140 1305 4218 naturali,
1327 4142 1435 4203 sed
1458 4140 1674 4203 divina
1696 4142 1929 4205 virtute
1960 4142 2337 4205 resurrectio

847 4238 983 4302 fiet.

935 4342 1028 4399 Tu
1061 4340 1322 4416 quidem
1353 4358 1630 4415 yressuS,
1664 4338 1726 4402 id
1755 4346 1850 4402 est
1881 4358 2100 4401 omnes
2132 4347 2333 4415 actuS,

848 4457 1014 4498 meos
1051 4435 1386 4499 interiores
1427 4444 1490 4499 et
1529 4437 1890 4513 exterioreS,
1925 4438 2163 4519 quibus
2201 4458 2341 4520 gra-

846 4535 987 4597 dior
1014 4534 1112 4598 vel
1144 4534 1223 4597 ad
1254 4534 1598 4611 miseriam,
1625 4536 1724 4599 vel
1748 4536 1824 4598 ad
1856 4534 2335 4613 beatitudinem,

849 4636 1303 4704 dinumerasti,
1324 4633 1386 4696 id
1410 4643 1520 4708 est,
1543 4634 1884 4715 diligenter
1901 4636 2251 4714 attendisti,
2272 4645 2341 4698 ut

848 4750 963 4815 pro
990 4732 1280 4814 quolibet
1310 4741 1454 4795 actu
1478 4732 1733 4813 dignam
1763 4736 2072 4816 rependas
2103 4755 2341 4799 merce-

846 4833 1013 4894 dem.
1057 4830 1542 4894 Dinumeramus
1589 4840 1822 4909 autem,
1873 4852 2144 4914 quorum
2198 4834 2341 4897 dili-

848 4930 1128 5012 gentiam
1179 4931 1520 5011 quamdam
1571 4929 1899 4993 habemus,
1943 4930 2099 4995 Hinc
2147 4933 2340 5014 paulo

846 5036 994 5091 ante
1033 5027 1336 5090 disseruit
1371 5044 1384 5088 :
1420 5026 1779 5090 observasti
1823 5046 2042 5091 omnes
2081 5032 2340 5093 semitas

848 5146 1042 5202 meaS‚
1076 5133 1138 5188 et
1165 5124 1436 5205 vestigia
1466 5125 1700 5206 pedum
1739 5146 2023 5189 meorum
2054 5130 2342 5192 conside-

848 5223 1024 5285 rasti.
1067 5226 1198 5285 Sed
1235 5244 1432 5301 parce
1461 5226 1739 5301 peccatis
1777 5228 1954 5298 meis,
1997 5225 2137 5289 sine
2186 5244 2343 5307 quo-

851 5340 991 5385 rum
1050 5320 1158 5405 pia
1214 5322 1612 5403 indulgentia
1667 5343 1854 5387 nemo
1911 5334 2199 5389 nostrum
2259 5326 2338 5388 ad

2370 4244 2420 4306 D

2450 3155 2683 3211 cadens
2723 3154 2983 3229 defluit,
3024 3152 3088 3215 id
3136 3162 3252 3229 est,
3299 3154 3583 3217 cadendo
3630 3155 3933 3237 paulatim

2449 3248 2694 3313 deficit.
2742 3249 2939 3313 Omne
2984 3250 3155 3314 enim
3202 3252 3589 3331 generabile,
3632 3255 3938 3336 corrupti-

2448 3348 2579 3411 bile
2608 3357 2723 3411 est.
2759 3349 2902 3411 Ideo
2932 3357 3180 3412 montes
3209 3350 3505 3432 quamvis
3534 3352 3660 3414 sint
3690 3354 3929 3433 magni,

2450 3455 2659 3509 tamen
2691 3466 2804 3529 per
2823 3467 3077 3510 causam
3112 3449 3461 3512 naturalem
3484 3459 3548 3513 et
3565 3451 3933 3515 violentiam

2449 3554 2717 3627 possunt
2744 3545 3047 3610 deficere.
3071 3551 3159 3609 Et
3176 3570 3413 3609 saxum
3445 3552 3835 3629 transfertur
3854 3556 3937 3612 de

2450 3648 2579 3705 loco
2604 3665 2745 3713 suo,
2778 3644 2841 3705 id
2872 3654 2988 3721 est,
3014 3645 3257 3727 lapides
3287 3648 3579 3728 quamvis
3608 3648 3733 3711 sint
3762 3650 3931 3722 duri,

2449 3751 2660 3806 tamen
2699 3743 3100 3820 exciduntur,
3136 3752 3199 3807 et
3234 3746 3315 3807 ad
3341 3746 3469 3808 alia
3508 3746 3647 3809 loca
3683 3756 3938 3828 portan-

2447 3848 2572 3902 tur.
2626 3844 2905 3918 Lapides
2958 3854 3274 3904 eoecavant
3330 3866 3537 3925 aqua’.
3596 3846 3935 3927 Frequenti

2448 3940 2619 4003 enim
2680 3940 3028 4003 incidentia
3074 3942 3549 4007 stillicidiorum
3609 3944 3939 4026 perforan-

2450 4047 2573 4114 tur,
2606 4039 2785 4119 Juxta
2816 4038 2974 4101 illud
3012 4058 3026 4100 :

2498 4202 2665 4252 Gutta
2692 4203 2855 4252 cavat
2882 4200 3141 4267 lapidem,
3168 4216 3275 4253 non
3297 4202 3367 4263 vi,
3386 4204 3483 4255 sed
3506 4218 3653 4271 soepe
3674 4204 3939 4257 cadendo.

2448 4342 2543 4403 Ad
2586 4361 2779 4424 quam
2825 4342 3219 4405 cavationem
3268 4346 3695 4425 praecedentes
3742 4353 3939 4424 guttae

2448 4439 2819 4521 disponunt,
2854 4447 2916 4502 et
2943 4441 3281 4521 quamdam
3315 4440 3807 4522 perforationem
3840 4442 3941 4503 in-

2449 4538 2713 4613 ducunt,
2759 4538 3107 4600 secundum
3142 4538 3619 4621 Philosophum.
3658 4544 3738 4602 Et
3772 4544 3941 4601 allu-

2450 4638 2658 4707 vione,
2692 4635 2753 4696 id
2788 4643 2883 4698 est
2914 4636 3331 4699 inundatione
3360 4656 3667 4718 aquarum
3699 4646 3762 4701 et
3787 4656 3941 4701 con-

2452 4734 2815 4816 sumptione
2870 4733 3152 4816 riparum
3212 4755 3288 4798 ex
3344 4736 3551 4817 aquiS,
3606 4741 3937 4815 paulatim

2452 4844 2625 4894 terra
2652 4836 3055 4894 consumitur
3077 4854 3100 4893 .·
3121 4853 3318 4896 unum
3348 4835 3519 4897 enim
3552 4835 3937 4899 elementum

2448 4932 2580 5012 agit
2612 4932 2675 4993 in
2707 4932 2879 4994 aliud
2902 4940 2967 4994 et
2995 4932 3203 5013 ipsum
3224 4935 3595 5016 corrumpit,
3621 4935 3768 5016 quia
3789 4954 3940 4998 con-

2450 5030 2676 5093 trarias
2727 5030 2965 5093 habent
3003 5031 3168 5094 inter
3206 5050 3275 5094 se
3311 5032 3671 5113 qualitates.
3706 5036 3791 5095 Et
3830 5036 3941 5095 Ιιο-

2452 5132 2655 5190 mines
2692 5149 2839 5205 erqo
2876 5131 3183 5190 similiter
3203 5134 3455 5208 perdeS,
3488 5131 3549 5192 id
3590 5140 3707 5208 est,
3742 5151 3779 5193 a
3806 5132 3941 5195 vita

2453 5227 2569 5291 hac
2597 5227 2949 5304 abstraheS,
2970 5236 3035 5290 et
3062 5229 3549 5311 consumptione
3579 5229 3825 5292 humidi
3844 5251 3941 5293 ra-

2454 5325 2679 5389 dicalis
2726 5345 2765 5387 a
2807 5326 3015 5389 calido
3064 5327 3339 5390 naturali
3392 5326 3671 5391 deficere
3716 5327 3937 5407 sacieS,

2784 2165 2946 2229 Sana
2989 2185 3112 2243 me,
3158 2166 3442 2243 Domine,
3495 2175 3559 2229 et
3612 2166 4267 2241 sanabor31er.xw.u.

3996 2386 4093 2429 Ps.
4110 2400 4174 2432 τι,
4196 2390 4239 2427 3.
