4309 6259
124 1386 164 1429 Ν
183 1388 280 1441 Rey.

83 1464 170 1498 mn,
185 1454 240 1493 1³.

89 2280 294 2331 mama,

84 2345 100 2355 .-

88 2363 96 2381 Ι

125 4938 165 4981 lv
183 4944 275 4997 1209.

85 5014 170 5050 mu.
187 5010 240 5048 u.

649 517 1002 563 ENARRATIO
1045 516 1106 561 IN
1151 518 1287 563 CAP-
1335 516 1509 562 xxxu
1550 516 1710 562 unm
1751 515 2003 561 SECUNm
2044 516 2571 564 PARALIPOMENON.
2617 540 2697 549 --
2736 521 2879 566 ART.
2926 520 3099 566 XXXII

3298 502 3411 567 261

329 689 495 765 chia,
536 689 838 752 videlicet
888 688 1222 753 veritatem
1272 690 1440 767 vitae,
1491 691 1820 753 veritatem
1850 685 1900 748 A
1932 688 2165 752 locavit
2203 690 2269 751 in
2310 691 2436 753 Deo
2473 708 2486 751 τ
2524 690 2725 754 nihilo
2770 692 2983 753 minus
3035 691 3188 756 fecit
3234 693 3417 775 quid-

327 789 657 865 doctrinae,
688 797 753 850 et
783 790 1112 851 veritatem
1141 789 1426 871 justitioe,
1462 792 1638 851 venit
1668 792 1822 851 Sen-

325 889 632 948 nacherib
659 908 780 947 rea:
805 890 1253 966 Assyriorum,
1277 899 1336 949 et
1368 890 1690 963 inyressus
1709 893 1822 950 Ju-

325 989 504 1057 dam,
553 989 794 1047 obsedit
841 989 1135 1047 civitates
1183 989 1478 1047 munitas
1524 987 1591 1048 in
1637 988 1814 1065 Juda,

325 1088 538 1145 volens
593 1106 702 1145 eas
756 1106 1002 1163 capere.
1067 1090 1250 1155 Quod
1305 1106 1508 1165 quum
1558 1088 1820 1149 vidisset

323 1185 665 1254 Ezechias,
709 1187 958 1245 venisse
993 1188 1238 1247 scilicet
1268 1187 1730 1257 Sennacherib,
1761 1197 1820 1247 et

328 1291 528 1343 totum
560 1285 715 1342 belli
750 1286 1064 1361 impetum
1109 1287 1276 1345 verti
1309 1293 1536 1345 contra
1563 1288 1821 1345 Jerusa-

329 1385 448 1441 lem
480 1404 505 1441 .·
534 1382 684 1444 aliis
721 1384 961 1447 etenim
1001 1384 1294 1466 pluribus
1339 1385 1514 1446 Judae
1555 1384 1819 1446 urbibus

323 1482 548 1563 captiS,
585 1482 863 1546 maxime
902 1483 1168 1546 acuebat
1217 1501 1285 1546 se
1327 1483 1564 1564 impius
1603 1482 1713 1545 ille
1741 1484 1818 1545 ad

323 1580 834 1662 impugnandum
895 1582 1304 1663 metropolim
1363 1582 1540 1662 regni
1577 1606 1591 1655 ;
1655 1584 1820 1643 inito

321 1700 468 1740 cum
489 1682 916 1758 principibus
936 1683 1202 1741 consilio
1228 1683 1517 1760 virisque
1544 1682 1822 1758 fortissi-

322 1780 468 1848 mis,
499 1777 626 1840 hoc
661 1786 758 1840 est
787 1798 934 1841 eum
968 1778 1202 1841 talibus
1242 1779 1422 1856 viriS,
1454 1791 1528 1841 ut
1569 1779 1692 1843 viri
1725 1778 1820 1840 illi

1930 788 2084 868 quid
2117 808 2229 870 per
2259 789 2636 851 industriam
2658 791 3137 871 potentiamque
3167 792 3416 855 valebat

1929 884 2311 959 humanam3
2356 887 2596 967 alioqui
2648 887 2875 950 suisset
2923 889 3104 969 quasi
3144 890 3242 952 vir
3287 897 3417 952 ten-

1930 991 2068 1047 tans
2098 986 2317 1047 Deum.
2359 989 2825 1065 Constituitque
2856 990 3189 1066 principes
3227 991 3421 1064 bella<

1934 1094 2144 1144 torum
2174 1087 2248 1145 in
2277 1088 2585 1145 emercitu.

2008 1185 2094 1243 Et
2126 1188 2497 1245 convocavit
2537 1187 2870 1245 universos
2906 1185 3101 1261 eiveS‚
3133 1193 3196 1248 et
3222 1186 3419 1249 bella-

1931 1289 2095 1345 tores
2118 1282 2229 1362 qui
2252 1282 2317 1343 in
2338 1283 2681 1345 Jerusalem
2705 1286 2983 1361 eranssin
2993 1288 3211 1363 platea
3221 1296 3419 1363 portce

1927 1381 2240 1451 civitatis,
2271 1402 2347 1441 ac
2378 1385 2621 1441 locutus
2656 1391 2745 1442 est
2775 1386 2862 1443 ad
2890 1404 2995 1443 cor
3030 1403 3277 1453 eorum,
3297 1382 3418 1447 hoe

1929 1487 2045 1555 est,
2083 1478 2442 1542 efficaciter
2470 1481 2830 1544 consolatus
2861 1490 2957 1544 est
2984 1500 3113 1559 θος,
3145 1484 3365 1543 dicens
3394 1504 3416 1542 .-

1947 1579 2243 1638 Viriliter
2272 1580 2445 1655 ayite
2482 1589 2541 1639 et
2572 1581 3059 1656 confortamini.
3094 1583 3311 1645 Nolite
3344 1584 3419 1643 ti-

1931 1696 2121 1746 mere,
2162 1698 2276 1737 nec
2302 1679 2601 1754 paveatis
2638 1698 2849 1754 reyem
2877 1682 3320 1756 Assyriorum,
3360 1689 3419 1740 et

1933 1778 2308 1836 universam
2338 1778 2833 1837 multitudinem
2862 1798 3005 1855 quoe
3031 1788 3121 1839 est
3150 1798 3297 1839 cum
3324 1800 3414 1841 e0.

321 1878 726 1947 obturarent,
756 1876 822 1938 id
854 1885 950 1939 est
993 1876 1386 1952 clauderent,
1419 1879 1635 1956 capita
1677 1879 1823 1954 fon·
1858 1870 1904 1931 B
1933 1874 2386 1936 Verumtamen
2436 1874 2705 1955 ipsemet
2751 1874 3049 1937 Ezechias
3100 1874 3306 1957 primo
3343 1877 3421 1938 ti-

325 1976 489 2034 tium
524 1976 649 2054 qui
675 1986 866 2037 erant
891 1986 1079 2036 eoetra
1110 1979 1335 2036 urbem
1360 1976 1730 2053 Jerusalem,
1762 1987 1822 2037 et

321 2075 432 2131 hoc
449 2074 755 2133 omnium
775 2076 1175 2144 decernente,
1194 2074 1314 2137 hoe
1336 2082 1431 2137 est
1449 2072 1816 2149 definiente,

320 2173 672 2241 sententia,
720 2172 1075 2253 praesertim
1128 2172 1280 2253 quia
1325 2171 1454 2253 jam
1493 2180 1639 2234 ante
1687 2172 1820 2235 haec

321 2268 629 2332 Ezechias
661 2271 1163 2334 consolationem
1186 2270 1432 2352 accepit
1451 2270 1530 2333 ab
1557 2271 1712 2332 Isaia
1743 2272 1820 2333 de

83 2342 294 2451 {imm
322 2367 731 2450 Assyriorum
753 2368 1149 2450 dejectione3
1185 2372 1593 2447 conyreyavit
1613 2374 1823 2447 pluri-

320 2488 496 2527 mam
527 2469 1030 2529 multitudinem
1053 2468 1384 2530 hominum
1417 2468 1821 2529 robustorum

323 2584 540 2627 secum
578 2565 644 2626 in
677 2564 836 2627 urbe
865 2584 982 2647 pro
1013 2565 1154 2646 ejus
1186 2563 1563 2628 defensione
1589 2572 1654 2627 et
1684 2564 1824 2628 fon-

323 2665 478 2726 tium
511 2663 950 2741 obturatione,
981 2675 1041 2726 et
1077 2668 1541 2725 obturaverunt
1569 2676 1824 2725 cunctos

317 2765 549 2841 fontes,
589 2770 770 2825 extra
796 2762 1172 2839 Jerusalem,
1203 2773 1262 2824 et
1293 2766 1513 2823 rivum
1535 2765 1652 2841 qui
1669 2766 1825 2840 flue-

320 2864 422 2921 bat
445 2864 518 2921 in
543 2864 760 2921 medio
786 2872 995 2931 terrae,
1017 2861 1400 2941 egrediendo
1421 2863 1499 2923 de
1529 2861 1686 2923 urbe
1709 2880 1824 2943 per

319 2969 556 3022 terram
591 2959 782 3041 longe
817 2976 831 3021 :
866 2961 1052 3040 cujus
1092 2959 1216 3023 rivi
1265 2958 1514 3021 fluxum
1546 2978 1656 3041 per
1704 2968 1825 3023 ter-

1934 1980 2185 2034 muerat
2226 1972 2446 2047 illum3
2490 1973 2599 2034 sed
2641 1972 2775 2033 visa
2826 1971 3209 2036 infidelitate
3245 1973 3417 2037 illius

1932 2073 2088 2152 (qua
2127 2070 2338 2133 foedus
2376 2090 2521 2134 cum
2561 2070 2827 2133 Ezechia
2864 2070 3095 2133 initum
3134 2072 3213 2134 de
3250 2092 3419 2136 rece-

1929 2170 2136 2232 dendo
2184 2178 2445 2250 accepta
2490 2168 2784 2250 pecunia,
2828 2167 3068 2249 fregit),
3118 2169 3415 2232 Ezechias

1928 2267 2203 2349 sumpsit
2233 2268 2299 2328 in
2331 2268 2453 2331 Deo
2474 2267 2781 2348 maj0rem
2804 2266 3128 2345 fiduciam,
3154 2288 3416 2350 sperans

1932 2367 2099 2448 quod
2133 2366 2351 2429 divina
2379 2364 2621 2446 justitia
2644 2372 2883 2427 tantam
2913 2365 3088 2428 illius
3108 2366 3419 2429 vitiosita-

1931 2475 2057 2527 tem
2090 2484 2219 2527 non
2252 2464 2599 2527 dimitteret
2618 2463 3021 2546 impunitam,
3046 2484 3162 2528 nec
3192 2467 3418 2528 urbem

1932 2564 2157 2645 templi
2184 2571 2247 2626 et
2277 2562 2486 2624 cultus
2518 2561 2616 2624 sui
2655 2562 3050 2644 permitteret
3087 2583 3124 2625 a
3167 2563 3420 2645 perfido

1932 2672 1993 2726 et
2019 2662 2277 2745 perjuro
2311 2661 2423 2723 illo
2465 2661 2718 2724 vastari.
2754 2664 2963 2723 Multo
2989 2665 3164 2724 enim
3196 2668 3420 2742 plures

1929 2764 2259 2823 nobiscum
2278 2771 2452 2832 sunt,
2477 2760 2721 2823 scilicet
2741 2761 2949 2841 angeli
2973 2760 3197 2837 saneti,
3223 2782 3420 2840 quam

1930 2882 2074 2921 cum
2103 2862 2240 2919 illo.
2280 2862 2436 2921 Cum
2468 2862 2581 2919 illo
2602 2861 2777 2919 enim
2802 2869 2893 2919 est
2922 2862 3253 2921 brachium
3286 2880 3421 2920 car-

1931 2979 2147 3029 neum,
2184 2957 2247 3019 id
2279 2965 2375 3019 est
2413 2965 2659 3019 terrena
2701 2963 2763 3018 et
2801 2957 3076 3019 humana
3115 2965 3413 3039 potestas,

3444 913 3709 963 Eecli.xvm‚

3445 977 3515 1019 23.

3499 2096 3550 2139 lv
3581 2100 3691 2154 Rea.

3445 2174 3557 2213 xvni,
3581 2163 3727 2209 14-17.

319 3078 450 3120 ram
500 3058 950 3139 impediebant
983 3083 998 3133 3
1045 3062 1325 3119 dicentes
1363 3080 1386 3118 .·
1418 3062 1517 3120 Ne
1558 3062 1824 3120 veniant
1858 3050 1903 3113 C
1935 3060 2281 3121 Nobiscum
2302 3063 2396 3118 est
2415 3058 2733 3117 Dominus
2753 3059 2923 3117 Deus
2944 3067 3175 3128 noster,
3190 3064 3251 3118 et
3272 3075 3417 3118 eum
3449 3072 3712 3123 Deutxxxm,

317 3180 488 3237 reyes
517 3160 976 3237 Assyriorum,
1010 3168 1070 3219 et
1111 3160 1456 3219 inveniant
1499 3178 1820 3237 aquarum

317 3259 824 3319 abundantiam.
847 3256 967 3319 Sed
989 3275 1104 3319 cur
1125 3256 1436 3331 dixerunt,
1457 3255 1545 3318 Ne
1567 3254 1823 3317 veniant

319 3374 493 3435 reges
513 3355 952 3437 Assyriorum,
977 3375 1175 3436 quum
1199 3355 1372 3417 solus
1395 3353 1824 3416 Sennacherib

319 3472 423 3517 rex
451 3454 712 3534 legatur
752 3453 1048 3516 venisset
1079 3452 1203 3514 nisi
1248 3451 1414 3514 forte
1461 3451 1825 3532 acceperint

317 3552 568 3634 plurale
609 3569 730 3633 pro
769 3550 1102 3631 singulari.
1136 3550 1250 3613 Vel
1290 3550 1491 3631 aliqui
1528 3558 1710 3612 erant
1739 3568 1826 3611 re-

317 3671 420 3732 ges
467 3651 764 3713 minores
810 3649 877 3710 in
929 3648 1184 3730 Assyria
1235 3648 1355 3710 sub
1395 3648 1824 3711 Sennacherib

315 3750 455 3825 isto,
485 3749 608 3832 qui
639 3769 786 3812 cum
817 3768 892 3812 eo
923 3756 1258 3811 venerunt.

388 3850 794 3925 AE'dificavit
811 3867 1085 3926 quoque,
1107 3866 1300 3923 ayens
1331 3848 1680 3915 industrie,
1695 3865 1824 3905 om-

317 3968 454 4009 nem
497 3967 776 4008 murum
814 3949 932 4025 qui
967 3947 1188 4022 fuerat
1225 3946 1605 4021 dissipatus,
1647 3962 1825 4025 repa-

319 4046 512 4108 rando
575 4044 1047 4107 destructiones
1094 4062 1447 4118 murorum,
1501 4043 1652 4123 quia
1701 4043 1821 4105 sub

315 4143 516 4207 Achaz
551 4142 727 4206 facta
759 4140 882 4203 fuit
901 4141 1240 4223 multiplex
1260 4140 1617 4203 debilitatio
1642 4139 1820 4221 regni

1931 3175 2006 3219 eo
2037 3164 2399 3217 sanctorum
2433 3154 2924 3215 innumerabilia
2953 3152 3176 3216 millia.
3213 3154 3419 3217 Simili

1931 3255 2119 3316 modo
2149 3252 2309 3314 dixit
2330 3252 2576 3315 Eliseus
2617 3259 2873 3313 sanctus
2908 3252 2984 3314 ad
3018 3271 3201 3313 suum
3233 3252 3421 3315 mini-

1933 3360 2146 3413 strum.
2170 3354 2297 3420 Qui
2315 3353 2679 3411 auxiliator
2697 3360 2787 3410 est
2806 3360 3031 3419 noster,
3046 3361 3422 3431 puynatque

1923 3470 2046 3529 pro
2075 3452 2276 3511 nobis
2317 3450 2848 3528 Consortatusque
2875 3458 2965 3509 est
2990 3452 3274 3527 populus
3303 3452 3421 3510 hu-

1917 3549 2282 3626 juscemodi
2310 3549 2514 3607 verbis
2552 3546 2839 3608 Ezechiae
2866 3548 3034 3623 reyis
3058 3550 3235 3607 Juda
3264 3566 3287 3608 .·
3318 3567 3422 3610 eu-

1930 3646 2034 3726 jus
2083 3643 2480 3706 sanctitatem
2530 3641 3037 3723 sapientiamque
3078 3650 3415 3721 noverunt,

1933 3744 2074 3807 ideo
2106 3742 2245 3823 ejus
2276 3742 2519 3803 meritis
2549 3740 2889 3822 sperabant
2910 3740 3121 3821 juvari
3148 3765 3162 3815 3
3194 3749 3259 3802 et
3282 3741 3419 3803 visa

1932 3843 2070 3924 ejus
2102 3840 2478 3917 constantia,
2514 3838 2774 3901 animati
2807 3847 2956 3900 sunt
2984 3839 3193 3921 eorde,

2013 3944 2167 4009 Quae
2186 3950 2525 4019 postquam
2558 3947 2735 4014 qesta
2761 3946 2941 4005 sunt,
2973 3938 3150 3997 misit
3176 3940 3418 3998 Senna-

1929 4040 2144 4099 cherib
2172 4059 2287 4097 rex
2316 4038 2737 4113 Assyriorum
2765 4054 2973 4095 servos
3001 4056 3170 4104 suos,
3200 4034 3417 4097 videli-

1930 4144 2030 4199 cet
2049 4135 2369 4198 Tharthan
2392 4142 2454 4197 et
2474 4132 2766 4195 Rabsaris
2788 4140 2849 4194 et
2867 4132 3205 4209 Rabsacen,
3226 4142 3416 4214 prout

3450 3138 3491 3187 2;
3509 3134 3626 3179 Dan.
3642 3147 3712 3185 vn,

3451 3201 3529 3367 ῘΞἿ
3540 3263 3649 3317 Περ.
3660 3276 3711 3307 vi.

314 4249 373 4302 ct
405 4241 588 4303 urbis
618 4240 993 4316 Jerusalem,
1027 4250 1088 4299 et
1117 4242 1444 4299 eastruoeit
1491 4249 1696 4299 turres
1723 4241 1822 4297 de·
1854 4240 1904 4301 D
1930 4242 2157 4315 quarto
2189 4234 2427 4313 Regum
2471 4232 2639 4294 istud
2688 4230 2929 4293 diffuse
2971 4239 3283 4309 narratur,
3318 4236 3415 4293 Je-
3462 4249 3704 4301 raama,

310 4360 528 4417 super,
559 4349 622 4400 et
672 4340 1033 4415 forinsecus
1070 4341 1350 4397 alterum
1393 4356 1678 4397 murum.
1713 4340 1821 4397 In-

311 4440 771 4515 stauravitque
793 4438 986 4496 Asello
1008 4438 1080 4497 in
1101 4438 1364 4495 civitate
1379 4436 1618 4496 David.
1639 4434 1819 4497 Mello

313 4544 442 4597 erat
465 4534 798 4618 profunda
817 4550 1073 4612 vorago,
1091 4534 1275 4613 cujus
1299 4531 1674 4594 instauratio
1698 4531 1820 4594 fuit

315 4635 388 4696 ad
421 4634 713 4697 hostium
747 4631 1214 4695 demersionem
1256 4630 1322 4691 in
1355 4650 1516 4692 eam.
1549 4633 1636 4691 Et
1664 4633 1819 4709 fecit

317 4734 615 4793 universi
637 4732 900 4809 yeneris
929 4740 1340 4791 armaturam
1358 4740 1417 4789 et
1445 4734 1718 4806 clypeos,
1740 4730 1816 4792 ad

318 4830 748 4894 resistendum
781 4826 1182 4891 adversariis.
1202 4828 1459 4903 Tamen,
1494 4836 1564 4889 ut
1591 4837 1818 4909 quarto

321 4928 559 5011 Regum
583 4927 877 5003 habetur,
905 4934 1246 5007 antequam
1271 4926 1358 4987 ita
1385 4925 1633 5007 paravit
1653 4945 1720 4987 se
1739 4927 1818 4988 ad

323 5026 833 5109 repugnandum,
868 5024 1045 5086 misit
1076 5025 1154 5086 ad
1187 5043 1398 5103 regem
1420 5025 1820 5105 Assyriorum

324 5143 434 5205 pro
465 5143 650 5206 pace,
675 5121 963 5186 offerens
992 5141 1060 5185 se
1087 5123 1164 5184 ad
1197 5122 1476 5184 dandum
1508 5122 1820 5203 quidquid

326 5221 432 5283 ille
479 5222 565 5284 ab
615 5222 756 5303 ipso
816 5220 1117 5299 exigeret.
1175 5220 1454 5301 Denique
1512 5220 1678 5283 sicut
1733 5220 1824 5281 ait

327 5318 676 5402 Scriptura,
710 5317 1011 5381 Ezechias
1046 5326 1240 5381 totam
1271 5338 1446 5401 spem
1489 5338 1668 5380 suam
1699 5318 1827 5382 eol—

1929 4338 2209 4393 rusalem
2242 4335 2400 4409 (ipse
2428 4333 2603 4390 enim
2632 4351 2777 4391 cum
2798 4332 3097 4417 universo
3126 4334 3414 4393 exercitu

1928 4434 2246 4493 obsidebat
2277 4433 2447 4491 Lach
2458 4432 2535 4501 is)
2572 4433 2660 4489 ad
2688 4431 3033 4490 Ezechiam
3071 4449 3277 4505 reyem
3298 4434 3416 4491 Ju-

1926 4536 2036 4601 da,
2087 4539 2144 4589 et
2194 4532 2283 4589 ad
2330 4548 2580 4588 omnem
2622 4532 2943 4605 populum
2990 4530 3108 4607 qui
3154 4538 3293 4589 erat
3344 4532 3414 4588 in

1927 4632 2106 4698 urbe,
2148 4630 2368 4687 dicens
2397 4648 2419 4686 .·
2444 4630 2599 4687 Hoec
2625 4628 2789 4686 dicit
2826 4628 3264 4687 Sennacherib
3298 4648 3417 4686 rex

1927 4730 2350 4805 Assyriorum
2381 4744 2403 4785 .·
2434 4728 2514 4785 In
2557 4745 2680 4804 quo
2727 4727 3023 4785 habentes
3070 4728 3415 4802 fiduciam,

1926 4828 2152 4890 sedetis
2202 4826 2426 4885 obsessi
2462 4825 2536 4883 in
2579 4827 2935 4883 Jerusalem
2958 4826 2987 4883 ἓ
3033 4825 3213 4886 Num
3258 4826 3415 4886 Eze-

1927 4928 2104 4987 chias
2133 4922 2419 5000 decepit*
2450 4943 2577 4992 vOS,
2600 4931 2671 4981 ut
2694 4924 2913 4981 tradat
2932 4922 3127 4982 morti
3146 4922 3217 4981 in
3240 4922 3415 4999 fame

1927 5035 1987 5084 et
2013 5025 2152 5091 siti,
2190 5023 2523 5096 affirmans
2560 5022 2730 5097 quod
2760 5020 3075 5082 Dominus
3113 5021 3281 5078 Deus
3320 5039 3416 5079 ve-

1927 5133 2054 5183 ster
2085 5122 2303 5181 liberet
2325 5138 2432 5177 vos
2450 5120 2529 5177 de
2548 5136 2751 5177 manu
2771 5119 2938 5193 reqis
2958 5118 3375 5194 Assyriorum
3388 5119 3417 5177 ?

1936 5220 2281 5297 Numquid
2318 5238 2444 5275 non
2498 5218 2615 5275 iste
2661 5225 2750 5275 est
2785 5216 3117 5285 Ezechias,
3155 5217 3272 5294 qui
3316 5218 3419 5275 de·

1933 5316 2177 5377 stru-vit
2196 5319 2441 5375 eatcelsa
2462 5316 2645 5374 illius
2664 5322 2723 5372 et
2742 5314 3008 5385 altaria,
3030 5323 3091 5373 et
3111 5314 3393 5390 praecepi
3397 5322 3419 5373 t

3445 4314 3512 4356 17.

3467 4944 3488 4967 ⁶
3515 4944 3683 5002 decipit
