4309 6259
808 503 1161 550 manuario
1201 505 1264 550 IN
1304 506 1444 551 cAP.
1489 505 1595 550 xvl
1637 503 1796 549 unm
1836 479 2006 550 Pmin
2046 501 2578 550 PARALlPOMENON.
2623 519 2704 532 ·-·-
2745 499 2887 546 Am.
2936 498 3040 545 xvl
3348 478 3464 542 155

370 681 467 736 est
495 690 697 752 genus
730 673 1135 737 subtilissimi
1158 694 1231 738 ac
1252 673 1690 738 candidissimi
1714 673 1866 749 lini3
1898 673 1949 734 A
1980 671 2108 735 imo
2153 672 2599 736 indumentum
2644 670 3036 754 pontificale,
3075 669 3246 750 quod
3286 687 3468 731 voca-

368 783 431 833 et
476 775 779 836 universi
822 776 1063 836 Levitoe
1111 777 1228 854 qui
1260 777 1611 852 portabant
1649 794 1869 835 arcam
1979 770 2167 834 batur
2197 770 2736 854 superhumerale,
2771 768 2874 833 eui
2907 767 3214 832 rationale
3239 766 3466 849 judieii
3566 781 3716 826 exod.

370 874 663 950 foederis,
715 883 1131 954 cantoresque
1171 884 1231 934 et
1282 876 1639 935 Chonenias
1682 875 1874 951 prin·
1982 870 2106 932 fuit
2136 871 2661 952 conjunctum,ut
2689 887 2880 950 super
2897 868 3180 930 Exodum
3212 866 3466 949 plenius
3498 847 3755 898 ¹³V¹¹¹’⁶’²⁸'

370 990 515 1050 ceps
535 975 898 1050 prophetia*
928 975 1103 1032 inter
1120 982 1435 1042 cantores,
1455 971 1664 1034 induti
1694 979 1873 1035 erant
1980 977 2077 1033 est
2108 987 2476 1051 expressum
2511 986 2525 1030 ε
2559 976 2622 1030 et
2659 968 2773 1030 tali
2811 967 3019 1050 ephod
3053 984 3180 1030 non
3222 973 3468 1048 poterat

370 1069 657 1151 byssinis
698 1069 904 1147 stoliS‚
949 1069 1187 1151 quibus
1230 1069 1637 1132 beatissimus
1679 1069 1871 1132 David
1981 1068 2178 1130 David
2219 1067 2336 1144 uti,
2379 1068 2488 1131 sed
2531 1067 2700 1130 lineo
2735 1067 2868 1149 jam
2910 1065 3196 1149 praefato,
3238 1083 3367 1146 quo
3403 1071 3468 1128 et

368 1187 449 1230 ex
480 1168 768 1231 caritatis
790 1179 855 1232 et
873 1168 1235 1232 devotionis
1257 1168 1529 1245 fervore,
1556 1188 1627 1231 ac
1648 1168 1873 1250 grandi
1984 1166 2191 1249 primo
2219 1166 2458 1247 Regum
2501 1165 2752 1229 Samuel
2791 1166 2998 1228 adhuc
3036 1183 3194 1246 puer
3238 1163 3469 1244 legitur
3497 1183 3759 1240 meanis.

370 1267 741 1342 devotione,
778 1286 848 1330 se
886 1265 1317 1330 conformavit
1354 1266 1419 1329 in
1458 1266 1683 1328 habitu
1725 1267 1869 1343 isto,
1984 1285 2135 1328 usus
2174 1282 2188 1326 :
2223 1265 2392 1346 quod
2435 1265 2693 1346 quidam
2734 1273 2964 1326 vocant
3000 1262 3465 1345 propheticum,

371 1383 568 1445 quem
600 1365 788 1446 quasi
821 1364 1285 1448 superplicium
1316 1363 1528 1427 induit
1558 1384 1750 1448 super
1782 1383 1877 1427 re-
1984 1363 2168 1445 quasi
2216 1363 2328 1426 illo
2372 1364 2498 1425 sint
2544 1363 2644 1425 usi
2685 1363 3012 1444 prophetae
3060 1370 3123 1424 et
3165 1360 3288 1422 filii
3330 1379 3472 1442 pro-

370 1463 546 1542 galia
576 1463 977 1526 indumenta.
1010 1463 1147 1541 Vel,
1184 1472 1255 1526 ut
1282 1463 1615 1546 probabile
1648 1473 1765 1541 est,
1801 1484 1877 1527 ex
1984 1462 2345 1545 phetarum,
2379 1462 2443 1523 in
2478 1460 2772 1524 laudibus
2803 1459 2938 1522 Dei.

375 1562 725 1625 devotione
766 1563 1063 1645 deposuit
1103 1581 1177 1624 ea
1221 1580 1235 1623 :
1274 1571 1533 1644 propter
1570 1561 1742 1644 quod
1777 1563 1879 1624 Mi·
2077 1563 2549 1641 Unt'versusque
2577 1562 2783 1622 Israel
2819 1561 3216 1622 deducebant
3251 1579 3474 1619 arcam

118 1673 147 1714 ¹¹
160 1674 339 1727 Rev-w.
374 1661 525 1724 chol
556 1660 619 1723 ei
654 1661 1118 1744 improperavit
1136 1662 1309 1743 quod
1332 1661 1765 1743 discooperuit
1784 1679 1872 1724 se.
1986 1663 2248 1739 foederis
2277 1661 2549 1721 Domini
2579 1661 2651 1719 in
2666 1659 2912 1736 jubilo,
2941 1667 3002 1718 et
3027 1659 3246 1718 sonitu
3277 1658 3478 1718 bucci-

88 1740 147 1777 ffl'
370 1761 600 1820 David
648 1770 870 1820 autem
917 1761 1194 1820 indutus
1241 1769 1382 1820 erat
1433 1758 1625 1821 eliam
1674 1762 1878 1836 ephod
1986 1780 2113 1829 noe,
2142 1769 2202 1819 et
2237 1760 2427 1827 tubis,
2455 1767 2516 1818 et
2553 1759 2890 1836 cymbalis,
2929 1766 2988 1817 et
3025 1757 3262 1826 nablis,
3293 1765 3352 1816 et
3389 1756 3477 1814 ci-

373 1859 572 1919 lineO.
628 1858 721 1919 Ex
772 1858 893 1922 hoc
943 1857 1268 1941 probatur,
1321 1858 1493 1939 quod
1545 1858 1751 1940 ephod
1803 1858 1878 1919 li·
1914 1861 1959 1922 B
1990 1859 2198 1918 charis
2226 1865 2692 1933 concrepantes,
2731 1859 3069 1934 Quumque
3091 1855 3478 1930 pervenisset

368 1973 569 2019 neum
596 1956 917 2019 fuitaliud
940 1975 1133 2038 quam
1156 1955 1417 2039 byssina
1438 1956 1879 2038 vestiS,quam-
1987 1975 2141 2016 arca
2179 1956 2442 2032 foederis
2483 1955 2752 2014 Domini
2789 1973 2988 2032 usque
3023 1954 3111 2013 ad
3147 1953 3476 2012 civitatem

368 2053 473 2116 vis
504 2055 708 2136 aliqui
740 2055 961 2118 dicant
982 2055 1151 2118 idem
1174 2054 1375 2118 fuisse
1400 2072 1414 2116 :
1441 2063 1501 2117 et
1534 2074 1751 2118 verum
1784 2063 1881 2118 est
1987 2055 2229 2125 David,
2266 2055 2506 2114 Mic-hol
2545 2053 2693 2130 filia
2725 2055 2894 2112 Saul
2922 2052 3323 2128 prospiciens
3355 2070 3476 2129 per

368 2153 546 2233 quod
590 2173 795 2216 unum
839 2154 1225 2235 quandoque
1267 2172 1382 2234 pro
1422 2152 1549 2216 alio
1578 2154 1873 2217 sumitur.
1984 2155 2360 2232 fenestram,
2408 2152 2578 2211 vidit
2621 2171 2831 2227 reyem
2875 2152 3095 2212 David
3130 2152 3473 2210 saltantem

367 2250 527 2312 Nam
560 2253 777 2334 ephod
809 2252 953 2329 hoc,
974 2251 1102 2314 fuit
1130 2253 1419 2334 quaedam
1454 2252 1625 2315 linea
1654 2253 1871 2329 vestis,
1987 2262 2180 2332 atque
2210 2253 2560 2319 ludentem,
2589 2259 2648 2310 et
2676 2249 2966 2326 despexit
2992 2268 3138 2308 eum
3177 2249 3251 2308 in
3285 2249 3471 2308 corde

367 2368 499 2430 qua
531 2351 773 2416 Levitae
802 2353 869 2416 in
903 2353 1038 2415 suis
1069 2352 1414 2416 utebantur
1444 2351 1708 2414 officiis,
1737 2352 1879 2415 Fuit
1983 2371 2121 2412 suo.
2154 2349 2294 2412 Alia
2333 2349 2440 2410 hic
2478 2365 2604 2410 non
2644 2346 2950 2428 exposita,
2985 2346 3050 2409 in
3083 2347 3359 2410 secundo
3399 2346 3471 2409 li·
3517 2361 3552 2404 11
3567 2361 3676 2415 1209.
3694 2372 3749 2403 vn.

368 2459 437 2515 et
484 2449 664 2514 aliud
716 2452 927 2535 ephod
976 2459 1421 2516 ornamentum
1464 2451 1873 2530 sacerdotale,
1986 2451 2101 2513 bro
2132 2449 2370 2530 Regum
2396 2447 2683 2529 exposita
2711 2453 2882 2509 sunt.

1470 2878 2121 2967 ARTICULUS
2205 2880 2404 2964 XVI

819 3155 1179 3201 ELUGmA'rlo
1222 3155 1501 3201 CAPITULI
1545 3154 1931 3201 sExrlnEcnn
1972 3155 1986 3199 :
2034 3154 2431 3200 ATTULERUNT
2473 3153 2627 3199 ERGO
2670 3154 2878 3200 Ancau
2925 3155 3045 3202 nm.

524 3433 897 3496 UALITER
936 3433 1134 3496 David
1178 3452 1287 3496 rex
1326 3432 1623 3496 habuerit
1661 3452 1729 3496 se
1766 3433 1882 3496 cir·
1918 3430 1961 3493 C
1995 3440 2064 3494 ut
2101 3431 2212 3494 alii
2253 3432 2495 3504 dicunt,
2539 3441 2636 3496 est
2680 3431 2862 3514 panis
2901 3434 3248 3515 quadratus
3285 3453 3362 3498 ex
3401 3435 3480 3496 si-

375 3429 517 3630 Ο
544 3552 621 3596 ea
650 3551 863 3596 arcam
897 3532 962 3594 in
996 3551 1112 3595 suo
1144 3532 1284 3596 loco
1317 3532 1682 3613 repositam,
1708 3550 1879 3594 nune
1994 3531 2148 3593 mila
2179 3529 2405 3608 factuS,
2430 3530 2490 3592 in
2526 3531 2843 3612 sartagine
2874 3531 3098 3594 frixus
3123 3535 3209 3594 Et
3225 3544 3480 3610 partem

371 3639 703 3693 narratur.
746 3633 1131 3692 Attulerunt
1168 3650 1317 3708 erqo
1366 3650 1589 3692 aream
1632 3632 1777 3701 Dei,
1822 3640 1881 3690 et
1994 3651 2149 3690 assae
2179 3631 2397 3691 carnis
2429 3632 2695 3701 bubalae,
2729 3629 2792 3692 id
2823 3637 2919 3693 est
2960 3630 3234 3693 frustum
3271 3631 3481 3695 carnis

368 3732 862 3792 constituerunt
908 3749 1049 3792 eam
1088 3732 1163 3790 in
1202 3732 1413 3790 medio
1457 3731 1875 3800 tabernaculi,
1924 3745 1931 3752 ·
1986 3735 2237 3804 assatas,
2286 3728 2366 3790 de
2409 3728 2568 3792 bove
2613 3728 2714 3792 vel
2759 3729 2960 3808 magis
3003 3730 3083 3792 de
3127 3728 3382 3806 bubaIO,
3423 3740 3483 3792 et

368 3831 555 3908 quod
596 3831 955 3890 tetenderat
1000 3830 1064 3888 ei
1111 3829 1353 3900 David,
1405 3839 1465 3890 et
1513 3831 1881 3889 obtulerunt
1991 3827 2250 3907 frimam
2279 3831 2409 3886 oleo
2437 3829 2748 3888 similam.

366 3931 755 3988 holocausta
797 3937 859 3988 et
893 3929 1177 4004 pacifica
1218 3947 1437 3987 coram
1475 3930 1624 3988 Deo.
1674 3926 1738 3988 In
1786 3945 1881 3988 se-
2078 3927 2548 4003 Constituitque
2575 3945 2792 3986 coram
2813 3945 2968 3986 arca
2986 3927 3257 3986 Domini
3271 3929 3352 3986 de
3371 3930 3482 3987 Le-

132 4037 315 4083 nia-¹⁷·
368 4026 597 4090 eundo
629 4024 797 4088 libro
828 4025 1067 4104 Regum
1100 4025 1333 4105 legitur
1363 4025 1557 4087 David
1598 4024 1732 4088 haec
1770 4023 1883 4088 ob-
1994 4025 2149 4084 vitis
2181 4026 2298 4103 qui
2330 4025 2780 4084 ministrarent
2801 4023 2927 4086 Deo
2951 4022 3016 4084 in
3047 4023 3224 4086 omni
3255 4023 3480 4088 officio

374 4124 633 4200 tulisse,
670 4124 825 4204 quia
855 4123 1231 4206 principalis
1262 4131 1397 4186 erat
1428 4123 1493 4184 in
1522 4122 1880 4186 exhibendo
1994 4123 2085 4186 eis
2106 4124 2505 4205 deputato,et
2523 4126 3018 4184 recordarentur
3035 4144 3299 4202 operum
3317 4127 3477 4202 ejas,

370 4222 622 4298 oblata,
668 4223 779 4286 sed
822 4241 934 4304 per
970 4242 1197 4284 manus
1237 4222 1635 4285 sacerdotum
1685 4219 1882 4284 fiebat
1996 4221 2059 4283 id
2090 4230 2206 4299 est,
2239 4221 2560 4284 mirabilia
2597 4220 2707 4284 Dei
2747 4230 2812 4284 et
2848 4221 3180 4286 beneficia
3205 4223 3344 4304 ejus
3386 4224 3484 4287 de-

370 4321 651 4386 oblatio.
700 4325 1043 4401 Quinque
1078 4324 1439 4398 complesset
1477 4321 1699 4382 David
1734 4325 1881 4398 offe·
1994 4326 2324 4384 cantarent
2353 4327 2416 4382 et
2444 4320 2922 4398 annuntiarent,
2956 4331 3014 4383 et
3036 4324 3484 4401 ylorifiearent

368 4442 529 4482 rens
570 4423 943 4481 holocausta
980 4429 1041 4480 et
1074 4421 1377 4497 pacifica,
1411 4421 1737 4480 benedioeit
1767 4439 1881 4498 po·
1978 4429 2186 4499 atque
2217 4423 2568 4481 laudarent
2597 4421 2952 4481 Dominum
2985 4424 3189 4482 Deum
3226 4424 3432 4482 Israel
3462 4442 3484 4480 .·

362 4523 611 4597 pulum
654 4521 727 4578 in
766 4520 1031 4582 nomine
1069 4519 1363 4590 Domini,
1419 4517 1483 4579 id
1538 4523 1657 4594 est,
1713 4516 1882 4580 bona
1995 4523 2216 4596 Asaplz
2251 4521 2624 4599 principem
2665 4527 3000 4584 cantorum
3043 4519 3142 4582 sui
3188 4520 3364 4583 chori
3413 4539 3487 4584 ac

376 4619 777 4700 imprecatus
822 4624 920 4680 est
962 4616 1055 4679 eis
1099 4624 1401 4696 tanquam
1446 4634 1555 4678 rex
1604 4625 1667 4678 et
1708 4617 1883 4698 prin·
1914 4620 1961 4681 D
1997 4625 2476 4698 praecentorem,
2501 4629 2562 4679 et
2588 4622 2942 4680 secundum
2969 4620 3134 4693 ejus,
3157 4618 3219 4680 id
3251 4627 3350 4681 est
3376 4619 3489 4680 im-

373 4737 535 4800 ceps
565 4733 815 4791 eorum,
854 4714 1269 4795 fervidusque
1295 4722 1560 4791 amator,
1588 4713 1883 4796 quamvis
1994 4715 2346 4778 mediatum
2377 4724 2521 4797 post
2550 4735 2720 4792 eum,
2741 4736 2853 4780 seu
2885 4725 3344 4792 succentorem,
3365 4721 3488 4778 Ζα-

107 4821 261 4910 &vm-1.
288 4840 345 4876 vu,
375 4812 752 4878 benedictio
781 4812 927 4874 talis
959 4812 1040 4874 ad
1068 4812 1426 4874 sacerdotes
1457 4811 1715 4894 proprie
1744 4831 1885 4894 spe-
1996 4816 2313 4876 chariam.
2346 4818 2554 4877 Porro
2580 4817 2819 4887 Jakiez,
2851 4825 2912 4876 et
2940 4818 3398 4885 Semiramotlz‚
3427 4826 3486 4876 et

108 4889 226 4928 κε’
376 4921 536 4976 etet.
560 4915 649 4974 Et
666 4913 925 4980 divisit,
948 4909 1017 4972 id
1044 4919 1163 4986 est,
1184 4908 1653 4991 particulariter
1684 4910 1877 4988 dedit,
1995 4914 2222 4984 Jekiet‚
2273 4923 2332 4974 et
2385 4915 2848 4984 Mathatkiam,
2891 4924 2950 4974 et
2995 4915 3213 4983 Etiab,
3253 4923 3314 4973 et
3358 4917 3488 4974 Ba-

374 5012 713 5074 universis
726 5029 849 5086 per
866 5010 1179 5086 singulo&
1196 5029 1237 5069 a
1256 5009 1396 5068 viro
1420 5029 1621 5087 usque
1639 5013 1729 5069 acl
1750 5031 1885 5070 mu·
1996 5013 2252 5082 naiam,
2281 5021 2341 5072 et
2356 5014 2758 5084 .Obededom,·
2784 5014 2992 5073 Jehiel
3017 5032 3210 5089 super
3239 5031 3486 5089 organa

380 5111 633 5182 lierem,
656 5117 895 5168 tortam
906 5109 1108 5184 panis
1128 5128 1151 5168 .·
1171 5125 1315 5188 quae
1344 5107 1625 5170 secundo
1643 5107 1881 5187 Regum
1970 5112 2314 5186 psalterii,
2365 5121 2426 5172 et
2470 5114 2694 5188 lyras·,·
2734 5111 2958 5188 Asaph
3001 5120 3239 5182 autem,
3289 5120 3363 5171 ut
3411 5113 3484 5170 in

128 5215 344 5272 ”fleu-w,
376 5207 553 5270 libro
592 5213 859 5269 vocatur
895 5205 1226 5288 collyrida,
1269 5213 1495 5287 estque
1532 5207 1881 5270 secundum
1994 5210 2307 5286 cymbalis
2338 5217 2735 5285 personaret,
2766 5207 2832 5268 id
2871 5216 2988 5284 est,
3037 5207 3246 5289 ipsum
3291 5207 3488 5271 David

106 5281 161 5318 '⁹'
344 5306 671 5394 Glossam
692 5304 881 5387 panis
900 5303 1310 5385 triangularis
1330 5313 1395 5368 et
1412 5305 1722 5368 modicus·
1742 5305 1877 5383 Vel,
1996 5304 2278 5368 instituit
2317 5305 2396 5366 ad
2435 5305 2578 5382 hoc,
2611 5313 2684 5367 ut
2720 5303 3052 5387 psallendo
3091 5304 3285 5368 etiam
3315 5325 3486 5389 cym-
