4309 6259
135 871 252 913 End.

109 948 216 983 xxxnn
243 936 302 975 2⁰.

1171 493 1517 541 mannum
1561 494 1622 541 IN
1665 496 1800 543 CAP-
1849 494 1913 543 xl
1951 494 2077 543 1013.
2123 516 2204 527 -
2244 498 2385 546 ART.
2432 497 2604 546 xxvn

3309 477 3425 548 467

331 662 702 743 reperibilis
762 672 873 725 aut
931 664 1384 745 cognoscibilis
1445 674 1562 740 est,
1621 665 1829 747 quoad
1863 665 1912 727 A
1940 686 1979 729 a
2027 666 2325 749 Sapiente
2379 668 2613 731 dicitur
2666 670 2725 733 ei
2779 687 2793 731 ε
2846 670 3169 744 Quomodo
3216 680 3426 735 autem
3456 688 3717 744 Soanas.

328 760 490 840 quid
521 769 641 838 est,
677 781 789 825 seu
821 762 1349 843 comprehensive
1380 771 1443 826 et
1477 782 1590 845 per
1619 783 1831 826 essen-

333 859 511 921 tiam.
537 860 802 941 Propter
832 861 1004 941 quod
1037 860 1126 923 ait
1155 861 1231 921 ad
1264 860 1514 943 Moysen
1541 862 1828 925 :Faciem

330 976 540 1019 meam
576 959 796 1022 videre
826 978 956 1021 non
989 958 1264 1041 poteris3
1301 977 1428 1022 non
1460 959 1633 1021 enim
1664 959 1830 1023 vide-

329 1056 428 1118 bit
460 1076 564 1120 me
595 1058 810 1135 homo,
845 1066 908 1121 et
939 1057 1131 1121 vivet.
1163 1058 1471 1139 Denique,
1509 1058 1666 1120 illud
1698 1078 1832 1141 per-

331 1154 501 1218 fecte
540 1156 972 1237 cognoscitur,
1009 1157 1180 1237 quod
1221 1164 1466 1218 tantum
1507 1157 1831 1236 cognosci-

331 1263 458 1330 tur,
484 1264 800 1336 quantum
833 1264 932 1317 est
962 1254 1417 1333 cognoscibile.
1442 1254 1646 1329 Quum
1679 1274 1829 1337 ergo

331 1353 496 1415 Deus
531 1352 1076 1435 incomparabiliS,
1112 1353 1686 1433 superessentialiS‚
1716 1354 1832 1416 im-

330 1470 618 1527 mensuS‚
659 1451 742 1513 sit
785 1470 986 1533 purus
1027 1458 1092 1513 et
1135 1450 1830 1533 incircumscriptibilis

330 1558 536 1625 actm,
570 1548 840 1631 ipsaque
882 1548 1114 1613 veritas
1148 1548 1490 1625 illimitata‚
1525 1558 1587 1612 et
1619 1550 1829 1631 ipsum

329 1666 472 1710 csse
530 1648 820 1730 plenum,
885 1646 1266 1729 perfectum,
1322 1647 1825 1725 interminatum,

329 1755 585 1809 constat
633 1746 805 1829 qnod
859 1747 942 1807 sit
990 1745 1268 1808 infinitae
1316 1745 1832 1826 cognoscibilite-

1941 774 2155 847 posset
2198 766 2441 847 aliquid
2489 785 2883 848 permanere,
2919 767 3042 829 nisi
3088 778 3156 830 tu
3199 769 3429 832 voluis-

1941 866 2086 924 ses?
2135 872 2245 925 aut
2292 865 2464 945 quod
2514 884 2551 926 a
2599 872 2659 928 te
2712 874 3003 929 vocatum
3056 884 3182 929 non
3235 877 3423 945 esset,

1940 966 2467 1024 conservaretur?
2510 962 2688 1025 Unde
2738 963 2943 1045 primo
2987 964 3205 1027 'rimaei
3252 966 3426 1029 Plato

1941 1059 2189 1122 inducit
2218 1080 2537 1122 summum
2563 1062 2782 1139 Deum,
2805 1080 2994 1142 quem
3025 1071 3267 1144 patrem
3299 1065 3429 1145 opi·

1943 1156 2261 1240 ficemque
2299 1160 2599 1242 appellat,
2647 1161 3015 1242 loquentem
3051 1178 3065 1222 2
3104 1160 3153 1224 Ο
3194 1162 3284 1225 dii
3321 1163 3429 1225 de-

1941 1276 2147 1336 orum,
2189 1266 2413 1321 natura
2456 1260 2717 1340 quidem
2768 1260 3239 1341 corruptibileS,
3288 1280 3429 1323 mea

1941 1365 2152 1419 autem
2185 1357 2511 1421 voluntate
2542 1357 3095 1440 incorruptibiles!
3133 1358 3429 1423 Aristote-

1942 1454 2034 1517 les
2078 1473 2335 1537 quoque
2370 1473 2383 1517 ε
2418 1456 2513 1517 Ab
2553 1457 2694 1533 hoc,
2739 1456 2972 1537 inquit,
3016 1465 3161 1519 ente
3199 1458 3430 1539 depen-

1942 1554 2095 1616 dent
2137 1554 2370 1617 coelum
2414 1561 2477 1617 et
2522 1562 2707 1630 terra,
2750 1563 2813 1617 et
2855 1562 2983 1617 tota
3024 1564 3252 1617 natura
3294 1556 3432 1617 uni-

1944 1651 2133 1714 versi.
2172 1656 2275 1713 Vel
2304 1655 2378 1712 in
2411 1674 2620 1713 unum
2646 1656 3092 1723 coarctaverit,
3116 1653 3179 1716 id
3210 1661 3326 1731 est,
3350 1654 3430 1716 ad

1943 1746 2283 1812 confusum
2317 1767 2430 1811 seu
2460 1748 2891 1811 inordinatum
2926 1748 3115 1811 chaos
3144 1768 3218 1812 ea
3249 1750 3433 1812 redu-

334 1846 415 1907 tis
451 1863 468 1907 :
505 1846 651 1909 ideo
702 1864 830 1909 non
881 1844 1008 1907 nisi
1055 1843 1136 1906 ab
1181 1845 1510 1908 intellectu
1553 1844 1829 1908 infinitae
1868 1848 1914 1909 B
1943 1848 2104 1910 xerit
2147 1864 2162 1907 :
2206 1856 2396 1929 prout
2430 1847 2632 1928 aliqui
2670 1855 2997 1930 exponunt
3037 1848 3430 1930 principium

331 1944 728 2026 capacitatiS,
778 1942 1282 2027 perspicacitatis
1330 1962 1445 2006 seu
1493 1943 1832 2007 intellecti-

332 2042 576 2118 vitatis,
619 2050 829 2125 potest
865 2040 1150 2123 perfecte
1190 2061 1262 2103 ac
1305 2042 1832 2124 comprehensive

333 2142 638 2222 cognosci
669 2141 1022 2204 secundum
1051 2140 1222 2203 hunc
1253 2141 1535 2203 modum.

417 2242 753 2302 Eoecelsior
773 2243 924 2301 coelo
955 2249 1072 2309 est,
1101 2249 1160 2300 et
1189 2240 1352 2317 quid
1385 2242 1584 2318 facies
1615 2247 1834 2301 contra

335 2358 508 2415 eum,
560 2358 764 2419 quum
811 2337 1079 2421 coeperit
1127 2346 1187 2400 te
1234 2338 1386 2417 (nisi
1431 2338 1836 2419 poenitueris)

335 2438 802 2502 condemnare?
818 2438 1236 2515 Profundz'or
1259 2439 1548 2516 infer-720,
1574 2447 1633 2497 ec
1663 2440 1836 2497 unde

335 2538 720 2613 coquosces?
770 2535 833 2597 id
881 2544 1000 2611 est,
1051 2554 1127 2597 ex
1180 2553 1307 2615 qua
1353 2542 1642 2597 creatura
1690 2553 1832 2597 eum

337 2634 625 2716 perfecte
655 2632 971 2715 reperies?
1003 2636 1290 2710 Lonyior
1331 2643 1504 2693 terra
1535 2654 1836 2693 mensura

336 2738 505 2813 ejus,
537 2744 598 2796 ec
641 2736 838 2794 lacior
874 2735 1069 2794 mari.
1105 2732 1213 2794 His
1254 2732 1468 2795 verbis
1512 2732 1839 2794 immensi-

341 2842 530 2897 tatem
575 2831 928 2914 majestatis
969 2832 1206 2894 divinae
1247 2838 1308 2893 et
1355 2830 1841 2913 incomprehen-

341 2932 716 2993 sibilitatem
757 2930 867 2993 Dei
909 2929 1341 3011 metaphorice
1385 2929 1504 2991 sub
1547 2948 1840 3011 corpora-

1941 1945 2201 2008 Genesis
2239 1946 2318 2007 de
2356 1945 2578 2008 mundi
2620 1946 2961 2023 creatione,
3008 1946 3177 2027 quod
3224 1946 3432 2028 primo

1942 2043 2155 2106 omnia
2203 2042 2558 2125 corporalia
2614 2042 2869 2106 fuerunt
2926 2044 3429 2123 indeterminata,

1942 2150 2162 2224 postea
2182 2161 2296 2225 per
2314 2142 2650 2206 intervalla
2668 2142 2915 2205 dierum
2935 2142 3262 2218 distincta3
3285 2146 3433 2223 quis

1942 2244 2333 2302 contradicet
2371 2243 2483 2300 ei?
2533 2240 2596 2303 id
2640 2249 2756 2316 est,
2812 2240 3027 2303 nullus
3075 2240 3433 2305 efficaciter

1945 2340 2377 2403 contradicere
2419 2339 2673 2421 poterit,
2722 2340 2873 2420 quia
2915 2348 2975 2402 et
3019 2340 3435 2402 contradicto·

1947 2456 2080 2499 rem
2134 2438 2296 2499 Deus
2348 2437 2416 2498 in
2464 2437 2727 2499 instanti
2784 2437 3143 2499 annihilare
3194 2444 3430 2519 posset.

1947 2536 2104 2597 Hinc
2134 2535 2399 2617 Sapiens
2430 2534 2587 2597 dicit
2616 2536 2739 2598 Deo
2774 2553 2787 2596 :
2823 2535 2973 2609 Quis
3005 2535 3124 2598 tibi
3162 2536 3435 2616 imputa·
3466 2558 3725 2606 marsana.

1949 2634 2063 2710 bit,
2101 2633 2153 2695 si
2196 2634 2503 2715 perierint
2542 2633 2832 2697 nationes
2870 2653 3027 2714 quas
3074 2642 3141 2695 tu
3182 2632 3435 2697 fecisti?

1957 2735 2062 2795 Vel
2089 2735 2236 2813 quis
2265 2734 2477 2792 dicere
2505 2734 2567 2791 ei
2587 2742 2791 2809 potest
2813 2753 2836 2791 .·
2860 2735 2989 2792 Cur
3020 2734 3113 2791 ita
3134 2734 3343 2811 facis?
3373 2730 3437 2792 id

1948 2839 2066 2906 est,
2114 2830 2329 2891 nullus
2378 2830 2845 2912 reprehendere
2898 2837 3106 2911 potest
3152 2848 3312 2911 opus
3356 2829 3443 2910 ip-

1950 2928 2325 3002 siuS.Quum
2357 2929 2530 2990 enim
2559 2930 2722 2991 Deus
2753 2928 2837 2990 sit
2867 2926 3445 3009 omnipotenS‚nul-

343 3030 500 3091 lium
543 3048 760 3092 rernm
802 3026 1172 3091 nominibus
1219 3028 1429 3089 innuit
1473 3036 1535 3090 et
1580 3029 1834 3089 fatetur.
1866 3030 1912 3094 C
1953 3028 2051 3089 lus
2080 3026 2140 3089 ei
2175 3026 2343 3089 valet
2372 3026 2710 3099 resistere;
2754 3044 2954 3107 quum
2984 3026 3067 3087 sit
3096 3024 3447 3088 essentiali·

343 3127 580 3191 idcirco
629 3128 752 3189 ista
801 3126 1217 3205 intelligenda
1265 3143 1394 3187 non
1439 3133 1608 3201 sunt,
1655 3126 1837 3207 quasi

343 3227 408 3289 in
439 3228 570 3290 Deo
607 3226 693 3288 sit
733 3225 950 3307 aliqua
988 3223 1337 3305 corporalis
1375 3223 1692 3286 dimensio
1729 3232 1839 3286 aut

343 3324 770 3406 quantitativa
798 3323 1106 3398 extensiO,
1142 3322 1241 3385 vel
1275 3321 1623 3383 materialis
1664 3341 1840 3385 men-

345 3442 732 3505 sura‚qunm
756 3423 920 3484 Dens
953 3420 1460 3503 supergloriosus
1492 3428 1554 3483 et
1584 3430 1839 3484 sanctus

347 3523 426 3584 sit
458 3519 1176 3603 supersimplicissimus
1223 3518 1513 3599 spiritus,
1558 3520 1840 3581 mundis-

347 3621 508 3682 sima
563 3638 771 3695 menS,
825 3618 1107 3700 primum
1167 3625 1230 3679 et
1286 3616 1837 3697 simplicissimum

349 3737 506 3781 esse.
557 3717 680 3781 Sed
729 3735 844 3799 per
890 3714 1192 3797 praedicta
1241 3714 1625 3791 insinuatur,
1669 3716 1840 3797 quod

351 3817 470 3879 Deo
529 3814 873 3878 conveniat
919 3812 1442 3894 incomparabilis
1502 3813 1837 3891 celsitudo,

351 3914 756 3996 omnipotens
795 3912 1024 3988 virtuS,
1067 3909 1549 3992 spiritualisque
1599 3911 1844 3990 magni-

352 4014 497 4078 tudo
527 4012 670 4075 sine
700 4010 1019 4073 limitante
1047 4028 1369 4071 mensura.
1389 4009 1652 4091 Propter
1672 4010 1843 4091 quod

351 4113 428 4174 ab
469 4110 734 4174 homine
778 4108 1062 4192 perfecte
1102 4106 1398 4185 cognosci
1441 4125 1569 4169 non
1610 4116 1840 4189 potest,

1955 3136 2048 3189 ter
2083 3126 2221 3207 ipsa
2262 3124 2599 3207 sapientia,
2637 3143 2847 3187 errare
2892 3143 3020 3188 non
3062 3132 3290 3207 potest,
3328 3142 3445 3186 nec

1951 3223 2297 3300 emendari,
2331 3222 2647 3305 increpari
2680 3242 2793 3285 seu
2820 3223 3055 3303 corrigi
3083 3246 3097 3298 3
3132 3242 3333 3303 quum
3364 3223 3449 3283 sit

1952 3321 2453 3384 substantialiter
2490 3321 2691 3383 virtus
2730 3328 2793 3383 et
2822 3320 3146 3396 sanctitaS,
3184 3321 3323 3402 ipse
3352 3328 3449 3383 est

1953 3420 2343 3503 principium
2386 3427 2449 3483 et
2492 3438 2790 3483 mensura
2828 3419 3035 3481 omnis
3081 3418 3339 3481 virtutis
3384 3426 3447 3481 ct

1952 3518 2327 3582 sanctitatis.
2360 3518 2503 3581 Ideo
2532 3536 2607 3580 eo
2640 3517 2777 3599 ipso
2808 3535 2934 3598 quo
2976 3518 3115 3599 ipse
3153 3516 3309 3598 quid
3354 3516 3445 3578 fa-

1952 3618 2059 3693 cit,
2095 3617 2383 3699 sequitur
2429 3616 2601 3697 quod
2646 3614 2805 3676 illud
2851 3616 2935 3677 sit
2977 3613 3143 3677 bene
3184 3623 3247 3677 et
3290 3615 3443 3677 irre-

1954 3714 2471 3798 prehensibiliter
2513 3713 2774 3776 factum.
2820 3713 2997 3775 Unde
3040 3713 3228 3775 isaias
3273 3731 3443 3775 asse·

1957 3814 2039 3875 rit
2073 3831 2086 3875 :
2123 3814 2229 3877 Vae
2257 3813 2369 3895 qui
2400 3811 2775 3875 contradicit
2804 3810 3030 3873 factori
3061 3830 3198 3873 suo.

2035 3916 2179 3989 Ipse
2206 3914 2381 3971 enim
2408 3913 2589 3971 novit
2620 3911 2958 3969 hominum
2986 3911 3359 3979 vanitatem,
3376 3908 3440 3970 id

1956 4018 2052 4073 est
2081 4010 2249 4073 facta
2278 4010 2516 4087 inania,
2549 4028 2663 4091 per
2690 4026 2831 4089 quae
2862 4027 2899 4069 a
2930 4025 3077 4073 vero
3105 4026 3178 4070 ac
3208 4007 3440 4071 ultimo

1955 4107 2261 4171 beatifico
2304 4107 2439 4171 fine
2478 4107 2939 4189 impediuntur.
2983 4106 3243 4168 Vanitas
3288 4124 3446 4186 quo·

3495 3840 3555 3883 1⁸.
3567 3852 3661 3889 xcv,
3676 3840 3717 3881 9.

357 4212 458 4273 sed
486 4209 742 4274 cunctis
773 4206 1032 4270 infinite
1063 4205 1451 4288 praeeminet,
1475 4225 1592 4269 nec
1622 4207 1846 4269 mundi
1877 4214 1925 4275 D
1956 4227 2083 4289 que
2132 4207 2451 4269 interdum
2499 4204 2832 4287 accipitur,
2886 4222 3013 4267 non
3068 4222 3183 4286 pro
3229 4204 3440 4286 culpa,

359 4310 543 4392 hujus
589 4306 1143 4373 circumscribitur
1195 4313 1303 4367 aut
1354 4304 1584 4367 finitur
1629 4306 1851 4368 limiti-

361 4409 496 4472 bus.
527 4408 798 4470 Possent
826 4414 1036 4467 autem
1069 4422 1183 4486 per
1213 4403 1470 4479 coelum,
1494 4402 1846 4481 infernum,

363 4516 589 4570 terram
610 4513 677 4568 et
695 4522 887 4579 mare,
903 4510 1205 4567 contenta
1235 4500 1301 4563 in
1332 4501 1425 4563 eis
1457 4501 1748 4583 intelligi.
1766 4503 1850 4566 De

139 4630 216 4673 10⁶
233 4636 339 4683 ’,ῃ
361 4604 685 4667 infinitate
722 4622 874 4667 vero
913 4602 1023 4665 Dei
1063 4610 1128 4665 et
1165 4600 1590 4681 intelligentia
1624 4602 1852 4665 verbo-

99 4694 342 4798 }ss‘ss‘*
361 4724 495 4767 rum
528 4705 821 4779 istorum,
841 4702 1044 4764 multa
1073 4700 1368 4782 superius
1399 4700 1569 4761 dicta
1597 4709 1767 4763 sunt.

436 4806 514 4865 Si
539 4802 927 4865 subverterit
955 4801 1200 4871 omnia,
1226 4798 1286 4861 id
1319 4806 1437 4875 est,
1461 4799 1539 4860 ad
1569 4798 1844 4861 nihilum

365 4902 694 4983 redegerit,
743 4900 911 4963 sicut
955 4917 1032 4962 ex
1075 4896 1279 4961 nihilo
1322 4916 1397 4960 ea
1443 4895 1596 4960 fecit
1629 4914 1642 4959 :
1676 4898 1848 4979 quod

365 5000 576 5081 utique
615 5008 832 5082 posset
877 4997 1227 5061 secundum
1271 4995 1627 5059 absolutam
1669 5016 1847 5059 suam

367 5098 732 5179 potentiam,
779 5116 892 5179 per
930 5096 1130 5159 solam
1175 5113 1306 5157 suae
1347 5094 1848 5157 conservationis

369 5196 880 5260 subtractionem.
904 5193 1132 5257 Omnia
1159 5193 1333 5255 enim
1365 5193 1758 5255 incessanter
1787 5202 1850 5257 et

371 5295 634 5359 maxime
673 5294 756 5357 ab
795 5294 936 5377 ipso
964 5292 1348 5375 dependent.
1381 5291 1641 5372 Propter
1671 5294 1843 5373 quod

1960 4308 2068 4369 sed
2099 4325 2213 4388 pro
2244 4306 2519 4387 quadam
2556 4303 2837 4385 generali
2877 4302 3264 4380 conditione,
3301 4320 3451 4365 con-

1958 4405 2302 4468 comitante
2330 4411 2685 4466 creaturam
2715 4420 2828 4464 seu
2856 4420 2997 4463 esse
3036 4410 3341 4477 creatum,
3384 4400 3449 4462 in

1961 4510 2272 4584 quantum
2318 4520 2393 4563 ex
2440 4500 2645 4563 nihilo
2700 4508 2817 4562 est.
2870 4498 2972 4562 Sic
3020 4500 3193 4562 enim
3258 4518 3333 4562 ex
3383 4517 3452 4560 se

1959 4600 2265 4683 competit
2304 4600 2362 4663 ei
2405 4598 2667 4681 quidam
2710 4596 2999 4660 defectus
3039 4617 3076 4660 a
3113 4612 3285 4675 vero,
3328 4606 3452 4659 sta-

1961 4700 2078 4762 bili
2132 4707 2197 4763 et
2254 4696 2761 4761 incommutabili
2820 4714 2981 4775 esse,
3038 4695 3151 4777 qui
3200 4694 3448 4758 vanitas

1959 4799 2216 4862 dicitur.
2248 4798 2424 4861 Unde
2463 4797 2531 4858 in
2568 4794 2953 4859 Ecclesiaste
2986 4794 3255 4857 habetur
3293 4811 3306 4855 :
3338 4794 3452 4857 Va·
3498 4822 3740 4873 coctana.

1961 4897 2125 4959 nitas
2154 4896 2528 4973 vanitatum,
2552 4894 2712 4957 dixit
2740 4893 3175 4969 Ecclesiaste8‚
3196 4891 3448 4957 vanitas

1960 4992 2332 5072 vanitatum,
2357 5003 2421 5057 et
2450 4992 2665 5055 omnia
2696 4992 2957 5057 vanitas,
2980 4992 3056 5052 Et
3075 4990 3404 5053 psalmista
3432 5006 3445 5051 :

1959 5094 2409 5157 Verumtamen
2453 5091 2749 5154 universa
2788 5089 3034 5152 vanitas
3073 5089 3283 5152 omnis
3332 5088 3449 5151 ho·
3490 5118 3745 5168 annm,

1959 5211 2063 5256 mo
2109 5192 2353 5255 vivens,
2396 5190 2609 5265 Porro,
2654 5189 2735 5250 de
2781 5186 3059 5250 vanitate
3104 5186 3445 5268 culpabili,
3480 5184 3520 5225 ⁶·

1958 5312 2100 5374 quae
2135 5297 2233 5354 est
2266 5288 2663 5353 inordinatus
2693 5304 2976 5349 recessus
3016 5286 3096 5349 ab
3134 5287 3439 5369 aequitate
