4309 6259
1698 525 1885 572 11*an
1924 525 2261 572 mutuus

428 697 728 755 Articulus
765 698 829 753 X.
876 696 1173 769 Expositio
1219 695 1458 768 capituli
1506 695 1717 752 decimi
1766 714 1778 751 :

500 787 799 845 Profectus
826 791 914 844 est
932 789 1129 844 autem
1156 787 1413 842 Roboam
1444 787 1501 842 in
1524 785 1779 842 Sichem.
1820 787 1927 840 210

428 878 727 934 Articulus
747 878 835 932 XI.
860 876 1156 949 Expositio
1184 877 1421 948 capituli
1455 876 1780 932 undecimi:

497 968 669 1023 Venit
698 970 895 1023 autem
927 967 1185 1022 Roboam
1216 966 1277 1021 in
1308 965 1626 1021 Jerusalem
1674 1008 1686 1019 .
1768 1007 1780 1018 .
1821 965 1922 1019 211

426 1056 725 1112 Articulus
758 1057 877 1112 XII.
918 1055 1242 1111 Elucidatio
1288 1054 1525 1126 capituli
1568 1055 1784 1109 duodo·

498 1146 637 1200 nimi
675 1164 687 1201 :
734 1147 1044 1216 Quumque
1084 1145 1425 1200 roboratum
1464 1143 1667 1200 suisset
1700 1159 1787 1198 rc-

502 1252 686 1308 gnum
717 1236 976 1291 Roboam
1020 1273 1784 1290 .........
1826 1233 1931 1287 212

430 1326 729 1383 Articulus
764 1326 907 1381 XIII.
948 1324 1293 1397 Explanatio
1330 1325 1567 1396 capituli
1608 1323 1789 1380 tertii-

505 1415 766 1472 decimi:
801 1417 971 1470 Anno
1020 1413 1453 1470 octavodecimo
1498 1414 1655 1486 regis
1700 1415 1788 1470 Je-

504 1507 745 1561 roboam
836 1545 1783 1558 ...........
1825 1502 1931 1557 213

432 1594 728 1650 Articulus
774 1593 912 1648 XIV.
956 1590 1251 1663 Expositio
1289 1591 1526 1663 capituli
1567 1590 1786 1662 quarti-

502 1683 714 1740 decimi
750 1700 763 1738 :
798 1681 1081 1738 Dormivit
1110 1683 1303 1737 autem
1336 1681 1481 1736 Abia
1518 1697 1652 1736 cum
1686 1697 1784 1752 pa-

499 1773 687 1829 tribus
724 1771 845 1828 suis
922 1813 1779 1826 ..........
1822 1771 1927 1824 218

428 1863 725 1919 Articulus
763 1863 876 1916 XV.
918 1861 1242 1917 Declaratio
1290 1860 1528 1932 capituli
1567 1859 1782 1931 quinti-

499 1951 711 2008 decimi
747 1967 761 2005 t
792 1951 1027 2007 Azarias
1065 1954 1261 2006 autem
1303 1949 1459 2004 filius
1490 1949 1669 2011 Oded,
1704 1947 1783 2004 fa·

500 2044 591 2096 cto
620 2040 679 2095 in
711 2058 770 2097 se
797 2040 1007 2112 spiritu
1028 2040 1125 2095 Dei
1205 2080 1779 2094 .......
1821 2038 1929 2093 220

430 2130 726 2186 Articulus
754 2130 892 2184 XVI.
924 2128 1219 2200 Expositio
1258 2127 1496 2199 capituli
1536 2125 1784 2182 sextidc-

504 2220 643 2275 cimi
676 2236 690 2274 t
724 2221 893 2274 Anno
932 2221 1127 2274 autem
1168 2217 1465 2273 tricesimo
1506 2221 1667 2272 sexto
1698 2233 1784 2271 re-

506 2309 605 2382 gni
632 2309 775 2380 ejus,
807 2307 1069 2364 ascendit
1096 2309 1283 2363 Baasa
1304 2347 1781 2361 ......
1822 2305 1929 2360 223

432 2399 727 2456 Articulus
770 2398 935 2452 XVII.
982 2397 1276 2468 Expositio
1325 2395 1563 2468 capituli
1611 2395 1785 2467 septi-

506 2486 807 2544 midecimi
858 2504 870 2542 ε
921 2486 1202 2558 Regnavit
1258 2489 1453 2542 autem
1512 2485 1787 2556 Josaphat

500 2573 655 2628 lilius
693 2572 819 2644 ejus
860 2587 964 2643 pro
1002 2587 1070 2628 eo
1113 2611 1781 2626 ........
1823 2571 1930 2624 225

425 2661 720 2718 Articulus
749 2661 941 2716 XVIII.
974 2659 1269 2732 Expositio
1300 2658 1537 2730 capituli
1570 2658 1783 2714 octavi-

495 2750 708 2807 decimi
752 2767 765 2805 ε
806 2749 939 2806 Fuit
988 2748 1167 2821 igitur
1206 2749 1483 2820 Josaphat
1530 2747 1689 2804 dives
1727 2751 1783 2802 et

496 2841 749 2912 inclytus
780 2839 1038 2896 multum
1109 2879 1778 2893 ........
1821 2835 1927 2890 227

425 2929 721 2987 Articulus
750 2930 888 2984 XIX.
932 2927 1226 3000 Expositio
1269 2926 1509 2999 capituli
1541 2925 1783 2982 nonide-

500 3018 637 3075 cimi
673 3036 686 3074 ε
719 3020 1001 3075 Reversus
1030 3020 1117 3074 est
1150 3020 1345 3073 autem
1378 3016 1655 3087 Josaphat
1681 3030 1783 3070 rex

498 3110 649 3164 Juda
680 3107 739 3162 in
773 3109 1019 3163 domum
1050 3123 1217 3162 suam
1256 3104 1491 3178 pacifice
1533 3105 1591 3159 in
1622 3105 1783 3160 Jeru-

502 3197 683 3254 salem
736 3236 1779 3252 ............
1821 3193 1927 3247 228

432 3286 727 3343 Articulus
769 3286 880 3340 XX.
927 3283 1250 3340 Elucidatio
1299 3283 1534 3354 capituli
1582 3282 1784 3339 vicesi-

504 3374 587 3430 mi
612 3375 784 3430 :Post
809 3375 937 3430 haec
956 3372 1291 3444 congregati
1323 3375 1461 3428 sunt
1491 3371 1593 3427 lilii
1619 3372 1783 3428 Moab

502 3468 560 3521 et
590 3464 694 3519 filii
726 3465 981 3518 Ammon
1014 3503 1778 3517 .........
1821 3462 1923 3516 231

430 3554 725 3611 Articulus
754 3553 891 3607 XXI.
925 3549 1219 3623 Expositio
1252 3549 1493 3622 capituli
1518 3549 1781 3606 vicesimi

501 3641 677 3715 primi
710 3657 723 3696 τ
766 3639 1051 3697 Dormivit
1086 3643 1283 3698 autem
1334 3639 1608 3711 Josaphat
1645 3655 1780 3695 cum

502 3731 765 3804 patribus
798 3729 919 3787 suis
926 3769 1779 3785 ..........
1821 3729 1927 3784 235

428 3819 725 3878 Articulus
762 3819 925 3874 XXII.
968 3817 1264 3890 Expositio
1302 3817 1541 3890 capituli
1579 3817 1783 3874 vicesi-

502 3909 583 3965 mi
615 3907 855 3965 secundi
882 3925 895 3963 z
924 3907 1362 3964 constituerunt
1392 3911 1589 3964 autem
1622 3906 1783 3963 hahi-

501 4003 717 4056 tatores
744 3996 1064 4054 Jerusalem
1088 3995 1416 4061 Ochoziam‚
1444 3997 1633 4053 fllium
1656 3997 1784 4070 ejus

504 4087 843 4150 minimum,
876 4103 1073 4158 regem
1106 4103 1211 4158 pro
1248 4103 1315 4142 eo
1394 4129 1780 4142 .....
1821 4088 1927 4142 237

432 4176 729 4233 Articulus
756 4177 946 4231 XXIII.
980 4175 1275 4247 Expositio
1314 4174 1553 4246 capituli
1582 4175 1784 4232 vicesi-

506 4265 587 4320 mi
622 4265 777 4322 tertii
807 4283 820 4320 ε
852 4267 1021 4320 Anno
1050 4267 1246 4320 autem
1278 4264 1527 4336 septimo
1558 4263 1783 4320 confor-

505 4358 659 4412 tatus
687 4353 906 4418 Joiada,
938 4353 1257 4426 assumpsit
1285 4352 1673 4410 centuriones,
1768 4397 1780 4409 .
1820 4355 1927 4411 238

433 4444 728 4501 Articulus
760 4443 945 4498 XXIV.
973 4442 1269 4514 Expositio
1308 4442 1543 4515 capituli
1582 4443 1783 4500 vicesi-

504 4533 585 4589 mi
625 4531 817 4604 quarti
847 4548 861 4588 :
898 4532 1129 4603 Septem
1170 4548 1463 4588 annorum
1502 4535 1627 4588 erat
1654 4533 1785 4589 Joas

501 4639 687 4696 quum
717 4637 963 4694 regnare
994 4621 1261 4694 coepisset
1302 4663 1779 4677 ......
1820 4623 1928 4678 240

427 4712 725 4769 Articulus
755 4713 913 4766 XXV.
957 4711 1281 4767 Declaratio
1314 4709 1552 4781 capituli
1590 4710 1785 4766 vicesi-

500 4801 583 4856 mi
634 4800 823 4873 quinti
876 4817 890 4856 ε
941 4799 1223 4872 Regnavit
1270 4802 1469 4856 autem
1516 4799 1783 4855 Amasias

499 4889 655 4946 filius
684 4889 809 4962 ejus
840 4906 943 4960 pro
972 4905 1041 4945 eo
1116 4929 1778 4942 ........
1821 4890 1925 4945 243

427 4978 716 5036 Articulus
754 4979 941 5034 XXVI.
972 4977 1318 5050 Explanatio
1357 4976 1595 5048 capituli
1634 4976 1783 5032 vice-

499 5068 635 5124 simi
674 5067 815 5124 sexti
851 5085 865 5122 :
902 5067 1107 5122 Omnis
1155 5069 1349 5122 autem
1398 5064 1649 5137 populus
1686 5067 1783 5121 Ju-

502 5159 579 5214 da
626 5155 813 5212 lilium
864 5156 991 5228 ejus
1034 5156 1229 5212 Oziam
1278 5171 1571 5212 annorum
1621 5156 1782 5210 sede-

504 5246 643 5312 cim,
662 5245 964 5302 constituit
990 5261 1189 5318 regem
1220 5261 1325 5317 pro
1354 5243 1593 5300 Amasia
1620 5247 1782 5314 patre

504 5351 611 5393 suo
637 5373 1775 5390 .............
1816 5333 1925 5389 246

3409 511 3527 575 747

2036 696 2332 752 Arti'culus
2350 699 2562 752 XXVII.
2595 698 2888 770 Expositio
2919 699 3155 770 capituli
3186 697 3386 756 vicesi-

2108 785 2190 839 mi
2230 786 2460 858 septimi
2496 805 2508 842 :
2541 787 2756 860 Viginti
2797 787 3054 860 quiaque
3091 804 3383 844 annorum

2106 879 2232 930 erat
2275 876 2518 931 Joathan
2578 894 2761 948 quum
2808 893 3052 949 regnare
3097 878 3382 949 coepisset.
3421 877 3530 934 248

2036 964 2332 1019 Articulus
2358 966 2595 1021 XXVIII.
2625 967 2920 1038 Expositio
2959 968 3195 1040 capituli
3233 967 3386 1024 vice-

2110 1053 2244 1108 simi
2313 1054 2495 1110 octavi
2557 1073 2570 1111 z
2629 1056 2844 1128 Viginti
2909 1073 3199 1114 annorum
3263 1062 3387 1114 crat

2110 1143 2298 1198 Achaz
2345 1162 2529 1216 quum
2577 1163 2823 1217 regnare
2871 1147 3138 1218 coepisset
3185 1188 3198 1202 .
3278 1190 3290 1202 .
3369 1190 3380 1200 .
3421 1147 3530 1202 248

2038 1232 2338 1288 Articulus
2369 1235 2554 1289 XXIX.
2599 1236 2901 1307 Expositio
2937 1237 3174 1309 capituli
3219 1237 3372 1293 vice·

2111 1320 2245 1376 simi
2307 1323 2445 1378 noni
2507 1342 2519 1378 :
2580 1325 2764 1396 Igitur
2818 1325 3086 1382 Ezechias
3141 1343 3385 1399 regnare

2110 1411 2282 1482 coepit
2331 1451 3381 1470 ............
3423 1417 3524 1472 251

2037 1498 2333 1557 Articulus
2363 1503 2520 1557 XXX.
2551 1503 2875 1560 Elucidatio
2905 1504 3142 1576 capituli
3173 1505 3389 1561 tricesi-

2110 1587 2192 1642 mi
2226 1606 2238 1644 :
2271 1590 2424 1645 Misit
2462 1609 2691 1663 quoque
2727 1593 2996 1650 Ezechias
3034 1595 3108 1649 ad
3146 1610 3384 1651 omnem

2108 1677 2282 1734 Israel
2313 1683 2370 1735 et
2397 1681 2626 1736 Iudam.
2717 1725 3381 1738 ........
3422 1686 3530 1740 255

2034 1767 2332 1824 Articulus
2361 1770 2545 1825 XXXI.
2589 1771 2905 1828 Declaratio
2944 1772 3182 1844 capituli
3218 1773 3386 1830 trice-

2108 1855 2244 1911 simi
2277 1859 2489 1928 primi:
2519 1861 2828 1933 Quumque
2857 1863 2982 1917 haec
3007 1861 3252 1919 fuissent
3279 1864 3386 1920 rite

2108 1946 2397 2003 celebrata
2439 1991 3380 2007 ...........
3423 1955 3530 2009 258

2036 2034 2332 2091 Articulus
2363 2039 2574 2093 XXXII.
2621 2040 2963 2110 Explanatio
3007 2041 3244 2113 capituli
3285 2043 3387 2098 tri-

2107 2124 2308 2179 cesimi
2347 2128 2586 2183 secundi
2621 2145 2635 2183 :
2677 2131 2810 2184 Post
2856 2146 2986 2201 quae
3023 2136 3080 2187 et
3120 2131 3388 2202 huiusce-

2110 2213 2270 2268 modi
2301 2215 2622 2282 veritatem,
2653 2217 2811 2274 venit
2839 2220 3235 2276 Sennacherib
3279 2262 3289 2273 .
3371 2263 3383 2274 .
3423 2221 3530 2276 260

2037 2301 2330 2358 Articulus
2359 2305 2596 2360 XXXIII.
2628 2307 2922 2378 Expositio
2953 2308 3188 2379 capituli
3217 2309 3388 2366 trice·

2108 2390 2242 2446 simi
2294 2393 2447 2448 tertii
2495 2412 2507 2449 z
2559 2395 2872 2451 Duodecim
2922 2412 3214 2452 annorum
3263 2401 3388 2454 crat

2106 2480 2398 2538 Manasses
2428 2501 2611 2554 quum
2641 2503 2884 2557 regnare
2925 2486 3206 2558 coepisset.
3277 2529 3289 2541 .
3370 2529 3382 2541 .
3423 2489 3530 2543 264

2038 2569 2332 2626 Articulus
2369 2573 2600 2627 XXXIV.
2635 2574 2954 2631 Declaratio
3000 2575 3238 2647 capituli
3285 2575 3384 2631 tri-

2108 2659 2312 2714 cesimi
2357 2662 2548 2733 quarti
2580 2679 2592 2716 :
2631 2664 2770 2719 Octo
2808 2681 3100 2721 annorum
3140 2668 3264 2722 crat
3293 2666 3384 2720 Jo-

2107 2747 2224 2803 sias
2255 2767 2436 2821 quum
2479 2769 2722 2824 regnare
2761 2754 3024 2826 coepisset
3088 2797 3098 2808 .
3179 2796 3190 2809 .
3275 2797 3286 2809 .
3367 2796 3378 2809 .
3421 2755 3528 2810 266

2036 2835 2332 2892 Articulus
2371 2841 2575 2895 XXXV.
2609 2842 2903 2914 Expositio
2941 2843 3178 2914 capituli
3217 2843 3386 2900 trice-

2108 2924 2245 2980 simi
2285 2927 2472 2998 quinti
2505 2931 2707 2986 :Fecit
2743 2937 2940 2988 autem
2980 2932 3161 2988 Josias
3201 2933 3256 2987 in
3297 2934 3385 2990 Je-

2108 3014 2364 3070 rusalem
2399 3017 2580 3073 Phase
2613 3020 2861 3076 Domino
2904 3063 3380 3077 ......
3421 3023 3530 3078 268

2035 3103 2332 3159 Articulus
2361 3107 2592 3161 XXXVI.
2635 3109 2958 3166 Elucidatio
3006 3111 3246 3182 capituli
3290 3111 3388 3166 tri-

2108 3193 2310 3250 cesimi
2350 3195 2494 3252 sexti
2529 3213 2542 3251 :
2573 3197 2725 3253 Tulit
2767 3216 2905 3271 ergo
2943 3201 3190 3273 populus
3219 3207 3388 3258 terrae

2106 3283 2350 3339 Joachaz
2389 3284 2576 3340 lilium
2615 3285 2785 3342 Josiae
2815 3331 3384 3344 .......
3421 3290 3528 3344 272

1998 3373 2332 3444 ‘Expositio
2381 3373 2662 3430 orationis
2709 3377 2989 3434 Manassae
3035 3380 3189 3450 regis
3239 3382 3387 3436 Juda

2107 3479 2292 3533 quum
2309 3479 2412 3534 per
2433 3463 2824 3535 captivitatem
2847 3466 3194 3526 humiliatus
3221 3473 3382 3526 esset
3422 3471 3530 3526 275

2337 3695 2686 3742 ENARRATIO
2731 3697 2794 3742 IN
2837 3698 3062 3744 Lmnuu
3101 3699 3229 3746 108.

2036 3905 2392 3962 Prooemium
2436 3948 3380 3964 ...........
3422 3913 3529 3968 289

2036 3994 2330 4050 Articulus
2360 3995 2400 4049 1.
2433 3996 2508 4051 De
2539 4012 2802 4066 persona,
2834 4000 3096 4067 tempore
3127 4002 3182 4052 et
3210 3998 3385 4070 origi-

2106 4099 2180 4138 ne
2227 4083 2410 4138 sancti
2460 4085 2600 4148 Job;
2641 4087 2698 4139 et
2735 4085 2865 4156 quis
2901 4085 2975 4141 sit
3013 4090 3214 4142 auctor
3251 4086 3383 4142 libri

2106 4171 2282 4244 hujus
2349 4213 3381 4230 ............
3421 4177 3528 4232 203

2036 4263 2332 4319 Articulus
2363 4262 2426 4316 ll.
2469 4263 2545 4317 De
2586 4262 2830 4319 materia
2867 4266 2924 4318 et
2961 4264 3278 4324 intentione
3317 4265 3384 4322 li·

2108 4353 2197 4409 bri
2232 4353 2434 4426 hujus:
2473 4355 2528 4408 et
2559 4368 2632 4407 an
2664 4353 2820 4423 quod
2853 4352 2912 4408 in
2943 4353 3090 4409 libro
3120 4355 3228 4410 isto
3260 4373 3387 4414 nar·

2106 4447 2288 4507 ratur,
2323 4441 2432 4498 suit
2469 4459 2561 4498 res
2601 4445 2779 4513 gesta,
2820 4443 2908 4498 vel
2947 4446 3177 4500 tantum
3218 4462 3384 4517 para·

2106 4533 2258 4588 bola.
2347 4574 3380 4590 ............
3421 4537 3528 4592 296

2034 4621 2330 4678 Articulus
2360 4621 2450 4675 III.
2495 4621 2570 4677 De
2611 4621 2962 4693 quibusdam
3009 4623 3385 4694 praeambulis

2106 4710 2492 4774 documentis,
2534 4727 2604 4767 ex
2647 4711 2837 4767 verbis
2875 4713 2931 4768 S.
2974 4713 3230 4785 Gregorii
3274 4757 3285 4768 .
3368 4757 3380 4768 .
3420 4715 3528 4770 298

2033 4799 2332 4856 Articulus
2361 4800 2448 4854 lv.
2481 4799 2775 4870 Expositio
2802 4800 3066 4856 litteralis
3085 4801 3260 4872 primi
3292 4819 3384 4859 ca·

2107 4888 2276 4961 pituli
2317 4889 2447 4944 libri
2487 4889 2590 4945 Job
2624 4907 2637 4944 :
2670 4889 2770 4945 Vir
2798 4893 2922 4947 erat
2959 4891 3016 4946 in
3058 4895 3215 4948 terra
3245 4893 3380 4958 Hus,

2108 4977 2346 5034 nomine
2375 4978 2478 5032 Job
2531 5020 3380 5037 ..........
3421 4983 3528 5040 300

2036 5067 2330 5123 Articulus
2350 5068 2413 5120 V.
2439 5066 2764 5122 Elucidatio
2786 5068 3096 5140 allegorica
3115 5070 3380 5143 ejusdem

2106 5156 2342 5228 capituli
2375 5156 2549 5227 primi
2621 5199 3378 5216 .........
3420 5163 3529 5219 318

2035 5245 2328 5301 Articulus
2373 5245 2463 5299 Vl.
2515 5245 2810 5316 Expositio
2864 5247 3226 5319 tropologica
3279 5267 3384 5307 seu

2106 5331 2346 5388 moralis
2383 5332 2646 5405 ejusdem
2692 5332 2930 5405 capituli
2977 5335 3190 5406 primi.
3271 5381 3283 5392 .
3365 5381 3377 5394 .
3417 5339 3526 5396 325
