4309 6259
109 1616 202 1658 Prot.
211 1629 298 1668 xxu,

127 2195 212 2239 lbid.
227 2212 296 2247 xm,

675 534 1023 580 ENARRATIO
1065 535 1128 580 m
1171 536 1307 581 CAP.
1355 536 1480 581 XXV
1521 534 1680 581 unm
1723 536 1974 582 SECUNDI
2016 538 2545 585 PARALIPOMENON.
2590 560 2672 568 —
2712 541 2853 585 ΛΒΤ.
2898 540 3025 585 XXV

3274 520 3393 583 245

326 708 572 785 spondit
599 707 678 775 ei,
703 705 990 767 Amasias
1033 706 1359 787 Prophetae
1395 724 1408 768 :
1446 709 1622 768 Num
1659 727 1798 767 con·
1827 707 1878 767 A
1911 712 2141 779 Israel,
2173 719 2230 767 et
2256 710 2435 786 faqit
2468 713 2533 769 in
2572 714 2985 771 tabernacula
3010 733 3151 773 sua.
3186 716 3393 775 Porro

323 806 606 864 sitiat-ius
633 806 804 881 reyis
833 806 937 863 es?
968 804 1151 885 quasi
1183 804 1370 881 dicat,
1396 805 1531 867 Non
1557 812 1799 886 spectat

324 904 394 964 ad
445 912 520 979 te,
562 920 824 982 arguere
871 922 994 965 me.
1041 905 1300 973 Quiesce
1347 923 1384 965 a
1431 913 1537 965 tua
1586 923 1798 985 'repre-

325 1002 634 1077 hensione,
679 1022 758 1061 ne
797 1004 1187 1078 interficiam
1233 1012 1309 1063 te.
1352 1003 1514 1065 Ecce
1561 1011 1796 1084 quanta

325 1099 624 1182 superbia,
661 1100 752 1161 ira
788 1109 852 1162 et
881 1099 1300 1181 impatientia.
1334 1103 1797 1181 Discedensque

325 1200 624 1277 Propheta
646 1197 726 1260 ab
749 1197 1172 1277 incorrigibili
1195 1208 1257 1261 et
1275 1198 1795 1275 obstinato,Scz·0,

324 1301 550 1377 inquit,
579 1301 750 1377 quod
775 1300 1152 1375 coqitaverit
1173 1301 1490 1359 Dominus
1517 1300 1798 1357 occidere

325 1408 393 1468 te,
423 1400 572 1476 quia
598 1399 814 1474 fecisti
850 1400 967 1457 hoc
995 1401 1266 1465 malum,
1290 1397 1440 1460 deos
1472 1395 1665 1459 falsos
1695 1415 1797 1460 co-

325 1496 518 1573 lendo,
549 1506 607 1557 et
637 1497 902 1577 insuper
942 1515 1069 1555 non
1108 1498 1491 1574 acquievisti
1529 1498 1796 1556 consilio

327 1616 466 1655 meo.
501 1594 660 1656 Hinc
687 1601 752 1655 et
781 1592 1078 1656 Salomon
1110 1593 1198 1655 ait
1230 1611 1243 1653 :
1279 1594 1428 1656 Viro
1468 1593 1579 1673 qui
1611 1594 1798 1656 corri-

325 1695 589 1775 pientem
638 1694 796 1755 dura
827 1691 1076 1755 cervice
1105 1692 1478 1767 contemnit,
1521 1692 1796 1773 repenti-

323 1812 430 1855 nus
477 1792 884 1874 superveniet
933 1791 1252 1853 interitus,
1303 1790 1480 1854 Unde
1523 1798 1789 1867 constat,

1910 810 2245 869 Amasiam
2297 829 2505 885 reqem
2542 814 2739 881 luda,
2778 814 2997 887 filium
3042 814 3211 879 Joas‚
3260 814 3397 889 filii

1905 909 2215 977 Joachaz,
2247 908 2310 969 id
2361 917 2456 970 est
2486 907 2789 985 Ochosiae,
2826 910 2936 990 qui
2974 910 3100 972 alio
3136 912 3395 974 nomine

1907 1006 2114 1067 dictus
2147 1013 2241 1068 est
2270 1005 2555 1082 Joachaz,
2580 1010 2745 1086 cepit
2762 1010 2909 1069 Joas
2938 1030 3056 1069 rem
3082 1011 3289 1071 Israel
3320 1013 3392 1071 in

1909 1106 2273 1164 Betlzsames
2301 1106 2479 1182 Juda‚
2515 1105 2578 1166 id
2610 1114 2706 1167 cst
2735 1106 2800 1167 in
2840 1106 3059 1188 praelio
3087 1108 3263 1189 juxta
3295 1127 3393 1169 ur-

1913 1202 2056 1265 bem
2091 1204 2266 1283 regni
2297 1205 2475 1281 Juda‚
2511 1205 2768 1268 nomine
2790 1206 3170 1284 BethsameS,
3196 1217 3254 1268 et
3283 1209 3393 1267 ad-

1905 1303 2101 1361 duxit
2129 1304 2198 1360 in
2227 1305 2581 1363 Jerusalem.
2602 1327 2629 1373 ,·
2654 1306 3100 1383 destruoeitque
3130 1326 3391 1365 murum

1905 1401 2072 1474 ejus,
2121 1399 2423 1463 videlicet
2471 1400 2649 1463 urbis
2697 1401 3067 1479 Jerusalem,
3121 1424 3161 1463 a
3199 1412 3393 1480 porta

1904 1500 2255 1575 Ephraim,
2289 1518 2430 1579 quae
2459 1499 2693 1561 dicitur
2732 1508 2912 1581 porta
2944 1498 3164 1577 ValliS‚
3196 1522 3393 1579 usque

1905 1599 1994 1655 ad
2014 1607 2275 1675 portam
2305 1600 2579 1675 Ari-quii,
2613 1601 3110 1678 quadringentis
3136 1601 3387 1665 cubitis.

1907 1699 2104 1757 Omne
2134 1716 2381 1773 qaoque
2408 1718 2647 1756 aurum
2678 1706 2735 1755 et
2764 1706 3126 1774 arpentum,
3158 1708 3216 1757 et
3245 1701 3396 1759 uni-

1906 1814 2086 1853 versa
2116 1816 2271 1853 vasa-
2302 1817 2444 1875 quoe
2474 1804 2795 1873 repererat
2835 1798 2907 1855 in
2946 1800 3131 1856 domo
3160 1799 3307 1866 Dei,
3335 1808 3393 1857 et

323 1912 496 1973 quam
529 1890 906 1955 detestabile
927 1890 1030 1967 sit,
1068 1889 1488 1972 increpationi
1528 1909 1655 1953 non
1695 1910 1796 1953 ac·
1832 1888 1878 1949 B
1905 1896 2084 1968 apud
2105 1894 2478 1963 obededom,
2501 1895 2572 1952 in
2608 1896 2922 1954 thesauris
2952 1897 3147 1955 etiam
3167 1897 3395 1955 domus

323 1990 653 2071 quiescere.
693 1989 1044 2052 Pessimum
1088 2008 1236 2052 vero
1277 1998 1393 2065 est,
1439 1988 1794 2070 increpanti

325 2088 650 2169 indignari,
703 2087 962 2164 minari,
1016 2088 1331 2150 resistere.
1387 2088 1531 2151 Ideo
1592 2088 1656 2148 in
1717 2088 1794 2148 li-

324 2189 425 2251 bro
463 2187 946 2251 Proverbiorum
992 2186 1300 2269 scriptum
1343 2196 1438 2250 est
1482 2205 1495 2249 :
1538 2188 1794 2267 Egestas

321 2298 376 2351 et
414 2286 763 2369 ignominia
809 2286 870 2349 ei
909 2286 1019 2367 qui
1065 2287 1301 2349 deserit
1345 2286 1790 2369 disciplinam3

322 2386 421 2467 qui
467 2393 678 2448 autem
717 2384 1072 2466 acquiescit
1117 2385 1429 2464 arguenti,
1474 2383 1798 2465 glorifica-

321 2484 499 2547 bitur.

392 2583 689 2664 Denique,
743 2582 912 2645 sicut
956 2581 1270 2664 Propheta
1316 2581 1436 2644 iste
1479 2581 1790 2663 praedixit,

321 2683 402 2745 sic
428 2682 691 2762 contigit
720 2680 1012 2757 Amasiae‚
1039 2688 1109 2742 ut
1137 2682 1202 2742 in
1233 2679 1367 2743 fine
1397 2680 1659 2762 capituli
1692 2680 1796 2742 hic

321 2782 624 2844 recitatur.
661 2784 880 2858 Iqitar
909 2782 1210 2841 Amasias
1255 2801 1372 2839 rem
1397 2783 1599 2849 Iuda,
1632 2781 1796 2839 inito

313 2883 566 2957 pessimo
589 2881 880 2949 consilio,
912 2879 1089 2938 misit
1118 2880 1206 2939 ad
1229 2882 1378 2939 Joas
1405 2880 1626 2954 filiu-m
1652 2880 1797 2937 Joa-

320 2980 462 3037 char.
493 2980 628 3056 filii
655 2981 847 3048 Jeltu,
887 2998 1098 3054 reqem
1126 2980 1357 3045 Israel,
1389 2978 1607 3036 dicens
1639 2997 1662 3036 .·
1697 2978 1798 3038 Ve-

1904 1994 2121 2067 reqiae,
2143 2012 2389 2052 necnon
2418 2002 2475 2051 et
2504 1994 2677 2069 filios
2706 1994 3024 2063 obsidum,
3056 1993 3120 2055 id
3160 2000 3255 2055 est
3292 1992 3397 2055 oh—

1905 2089 2274 2169 stagiorum‚
2310 2093 2577 2151 reduoeit
2607 2093 2673 2150 in
2706 2094 3105 2153 Samariam.
3142 2091 3269 2154 Hoc
3297 2110 3395 2154 so-

1907 2196 2035 2265 nat,
2074 2188 2257 2269 quasi
2306 2188 2372 2250 in
2421 2189 2767 2251 Jerusalem
2820 2187 3094 2253 fuissent
3140 2188 3392 2253 obsides

1905 2306 1982 2349 ex
2011 2306 2205 2367 regno
2234 2288 2445 2363 lsrael,
2482 2296 2541 2350 et
2564 2288 2711 2351 illos
2740 2288 2882 2351 Joas
2920 2288 3159 2351 eruerit
3194 2308 3267 2351 ac
3307 2308 3395 2352 sc-

1905 2406 2048 2449 cum
2082 2387 2403 2449 reduxerit
2438 2404 2452 2447 :
2489 2388 2659 2467 quod
2692 2394 2753 2449 et
2779 2386 2982 2468 aliqui
3012 2387 3254 2465 dicunt,
3286 2388 3397 2450 ad-

1905 2484 2223 2566 jicienteS,
2267 2485 2435 2565 quod
2486 2484 2611 2546 filii
2662 2484 2955 2548 obsidum
3004 2485 3111 2566 (de
3159 2484 3393 2566 quibus

1907 2602 2076 2645 nunc
2106 2590 2203 2645 est
2232 2585 2467 2663 sermo)
2495 2592 2675 2646 erant
2715 2582 2840 2645 filii
2880 2584 3244 2666 principum
3284 2584 3391 2647 de-

1907 2689 2225 2745 tentorum
2277 2682 2342 2744 in
2392 2682 2643 2745 obsides
2684 2682 2767 2745 ab
2815 2683 3087 2745 Amasia.
3132 2681 3254 2744 Alii
3303 2682 3399 2745 di·-

1905 2790 2072 2857 cunt,
2089 2782 2260 2862 quod
2286 2780 2538 2844 obsides
2561 2782 2665 2844 isti
2686 2791 2866 2844 erant
2888 2780 3209 2865 principes
3230 2782 3395 2862 regis

1904 2880 2083 2957 suda,
2117 2900 2277 2961 quos
2306 2881 2446 2943 Joas
2480 2881 2650 2963 cepit
2678 2881 2744 2943 in
2775 2880 3017 2964 praelio,
3052 2899 3396 2961 secumque

1906 2978 2087 3040 duxit
2117 2978 2185 3040 in
2212 2978 2582 3056 Jerusalem,
2605 2988 2799 3060 atque
2828 2998 2943 3061 pro
2974 2978 3065 3042 eis
3096 2977 3271 3041 filios
3292 2997 3395 3042 eo-

323 3080 408 3146 ni,
437 3079 768 3138 videamus
813 3096 926 3136 nos
975 3085 1220 3136 mutuo,
1254 3077 1342 3136 At
1390 3078 1504 3135 ille
1549 3078 1796 3136 remisit
1831 3075 1875 3139 C
1907 3078 2194 3140 rumdem
2223 3076 2491 3158 accepit,
2527 3085 2589 3139 et
2620 3096 2834 3140 secum
2867 3076 3181 3159 perduxit.
3216 3076 3393 3140 Unde

323 3180 594 3247 nuntios,
615 3178 833 3236 dicens
866 3192 889 3235 .·
921 3175 1219 3235 Carduus
1247 3177 1364 3253 qui
1392 3186 1480 3235 est
1509 3176 1577 3234 in
1608 3176 1796 3234 Liba-

322 3295 414 3345 no,
458 3277 636 3335 misit
680 3278 770 3334 ad
807 3276 1070 3333 cedrum
1101 3274 1360 3344 Libani,
1393 3276 1612 3333 dicens
1643 3294 1665 3332 .·
1695 3277 1796 3334 Da

321 3376 518 3449 filiam
551 3384 730 3434 tuam
765 3374 906 3449 filio
952 3391 1085 3431 meo
1118 3392 1405 3432 uxorem.
1443 3374 1524 3433 Et
1555 3391 1687 3431 ecce
1708 3374 1797 3430 be-

322 3473 448 3533 stiae
487 3493 632 3551 quoe
672 3480 863 3531 erant
907 3473 978 3529 in
1017 3472 1186 3529 silva
1216 3472 1480 3537 Libani,
1528 3472 1796 3530 transie-

324 3582 466 3631 runt
517 3580 578 3630 et
633 3572 1172 3631 conculcaverunt
1221 3571 1562 3629 carduum.
1607 3571 1798 3629 Dioei-

323 3671 397 3727 sti
425 3690 446 3728 .·
481 3670 784 3732 Percussi
835 3669 1040 3728 Edom
1062 3691 1092 3739 ,·
1124 3677 1184 3728 et
1230 3668 1472 3726 idcirco
1517 3668 1798 3743 eriyitur

325 3788 418 3826 cor
445 3776 626 3829 tuum
656 3769 730 3827 in
749 3764 1144 3845 superbiam.
1169 3768 1332 3827 Sede
1350 3766 1419 3823 in
1453 3768 1638 3825 domo
1660 3775 1794 3826 tua.

329 3867 444 3925 Cur
471 3870 714 3926 malum
755 3868 1100 3925 adversum
1133 3872 1190 3923 te
1219 3883 1557 3942 provocas,
1587 3872 1661 3922 ut
1697 3882 1801 3921 ca-

325 3966 428 4023 das
463 3975 520 4025 et
571 3974 664 4034 tu,
702 3974 764 4025 et
801 3966 976 4023 Juda
1018 3964 1274 4022 teca-m?
1316 3963 1546 4021 Noluit
1584 3971 1800 4049 aute-m

327 4066 544 4122 audire
572 4065 894 4132 Amasim,
926 4082 994 4120 eo
1024 4063 1195 4139 quod
1225 4062 1492 4120 Domini
1519 4068 1668 4119 esset
1698 4078 1804 4119 vo-

331 4163 530 4222 luntas
573 4171 646 4221 ut
691 4164 1058 4221 traderetur
1101 4162 1169 4218 in
1221 4179 1452 4218 manus
1497 4160 1801 4227 hostium,

1907 3184 2132 3257 quarto
2165 3173 2330 3237 libro
2361 3175 2599 3257 Regum
2630 3175 2883 3256 legitur,
2904 3174 3075 3257 quod
3110 3175 3255 3238 tulit
3283 3176 3394 3238 ob·
3425 3192 3689 3299 firmam,

1906 3274 2072 3337 sides
2105 3292 2341 3337 secum.

2002 3372 2183 3432 Via-ic
2227 3380 2442 3431 autem
2483 3373 2785 3432 Amasias
2830 3372 3015 3449 filius
3056 3373 3231 3442 Joas,
3277 3393 3397 3432 rea>

1905 3473 2101 3541 Juda,
2145 3478 2489 3547 postquam
2550 3479 2839 3530 mortuus
2886 3478 2974 3529 est
3020 3471 3169 3530 Joas
3211 3472 3397 3547 filius

1906 3571 2212 3637 Joachaz,
2241 3588 2360 3627 reoe
2385 3570 2613 3638 Israel,
2637 3568 3007 3646 quindecim
3037 3570 3253 3629 annis.
3275 3571 3399 3631 Re-

1910 3668 2092 3745 liqua.
2130 3676 2345 3727 autem
2382 3686 2747 3726 sermonum
2778 3667 3061 3727 Amas-ite
3094 3667 3398 3743 priorum

1909 3774 1966 3824 et
1997 3766 2518 3835 novissimorum,
2549 3766 2787 3840 scripta
2817 3772 2970 3824 sunt
3000 3766 3073 3825 in
3106 3766 3265 3823 libro
3284 3767 3400 3827 Re-

1903 3884 2064 3941 qum
2092 3865 2269 3923 Juda
2295 3872 2356 3922 et
2384 3865 2611 3923 Israel.
2640 3863 2767 3930 Qui
2785 3870 3128 3938 postquam
3148 3864 3399 3921 recessit

1910 3982 1952 4019 a
1981 3961 2278 4026 Domino,
2313 3962 2710 4019 tetenderunt
2728 3961 2790 4016 ei
2817 3959 3097 4017 insidias
3125 3960 3198 4018 in
3215 3960 3399 4018 Jeru-

1910 4062 2128 4117 salem.
2160 4060 2495 4135 Quumque
2512 4058 2783 4133 fuyisset
2803 4057 3061 4126 Laeliis,
3084 4056 3399 4116 miserunt

1913 4167 1972 4218 et
2010 4156 2475 4232 interfecerunt
2520 4175 2665 4214 eum
2712 4156 2850 4227 ibi,·
2888 4162 3401 4232 reportantesque

324 4271 570 4336 propter
604 4263 748 4319 deos
797 4262 1026 4321 Edom.
1061 4258 1368 4318 Ascendit
1417 4257 1624 4333 iyitur
1655 4258 1802 4316 Joas
1833 4259 1882 4320 D
1912 4275 2106 4333 super
2135 4274 2349 4333 equos,
2368 4256 2921 4330 sepelierunteum
2939 4273 3085 4313 cum
3100 4254 3403 4330 patribus

331 4376 434 4415 rea:
471 4361 692 4428 Israel,
735 4367 794 4416 et
832 4365 1090 4417 mutuos
1133 4356 1260 4414 sibi
1291 4357 1621 4433 praebuere
1662 4374 1804 4413 con-

333 4466 582 4531 spectus
615 4457 917 4518 Amasias
952 4463 1169 4514 autem
1199 4474 1314 4512 rea}
1339 4455 1515 4513 Juda
1553 4461 1689 4511 erat
1731 4454 1800 4511 in

338 4556 684 4615 Bethsames
716 4558 917 4617 Iuda.
956 4553 1344 4629 Corruilque
1377 4554 1552 4611 luda.
1591 4570 1806 4609 coram

1913 4355 2048 4413 suis
2078 4355 2149 4412 in
2179 4354 2441 4412 civitate
2470 4353 2708 4411 David.

1993 4450 2210 4513 Cetera
2242 4448 2345 4511 hic
2375 4469 2502 4512 non
2524 4448 2826 4531 exposita,
2852 4467 3044 4530 super
3065 4447 3403 4531 prael'atum

1917 4548 2155 4611 librum
2187 4548 2425 4627 Regum
2456 4547 2739 4629 exposita
2771 4555 3085 4610 constant.
