4309 6259
79 1078 288 1127 astutas.
317 1057 506 1121 isaias
536 1060 614 1121 de
644 1060 786 1141 ipso
815 1057 1202 1123 conscribit:
1229 1056 1516 1119 Vidimus
1545 1076 1690 1118 eum
1715 1056 1813 1117 de-

105 1364 162 1406 1²1.
174 1378 276 1406 urin

81 1429 116 1453 ,.

81 1450 127 1469 .ι.
143 1430 194 1469 30.

1233 490 1583 543 watinum
1625 490 1690 536 m
1731 490 1869 537 GAP.
1915 490 1937 535 1
1977 490 2103 537 101³.
2149 511 2233 523 -·-
2272 494 2415 541 Am.
2462 495 2499 539 V

3288 480 3407 547 319

319 681 576 745 quoque
595 662 1076 745 poenalitatibus
1097 662 1444 743 aliquando
1463 659 1684 741 affici3
1708 679 1812 722 na·
1842 661 1893 724 Α
1921 662 2230 745 cupimus
2248 684 2281 725 a
2302 664 2566 745 justitiae
2586 666 2965 729 rectitudine
2986 666 3300 731 declinam
3310 689 3403 733 uS.

323 770 418 823 tus
451 781 622 832 vero,
657 763 852 847 coepit
891 781 1037 825 mox
1075 761 1294 823 multis
1333 761 1538 824 modis
1569 758 1807 839 affligi,

319 863 888 943 persecutioneque
916 861 1156 943 appeti,
1182 868 1246 923 et
1275 860 1528 922 tandem
1558 860 1813 921 amaris-

319 960 541 1021 simam
591 980 818 1043 passus
866 970 962 1023 est
1009 968 1300 1024 mortem.
1333 959 1593 1041 Propter
1640 956 1810 1038 quod

318 1166 605 1237 spectum
653 1166 717 1220 et
773 1156 1188 1221 novissimum
1240 1156 1549 1231 virorum,
1603 1154 1807 1216 virum

318 1256 610 1319 dolorum
640 1266 704 1319 et
733 1256 1040 1320 scientem
1073 1254 1540 1317 infirmitatem.
1573 1253 1691 1327 Qui
1720 1252 1810 1314 ait

279 1398 290 1414 ‚
319 1353 384 1415 iu
415 1354 662 1418 Psalmo
696 1374 711 1417 ε
747 1354 948 1437 Super
977 1352 1260 1416 dolorem
1283 1352 1621 1415 vulnerum
1642 1369 1810 1413 meo-

319 1473 456 1516 rum
504 1455 912 1517 addiderunt.
946 1453 1228 1533 ltemque
1261 1469 1275 1513 :
1307 1452 1438 1531 Ego
1481 1471 1621 1512 sum
1663 1470 1808 1533 pau·

315 1571 424 1633 per
443 1562 508 1615 et
525 1554 775 1615 dolenS.
798 1552 1086 1632 Denique
1107 1549 1318 1613 anima
1341 1549 1598 1626 Christi,
1615 1567 1809 1631 quan-

315 1659 443 1713 tum
469 1653 553 1714 ad
589 1652 754 1716 vires
785 1670 932 1713 suas
962 1668 1312 1732 supremaS,
1345 1648 1424 1711 ad
1455 1648 1803 1711 increatum

309 1749 636 1831 objectum
691 1756 1122 1831 comparata5‚
1175 1756 1239 1810 et
1295 1747 1450 1829 ipsae
1497 1746 1664 1810 vires
1713 1747 1804 1809 sic

1919 759 2205 823 Christus
2234 781 2384 826 vero
2423 772 2765 845 utrumque
2805 766 3071 829 istorum
3103 768 3169 829 in
3203 767 3409 830 omni-

1923 858 2041 920 bus
2071 859 2261 922 simul
2302 862 2579 925 servavit
2615 882 2689 926 ac
2728 864 2965 946 optimc
3006 866 3403 948 temperavit.

1923 960 2016 1017 Ac
2055 960 2284 1020 timens
2314 964 2545 1031 Deum,
2578 959 2765 1024 filiali
2798 963 3044 1040 timore,
3078 973 3150 1026 ut
3189 966 3403 1043 hom0‚

1924 1059 2273 1137 praesertim
2295 1068 2483 1141 prout
2514 1060 2699 1124 timor
2728 1072 2823 1125 est
2851 1064 3113 1139 donum,
3140 1065 3408 1146 ejusque

1919 1164 2098 1217 actus
2126 1166 2223 1220 est
2243 1159 2436 1221 Deum
2467 1161 2741 1223 revereri
2764 1186 2779 1238 3
2806 1180 2931 1225 non
2954 1171 3165 1225 autem
3197 1162 3411 1226 timuit

1920 1257 2174 1339 culpam
2225 1257 2527 1335 incidere,
2580 1259 2787 1323 sciens
2837 1280 2905 1323 se
2950 1260 3407 1324 confirmatum

1919 1354 1987 1417 in
2037 1356 2229 1419 bono,
2283 1356 2498 1420 Timor
2546 1366 2779 1433 autem,
2831 1358 2945 1441 qui
2996 1368 3093 1423 est
3140 1361 3401 1439 donum,
3482 1382 3560 1426 Ρ..
3587 1398 3698 1435 um,

1917 1455 2126 1534 quoad
2158 1462 2368 1517 actum
2398 1455 2509 1537 qui
2542 1464 2638 1518 est
2659 1457 2855 1519 Deum
2877 1459 3173 1535 revereri,
3194 1468 3409 1522 manet
3444 1449 3504 1488 ¹⁰·

1921 1551 1984 1613 in
2020 1553 2225 1634 patria
2259 1570 2273 1614 ε
2307 1554 2477 1618 unde
2507 1555 2585 1618 de
2613 1554 2861 1618 Christo
2902 1557 3274 1638 praedictum
3309 1566 3405 1621 est
3508 1608 3512 1613 .

1918 1651 1986 1712 in
2015 1651 2195 1728 lsaia,
2230 1652 2521 1735 Replebit
2552 1672 2699 1715 eum
2734 1654 2997 1735 spiritus
3030 1655 3273 1719 timoris
3294 1658 3409 1720 Do·
3466 1679 3527 1722 ιι.
3547 1694 3605 1731 ιιι,
3628 1683 3667 1731 3.

1917 1749 2098 1812 mini.
2134 1754 2221 1812 Ec
2250 1755 2543 1813 recedens
2570 1773 2610 1812 α
2646 1758 2813 1813 malo
2845 1754 3071 1835 culpae,
3107 1756 3210 1817 cui
3245 1775 3410 1818 nun·

308 1858 710 1931 comparatae,
755 1848 1016 1910 fuerunt
1065 1847 1130 1909 in
1171 1845 1454 1929 perfecta
1497 1845 1804 1909 felicitate
1841 1851 2107 1929 Bquam
2158 1851 2503 1927 consensit,
2556 1870 2672 1913 nec
2724 1851 2935 1933 ipsum
2987 1853 3277 1931 incurrit,
3336 1864 3408 1917 ut

309 1956 367 2009 et
391 1948 632 2027 gaudio
672 1946 998 2009 fruitionis
1035 1945 1258 2021 beatae,
1291 1952 1364 2007 ut
1400 1945 1642 2007 dictum
1680 1952 1799 2020 est,

311 2046 701 2110 incessanter
727 2046 810 2108 ab
833 2044 1288 2109 incarnationis
1313 2052 1666 2118 momento;
1692 2045 1800 2107 sed

307 2145 514 2207 anima
547 2146 690 2226 ejus
719 2153 791 2207 ut
817 2143 1104 2226 corporis
1129 2142 1356 2219 forma,
1381 2149 1444 2204 et
1473 2142 1640 2205 vires
1662 2143 1802 2225 ejus

309 2262 624 2326 supremae
668 2244 748 2305 ad
789 2243 994 2325 ipsam
1039 2242 1340 2319 animam,
1390 2240 1576 2323 cujus
1623 2248 1805 2304 erant

311 2343 632 2424 potentiae,
665 2350 730 2405 et
757 2343 836 2405 ad
865 2348 1076 2405 creata
1104 2340 1358 2421 objecta
1395 2341 1629 2417 relatae,
1665 2338 1804 2402 fue-

311 2450 454 2504 runt
479 2442 826 2525 passibiles
855 2449 919 2503 et
957 2440 1025 2502 in
1069 2438 1399 2502 doloribus
1443 2439 1684 2501 multis.
1719 2440 1804 2501 De

312 2541 596 2622 corporis
625 2548 838 2603 autem
867 2547 930 2602 et
971 2536 1354 2600 inferiorum
1393 2537 1628 2600 virium
1669 2537 1804 2599 ani-

313 2660 424 2703 mae
451 2640 696 2703 Christi
725 2638 1148 2722 passibilitate
1179 2656 1250 2699 ac
1281 2637 1488 2719 poenis
1518 2657 1632 2719 pro
1654 2646 1806 2700 tem·

315 2758 460 2821 pore
478 2741 626 2821 ejus
648 2739 716 2800 in
738 2738 858 2801 hoc
879 2737 1112 2801 saeculo
1135 2736 1464 2813 incolatuS,
1480 2736 1690 2799 minor
1709 2744 1805 2799 est

311 2836 692 2915 difficultaS,
721 2837 1104 2917 nullumque
1131 2835 1422 2897 dubium.
1447 2835 1536 2897 Ex
1567 2836 1803 2916 quibus

313 2937 600 3018 patescit,
617 2936 939 3019 quomodo
959 2934 1247 2997 Christus
1268 2934 1336 2995 in
1356 2933 1487 2997 vita
1507 2934 1806 3016 praesenti

1913 1945 2132 2009 Petrus
2162 1947 2459 2029 princeps
2490 1949 2935 2029 Apostolorum
2966 1959 3029 2014 et
3059 1952 3248 2014 Isaias
3280 1951 3405 2016 flos
3478 1970 3639 2013 11²eer.
3658 1984 3700 2022 ιι,

1912 2044 2367 2127 Prophetarum
2391 2054 2721 2109 testantur.
2745 2048 2879 2111 Non
2902 2057 3113 2113 autem
3146 2052 3407 2115 recessit
3437 2033 3702 2147 ξῖἒέξζυ“ξ’

1913 2163 1950 2206 a
1979 2144 2146 2207 malo
2176 2162 2401 2226 poenae‚
2438 2145 2502 2207 id
2534 2154 2629 2208 est
2658 2146 2844 2209 malis
2873 2148 3235 2229 poenalibus
3269 2165 3284 2211 ε
3319 2150 3398 2214 de

1911 2242 2148 2323 quibus
2182 2242 2438 2320 fatetur,
2470 2242 2629 2317 Quia
2656 2244 2899 2327 repleta
2926 2254 3024 2309 est
3054 2248 3242 2311 malis
3270 2248 3409 2310 ani·
3436 2267 3703 2320 mmm,

1914 2360 2016 2403 ma
2045 2360 2207 2404 mea.
2243 2342 2361 2403 Iste
2401 2360 2685 2405 recessus
2715 2343 2948 2406 Christi
2988 2364 3025 2407 a
3066 2346 3233 2408 malo
3274 2346 3409 2409 cul·
3436 2330 3479 2371 ⁴'

1913 2458 2010 2521 pae
2059 2438 2187 2501 fuit
2228 2440 2545 2521 perversis
2572 2441 2803 2505 Judaeis
2850 2442 3098 2506 occasio
3144 2444 3407 2509 invidiae

1914 2546 2134 2601 contra
2184 2556 2352 2615 eum,
2398 2541 2933 2619 quemadmodum
2983 2542 3048 2604 in
3095 2542 3261 2607 libro
3304 2544 3409 2607 Sa·

1915 2636 2175 2717 pientiae
2203 2635 2469 2699 habetur
2504 2654 2519 2699 :
2553 2638 2856 2702 Dixerunt
2885 2640 3068 2723 impii
3096 2659 3109 2703 ε
3135 2642 3410 2706 Circum·
3478 2661 3643 2717 ειμι,
3663 2665 3703 2713 ι.

1914 2736 2249 2799 veniamus
2277 2736 2543 2819 justum,
2578 2737 2881 2818 quoniam
2924 2742 3283 2805 contrarius
3313 2752 3410 2805 est
3443 2726 3591 2777 ¹²³³*
3611 2728 3676 2769 ¹⁶·

1915 2834 2215 2917 operibus
2248 2834 2504 2911 nostriS,
2540 2844 2602 2897 et
2633 2836 3019 2920 improperat
3052 2839 3239 2903 nobis
3270 2860 3412 2923 pec-

1916 2942 2057 2996 cata
2087 2932 2280 3014 legis3
2324 2933 2639 3014 promittit
2669 2954 2737 2999 se
2783 2936 3113 3001 scientiam
3148 2940 3256 3001 Dei
3308 2940 3414 3003 ha·

311 3036 562 3099 mortali
589 3035 720 3098 fuit
741 3035 934 3097 simul
957 3034 1164 3099 viator
1192 3041 1255 3095 et
1279 3032 1799 3114 comprehensor.
1843 3035 1888 3099 C
1921 3032 2090 3109 bere,
2133 3040 2199 3095 et
2242 3031 2451 3094 silium
2486 3032 2593 3095 Dei
2634 3052 2701 3096 se
2741 3035 3049 3099 nominat.
3085 3036 3409 3119 Tanquam

311 3135 430 3197 llus
461 3134 734 3217 insuper
773 3134 1232 3215 interpretatur
1267 3131 1658 3194 consiliator.
1682 3131 1799 3195 Job

311 3252 454 3313 ergo
483 3234 552 3295 in
599 3242 766 3296 terra
805 3232 934 3293 llus
974 3229 1122 3307 fuit,
1157 3230 1220 3292 id
1258 3239 1375 3305 est,
1411 3228 1698 3293 Christus
1741 3230 1804 3293 in

313 3332 612 3397 cordibus
671 3330 896 3413 populi
943 3329 1214 3393 consilia
1261 3338 1428 3391 recta
1477 3329 1806 3409 sequentis

315 3432 604 3513 quiescit,
619 3429 1158 3512 quemadmodum
1179 3428 1244 3490 in
1265 3427 1622 3491 Proverbiis
1641 3427 1812 3491 Chri-

315 3540 446 3593 stus
495 3529 781 3592 increata
810 3527 920 3591 Dei
965 3527 1166 3589 Patris
1214 3526 1558 3609 Sapientia,
1601 3535 1811 3591 conte-

255 3662 292 3699 ιι,
319 3636 514 3691 statur
540 3645 557 3689 ε
583 3628 715 3708 Ego
744 3626 1066 3708 Sapientia
1094 3625 1315 3687 habito
1345 3626 1412 3687 in
1434 3625 1726 3702 consilio,
1747 3634 1810 3688 et

318 3727 592 3789 eruditis.
613 3726 925 3787 intersum
957 3723 1475 3803 cogitationibus

393 3829 474 3887 Ec
521 3834 668 3885 erat
715 3826 820 3885 vir
867 3825 1004 3892 ille,
1041 3821 1581 3898 demonstrabiliS,
1633 3822 1809 3884 omni

317 3923 673 3987 reverentia
727 3920 1358 4004 superdignissimuS,
1417 3922 1697 3997 simplem
1751 3932 1810 3982 et

317 4032 517 4083 rectus
548 4044 573 4082 .·
605 4021 762 4102 quia
807 4019 1158 4083 secundum
1206 4017 1630 4093 divinitatem,
1683 4038 1808 4099 qua

315 4120 578 4201 aequalis
605 4127 704 4183 est
730 4119 919 4193 Patri,
954 4126 1050 4179 est
1081 4136 1192 4198 per
1220 4116 1561 4179 essentiam
1592 4136 1810 4198 super-

1920 3149 2194 3211 nugaces
2224 3131 2517 3193 aestimati
2550 3151 2767 3195 sumus
2797 3132 2878 3195 ab
2908 3152 3005 3211 eo,
3040 3143 3104 3197 et
3134 3136 3413 3201 abstinet

1919 3248 1986 3292 se
2016 3247 2053 3292 a
2081 3228 2207 3292 viis
2236 3229 2470 3292 nostris
2508 3238 2811 3312 tanquam
2842 3232 2921 3294 ab
2960 3233 3408 3313 immunditiiS,

1919 3336 1981 3390 et
2009 3328 2319 3408 gloriatur
2348 3348 2416 3390 se
2445 3329 2643 3391 Deum
2674 3338 2917 3411 patrem
2951 3331 3207 3395 habere.

1999 3428 2286 3505 Natique
2329 3437 2483 3487 sunt
2518 3430 2602 3499 ei,
2636 3427 2953 3509 spirituali
2995 3431 3411 3509 generatione

1919 3544 2033 3608 per
2093 3524 2383 3587 fidelium
2430 3526 3031 3608 multiplicationem
3086 3530 3150 3592 in
3202 3550 3412 3595 susce-

1919 3624 2137 3707 ptione
2165 3624 2568 3705 Baptismatis
2618 3643 2728 3687 seu
2764 3624 3095 3691 infusione
3145 3631 3407 3712 superni

1919 3722 2343 3799 charismatis,
2375 3733 2607 3800 septem
2644 3727 2805 3803 filii,
2846 3725 2909 3788 id
2958 3735 3055 3789 est
3093 3728 3407 3792 universi·

1921 3831 2016 3885 tas
2043 3822 2569 3886 Christianorum.
2606 3822 2974 3905 Septenario
3004 3826 3175 3889 enim
3208 3828 3407 3909 perfe-

1919 3920 2046 3985 ctio
2076 3920 2589 4002 universitasque
2619 3921 2989 4001 signantur:
3018 3924 3110 3986 sic
3129 3944 3405 4008 namque

1921 4019 1984 4081 in
2017 4019 2398 4101 Apocalypsi
2438 4037 2553 4100 per
2600 4028 2841 4101 septem
2888 4021 3175 4103 spirituS,
3224 4032 3287 4087 et
3335 4025 3403 4087 in
3460 4042 3695 4099 Apama

1918 4117 2116 4181 Tobia
2174 4137 2287 4198 per
2335 4125 2576 4200 septem
2616 4137 2828 4181 coram
2880 4120 3003 4182 Deo
3057 4121 3401 4206 adstanteS,
3441 4106 3696 4160 ⁷⁰⁶·”¹·¹⁵·

315 4218 796 4302 simplicissima
842 4217 1090 4293 unitas,
1141 4233 1472 4298 purusque
1517 4223 1696 4278 actus
1746 4224 1810 4277 et
1843 4220 1890 4282 D
1921 4216 2305 4279 universitas
2334 4216 2703 4296 angelorum
2742 4218 3139 4299 exprimitur.
3168 4222 3251 4282 Et
3286 4232 3407 4283 tres

319 4316 448 4398 ipsa
477 4318 798 4381 rectitudo
837 4334 949 4378 seu
988 4315 1278 4397 aequitas,
1313 4314 1507 4376 totius
1546 4314 1809 4394 justitiae

315 4434 384 4479 ac
403 4416 666 4479 virtutis
689 4415 906 4495 regula
927 4423 990 4477 et
1011 4432 1331 4476 mensura.
1356 4412 1568 4489 Porro,
1593 4432 1810 4477 secun·

317 4515 460 4577 dum
483 4523 784 4577 naturam
801 4520 1194 4595 assumptam
1218 4509 1245 4572 s
1247 4510 1338 4573 uit
1358 4511 1808 4592 simplificatus

320 4612 380 4673 in
409 4615 558 4689 Deo,
581 4612 670 4674 ita
700 4613 869 4693 quod
900 4629 1122 4673 omnes
1152 4628 1282 4672 suae
1308 4610 1540 4671 animae
1561 4608 1810 4673 affecti·

321 4729 466 4773 ones
499 4718 688 4773 erant
725 4708 1229 4792 impeccabiliter
1259 4707 1588 4784 ordinatae,
1623 4710 1811 4771 redu-

321 4818 454 4886 ctae,
486 4808 889 4873 confirmata)
919 4808 985 4869 in
1013 4825 1112 4870 eo.
1145 4807 1224 4869 At
1255 4825 1402 4869 vero
1429 4808 1808 4886 (secundum

322 4908 716 4989 Gregorium)
756 4926 870 4989 per
908 4906 1354 4969 rectitudinem
1392 4905 1662 4987 justitia,
1696 4925 1810 4988 per

324 5008 794 5090 simplicitatem
841 5006 1261 5068 mansuetudo
1302 5004 1635 5088 accipitur.
1688 5006 1810 5070 Nos

325 5116 529 5169 autem
569 5106 953 5188 plerumque
993 5124 1194 5185 quum
1234 5101 1679 5166 rectitudinem
1719 5106 1806 5186 ju·

325 5206 508 5269 stitiae
553 5203 987 5285 exsequimur,
1031 5202 1586 5265 mansuetudinem
1629 5203 1810 5265 relin-

329 5304 576 5387 quimus
609 5328 626 5379 ;
687 5322 885 5385 quum
943 5300 1498 5364 mansuetudinem
1558 5320 1808 5366 servare

1916 4316 2078 4391 filice
2114 4335 2137 4373 .·
2184 4332 2297 4395 per
2354 4332 2515 4396 quas
2572 4314 2933 4396 specialiter
2990 4317 3409 4399 designantur

1917 4412 2439 4492 congregationes
2484 4413 2816 4494 religiosas,
2852 4415 2979 4478 Deo
3023 4415 3091 4477 in
3144 4415 3277 4481 fide
3303 4426 3409 4481 ‘su-

1919 4510 2417 4594 perbeatissimae
2454 4511 2780 4574 Trinitatis
2824 4514 3234 4578 devotissime
3282 4537 3411 4581 ser-

1919 4610 2188 4673 vientes.
2230 4608 2367 4687 Vel,
2420 4617 2663 4691 septem
2717 4609 2837 4673 filii
2888 4620 3038 4674 sunt
3086 4614 3407 4696 catalogus

1919 4708 2365 4791 Apostolorum
2395 4708 2737 4771 virtutibus
2766 4708 3197 4791 perfectorum
3223 4737 3238 4787 3
3283 4723 3408 4778 tres

1921 4807 2100 4883 filiae,
2125 4806 2502 4869 inferiorum
2532 4815 2731 4869 status
2760 4806 3075 4886 fidelium,
3100 4818 3169 4872 ut
3199 4820 3409 4894 pasto-

1921 4925 2086 4983 rum,
2106 4915 2171 4968 et
2196 4905 2675 4979 continentium,
2695 4926 2769 4971 ac
2788 4906 3297 4987 conjugatorum.
3318 4910 3407 4973 De

1922 5005 2038 5066 hac
2075 5002 2310 5065 Christi
2348 5004 2753 5082 generatione
2794 5006 2860 5067 in
2892 5006 3051 5068 lsaia
3094 5007 3405 5089 scriptum

1919 5112 2016 5166 est
2049 5120 2062 5163 ε
2099 5103 2162 5164 Si
2196 5102 2481 5184 posuerit
2509 5104 2785 5165 animam
2818 5124 2995 5167 suam
3042 5122 3156 5185 pro
3187 5125 3408 5188 pecca·
3450 5122 3611 5178 ιι.ιιιι,
3631 5128 3695 5170 ιο.

1921 5210 2006 5278 to,
2053 5198 2297 5263 videbit
2336 5218 2552 5262 semen
2600 5199 2979 5280 longaevum.
3014 5202 3093 5264 Et
3136 5203 3406 5284 ipsemet

1917 5299 2204 5364 Christus
2238 5316 2252 5361 :
2286 5297 2418 5361 Nisi
2443 5297 2591 5380 quis
2620 5306 2876 5362 renatus
2908 5299 3101 5367 luerit
3129 5320 3207 5366 ex
3234 5322 3407 5387 aqua
3434 5322 3707 5379 :oar-mus.
