4309 6259
816 507 1165 555 mmmm-10
1206 509 1269 554 m
1312 509 1450 556 car.
1495 509 1581 555 xx
1622 509 1779 555 LIBRI
1822 509 1990 555 pann
2030 510 2558 558 ammonemus.
2603 531 2685 542 —
2725 514 2866 560 Am.
2913 513 3000 560 xx
3327 499 3436 561 161

338 681 617 742 sidium.
676 683 1077 762 Censorium,
1132 692 1191 744 et
1238 703 1508 760 ayamus
1558 681 1845 742 viriliter
1875 678 1924 740 A
1954 682 2235 744 secundo
2265 681 2430 746 libro
2450 683 2688 763 Regum
2717 682 2982 763 legitur:
3003 683 3148 746 Filii
3169 684 3439 748 Ammon
3468 707 3732 764 uncam.

330 798 459 855 pro
480 785 729 858 populo
770 793 1011 850 nostro,
1036 791 1095 841 et
1118 801 1241 858 pro
1272 784 1539 843 urbibus
1569 783 1693 843 Dei
1734 800 1846 841 no·
1952 781 2393 843 conduxerunt
2435 781 2662 862 viginti
2703 781 2908 844 millia
2950 783 3261 865 peditum,
3296 791 3360 846 et
3405 803 3443 846 a

336 880 487 940 stri.
534 882 863 940 Dominus
902 891 1148 952 autem,
1186 884 1357 960 quod
1394 883 1467 940 in
1515 889 1845 956 conspectu
1955 895 2101 956 rege
2120 879 2373 941 Maacha
2396 879 2572 942 mille
2594 880 2786 958 virOS,
2811 889 2876 942 et
2905 881 2985 943 ab
3014 881 3180 944 Istob
3209 882 3444 945 duode-

337 996 457 1036 suo
488 979 731 1039 bonum
760 989 876 1047 est,
905 980 1135 1056 faciat.
1156 981 1461 1042 Perrexit
1488 999 1634 1056 erqo
1662 979 1845 1047 Joab,
1952 975 2077 1038 cim
2110 976 2316 1040 millia
2337 978 2616 1042 virorum
2641 1003 2656 1054 3
2681 979 2900 1061 sicque
2931 979 3313 1043 conducticii
3345 979 3442 1042 illi

338 1085 401 1134 et
414 1081 705 1154 populus
734 1079 853 1156 qui
880 1098 1028 1138 cum
1056 1099 1126 1139 eo
1154 1089 1319 1149 erat,
1348 1088 1573 1138 contra
1598 1080 1843 1154 Syrum
1953 1071 2217 1138 fuerunt
2238 1077 2302 1138 in
2325 1085 2457 1140 toto
2483 1077 2746 1159 triginta
2774 1078 2896 1141 tria
2915 1078 3138 1140 millia.
3164 1079 3306 1142 Ideo
3329 1098 3441 1161 per

338 1178 433 1235 ad
472 1177 818 1252 praelium,
860 1187 921 1238 et
966 1178 1234 1254 fugavit
1278 1199 1401 1238 eos,
1454 1181 1662 1239 Porro
1708 1176 1844 1252 filii
1951 1172 2216 1254 triginta
2244 1176 2371 1238 duo
2411 1176 2616 1239 millia
2650 1196 2953 1239 curruum
2995 1177 3442 1259 intelliguntur

335 1276 629 1334 Ammon
660 1277 949 1336 videntes
978 1279 1149 1355 quod
1178 1277 1451 1356 fugisset
1480 1279 1714 1353 Syrus,
1748 1276 1845 1352 ip-
1951 1273 2216 1337 totidem
2242 1276 2444 1339 millia
2469 1276 2802 1339 hominum
2828 1277 2894 1339 in
2921 1278 3212 1341 curribus
3242 1277 3445 1359 praeli-

333 1374 400 1432 si
430 1393 685 1452 quoque
701 1376 1020 1452 fuyerunt
1039 1376 1272 1436 Abisai
1298 1376 1579 1452 fratrem
1596 1374 1756 1450 ejus,
1784 1381 1843 1432 et
1950 1372 2220 1450 antium,
2247 1376 2555 1438 sumendo
2585 1375 2921 1438 continens
2957 1394 3072 1458 pro
3103 1383 3433 1450 content03

336 1473 625 1548 inyressi
670 1483 827 1532 suut
872 1475 1225 1534 civitatem.
1274 1463 1709 1552 Reversus'que
1754 1481 1843 1531 est
1951 1481 2013 1534 et
2050 1492 2164 1555 per
2203 1492 2416 1554 regem
2449 1473 2700 1536 Maacha
2728 1492 2871 1536 oum
2900 1474 3140 1557 populo
3170 1493 3308 1552 suo,
3344 1474 3440 1536 in-

332 1573 538 1630 etiam
560 1573 723 1632 Joab
752 1573 827 1632 in
854 1575 1237 1634 Jerusalem.
1954 1571 2326 1650 telliguntur
2345 1571 2456 1633 alii
2478 1572 2654 1636 mille
2677 1572 2820 1634 viri.
2837 1572 3288 1636 Verumtamen
3309 1592 3438 1636 non

451 1672 681 1730 Videris
712 1681 929 1732 autem
962 1673 1173 1748 Syrus
1203 1674 1375 1751 quod
1404 1671 1727 1730 cecidisset
1754 1689 1843 1728 co·
1952 1678 2047 1732 est
2076 1671 2451 1752 putandum,
2471 1672 2641 1752 quod
2668 1679 2836 1734 totus
2863 1670 2972 1734 ille
3003 1671 3262 1751 triginta
3287 1673 3443 1734 duo-

334 1789 491 1830 ram
524 1772 753 1841 Israel,
788 1771 969 1830 misit
999 1772 1288 1840 nuntios,
1317 1779 1377 1830 et
1406 1770 1689 1829 adduxit
1720 1771 1845 1845 Sy·
1953 1788 2091 1831 rum
2126 1770 2400 1831 millium
2437 1770 2736 1850 Syrorum
2776 1771 3088 1833 exercitus
3129 1771 3440 1852 pugnavit

336 1887 497 1926 rum
526 1870 648 1947 qui
672 1879 814 1928 erat
847 1878 1027 1929 trans
1056 1871 1363 1943 fluvium.
1398 1869 1695 1944 Soplzaclz
1726 1887 1843 1926 au·-
1880 1869 1925 1929 B
1952 1885 2027 1928 ex
2065 1867 2381 1944 curribuS‚
2417 1868 2770 1950 praesertim
2809 1887 3007 1949 quum
3049 1868 3114 1931 in
3158 1868 3442 1950 praealle-

94 3263 121 3306 n
134 3265 223 3320 3η.
240 3277 281 3309 x.

336 1975 471 2026 tem
508 1968 817 2044 princeps
860 1968 1121 2028 milit-ioe
1150 1969 1501 2036 Adur-ezer,
1534 1974 1674 2026 erat
1702 1967 1844 2025 dux
1950 1973 2095 2045 gato
2124 1955 2358 2045 Regum
2394 1965 2559 2028 libro
2587 1965 2832 2048 pedites
2862 1967 3283 2048 appellentur.
3320 1967 3440 2031 Sed
3506 1983 3694 2028 uidem.

330 2084 589 2126 eorum.
617 2069 803 2134 Quod
821 2086 1023 2145 quum
1044 2067 1517 2126 annuntiatum
1542 2074 1694 2124 esset
1713 2066 1844 2126 Da·
1952 2063 2139 2125 multi
2170 2072 2232 2126 et
2263 2063 2747 2146 principaliores
2780 2063 2846 2125 in
2877 2065 3172 2127 curribus
3202 2085 3443 2148 pugna-

334 2165 473 2232 vid‚
496 2167 911 2241 eonyreyavit
930 2166 1308 2224 universum
1322 2167 1619 2232 Israet,et
1642 2173 1841 2223 trans-
1954 2171 2202 2238 verunt‚
2240 2161 2381 2225 ideo
2411 2161 2530 2224 sub
2561 2181 2779 2226 eorum
2817 2162 3291 2245 nuncupatione
3331 2165 3442 2226 alii

332 2263 469 2322 ivit
499 2265 883 2335 Iordanem,
910 2265 1232 2342 irruitque
1268 2264 1339 2322 in
1360 2282 1485 2328 eos,
1505 2271 1565 2322 et
1594 2263 1841 2321 dt‘rext't
1954 2260 2376 2323 includuntur.
2394 2261 2720 2336 Praeterea,
2745 2260 2909 2323 sicut
2931 2261 2994 2322 in
3017 2261 3299 2343 capitulo
3318 2263 3439 2327 hoc

326 2381 421 2420 ex
457 2364 730 2422 adverso
770 2362 1001 2431 aciem,
1036 2362 1171 2421 illis
1214 2369 1439 2419 eontra
1474 2360 1836 2438 puynanti·
1951 2358 2243 2436 habetur,
2285 2358 2351 2420 in
2401 2359 2526 2421 alio
2573 2358 2793 2440 praelio
2840 2360 3074 2422 occidit
3111 2360 3307 2424 David
3359 2361 3442 2424 de

328 2461 477 2520 bus.
513 2461 721 2536 Fugit
756 2469 977 2520 autem
1013 2461 1221 2535 Syrus
1253 2462 1481 2519 Israel.
1516 2460 1601 2519 Et
1648 2461 1844 2517 inter·
1954 2457 2123 2538 Syris
2161 2468 2395 2535 septem
2435 2460 2648 2519 millia
2686 2478 3032 2528 curruum,
3063 2469 3122 2518 et
3155 2463 3445 2538 quadra-

328 2560 499 2635 fem’t
544 2559 767 2619 David
803 2561 883 2618 de
920 2560 1113 2635 Syris
1153 2567 1387 2634 septem
1436 2558 1650 2617 millia
1699 2576 1845 2616 cur-
1944 2557 2135 2631 ⁸‹Jae'nta
2169 2557 2382 2616 millia
2407 2557 2728 2632 peditum.
2775 2554 3065 2619 Secundo
3108 2564 3318 2620 autem
3368 2557 3448 2618 li-
3473 2633 3486 2638 -

326 2677 572 2726 raum,
602 2666 663 2716 et
702 2659 1149 2736 quactrayinta
1192 2657 1409 2715 millia
1429 2657 1755 2732 peditum,
1784 2663 1843 2714 et
1951 2652 2068 2715 bro
2100 2653 2340 2733 Regum
2371 2654 2677 2735 scriptum
2708 2660 2804 2717 est
2830 2671 2843 2714 ε
2867 2651 3109 2716 Occidit
3137 2655 3335 2718 David
3366 2656 3445 2719 de
3497 2677 3618 2722 laid.
3639 2680 3704 2721 ιε.

328 2757 643 2832 Sophaelz
660 2757 983 2816 exercitus
992 2755 1385 2831 principem.
1422 2755 1620 2813 Viden
1630 2763 1715 2814 tes
1734 2773 1843 2814 au-

330 2865 467 2916 tem
493 2856 671 2914 servi
700 2856 1033 2916 Adai-ezer
1062 2874 1128 2912 se
1157 2855 1237 2912 ab
1270 2854 1475 2912 Israel
1501 2873 1629 2912 esse
1664 2873 1844 2930 supe-

328 2963 538 3025 ratos,
585 2955 1089 3032 transfuqeruut
1126 2953 1215 3012 ad
1244 2952 1489 3019 David,
1516 2961 1575 3010 et
1612 2953 1844 3010 servie-

1954 2751 2125 2834 Syris
2171 2751 2606 2833 septingentos
2652 2770 2874 2814 currus
2918 2760 2981 2814 et
3023 2753 3448 2833 quadraginta

1952 2850 2158 2913 millia
2187 2850 2500 2932 equitum.
2531 2849 2649 2913 Pro
2679 2868 2949 2931 quorum
2982 2851 3322 2913 concordia
3352 2852 3448 2914 di-

1952 2949 2139 3026 citur,
2175 2949 2345 3030 quod
2391 2947 2495 3011 hic
2541 2967 2760 3010 rursus
2803 2967 2919 3031 per
2956 2957 3198 3030 septem
3242 2949 3448 3013 millia

327 3061 499 3113 runt
538 3053 625 3111 ei.
664 3052 1022 3128 Noluitque
1060 3054 1239 3110 ultra
1268 3051 1477 3126 Syria
1506 3050 1843 3110 auxilium
1872 3053 1916 3117 C
1952 3067 2277 3124 curruum,
2321 3047 2767 3127 intelliguntur
2815 3057 3058 3130 septem
3107 3048 3311 3111 millia
3355 3049 3450 3112 vi-

322 3153 627 3228 praebere
656 3151 823 3226 filiis
850 3151 1156 3210 Ammon.

416 3251 587 3312 Tota
624 3247 895 3311 historia
938 3248 1059 3310 ista
1100 3248 1381 3311 secundo
1412 3247 1645 3326 Regum
1679 3245 1844 3308 libro

330 3348 691 3431 explanata
716 3355 836 3425 est,
860 3347 1084 3429 paucis
1114 3345 1328 3410 verbis
1356 3345 1661 3427 exceptiS.
1690 3345 1843 3406 Nam

332 3447 587 3512 dicitur
610 3447 718 3509 hic
746 3464 759 3507 :
790 3449 1255 3508 Conduoeerunt
1285 3443 1412 3506 filii
1436 3445 1707 3506 Ammon
1736 3445 1848 3504 tri-

1953 3165 2169 3211 rorum
2198 3165 2274 3209 ex
2303 3145 2592 3209 curribus
2621 3145 3156 3227 belligerantium,
3181 3155 3246 3210 et
3275 3148 3445 3229 quod

1952 3253 2133 3308 erant
2163 3244 2254 3306 ibi
2283 3243 2492 3308 solum
2531 3244 2948 3326 septingentae
2985 3245 3339 3326 quadrigae.
3381 3246 3445 3309 ln

1954 3352 2087 3407 toto
2106 3351 2318 3406 autem
2342 3341 2452 3404 illo
2475 3342 2774 3424 Syrorum
2805 3343 3086 3405 exercitu
3122 3344 3306 3405 multi
3337 3363 3447 3426 pe-

1955 3442 2141 3517 dites,
2166 3441 2481 3522 multique
2499 3440 2746 3522 equites
2769 3439 3052 3503 fuerunt.
3079 3440 3310 3524 Sicque
3342 3444 3448 3505 de-

324 3549 531 3625 yinta
570 3549 707 3606 duo
754 3547 973 3607 millia
1010 3565 1329 3605 curruum
1359 3565 1382 3603 .·
1422 3543 1595 3623 quod
1642 3540 1850 3624 prima

336 3645 513 3709 facie
555 3643 1027 3707 incredibiliter
1068 3661 1295 3705 sonare
1329 3641 1624 3716 videtur3
1661 3650 1721 3701 et
1754 3661 1851 3700 re-

328 3765 485 3823 yem
518 3746 807 3806 Maacha
835 3763 985 3803 cum
1008 3745 1245 3819 populo
1274 3743 1435 3818 ejus.
1475 3739 1552 3801 At
1591 3757 1742 3803 vero
1782 3738 1847 3801 in

1956 3541 2346 3604 nominando
2378 3547 2580 3603 totum
2609 3559 2646 3602 a
2677 3558 2792 3601 sua
2821 3546 3021 3621 parte,
3047 3539 3115 3602 in
3149 3540 3313 3605 libro
3339 3542 3449 3605 Re-

1958 3660 2107 3721 gum
2138 3639 2438 3702 dicuntur
2458 3637 2878 3720 quadraginta
2905 3638 3112 3700 millia
3130 3640 3442 3720 equitum,
3521 3667 3712 3713 mam,

1960 3737 2065 3801 hic
2096 3757 2243 3801 vero
2273 3737 2692 3820 quadraginta
2721 3736 2922 3798 millia
2954 3736 3260 3818 peditum.

1468 4170 2120 4258 ARTICULUS
2197 4169 2352 4254 XX

688 4448 1004 4496 Exposrrlo
1046 4448 1327 4494 currum
1370 4445 1633 4492 Vlcesml
1676 4445 1689 4489 :
1736 4444 1977 4490 FAc‘rtm
2018 4443 2128 4488 EST
2171 4442 2375 4489 Aurem
2417 4441 2564 4487 POST
2607 4440 2755 4486 ANNI
2798 4440 3116 4487 cummuni.

469 4731 586 4795 ΟΝ
598 4729 927 4804 SEQUEN
942 4728 1106 4791 TER
1143 4728 1445 4791 recitatur
1482 4727 1611 4804 hic,
1649 4725 1855 4809 quali·
1884 4725 1933 4786 D
1960 4735 2020 4786 et
2050 4726 2288 4785 obsedit
2318 4724 2560 4786 Babba.
2585 4727 2791 4784 Porro
2813 4725 3032 4783 David
3059 4725 3355 4786 manebat
3373 4725 3447 4785 in

494 4841 595 4894 ter
624 4828 829 4893 David
872 4827 1283 4908 expugnavit,
1318 4825 1493 4904 vicit,
1528 4824 1847 4909 spoliavit,
1959 4827 2342 4893 Jerusalem,
2385 4824 2645 4903 quando
2677 4823 2836 4883 Joab
2870 4823 3190 4898 percussit
3227 4825 3447 4884 Babba

96 4942 311 4994 mana.
342 4939 409 4992 et
440 4929 577 4992 sihi
610 4926 891 5008 subjecit
922 4925 1099 4988 filios
1129 4925 1424 4988 Ammon.
1460 4928 1733 4987 Factum
1761 4932 1851 4984 est
1963 4933 2020 4984 et
2059 4924 2384 4984 destruxit
2424 4941 2588 4981 eam.
2632 4922 2806 4980 Tulit
2847 4929 3062 4980 autem
3092 4922 3312 4981 David
3351 4939 3449 4979 co·
3517 4949 3639 4994 md,
3667 4963 3738 5000 xn.

342 5039 575 5090 autem
596 5036 745 5106 post
778 5026 947 5086 anni
968 5026 1317 5093 circulum,
1336 5044 1405 5084 eo
1438 5033 1712 5102 tempore
1730 5041 1853 5102 quo
1962 5041 2192 5082 ronam
2223 5022 2536 5082 Melchom
2562 5021 2642 5078 de
2670 5019 2875 5094 capite
2903 5018 3070 5094 ejus,
3098 5027 3158 5078 et
3197 5019 3449 5078 invenit
3476 5014 3543 5063 ³⁰·
3564 5015 3632 5056 ³¹·

343 5131 559 5186 solent
578 5143 757 5201 reyes
778 5125 868 5184 ad
887 5123 1051 5182 bella
1062 5124 1430 5198 procedere,
1445 5123 1855 5198 conqreyavit
1964 5123 2037 5180 in
2067 5141 2141 5180 ea
2182 5121 2337 5180 auri
2355 5121 2573 5195 pondo
2616 5119 2951 5184 talentum,
2979 5125 3040 5176 et
3070 5117 3451 5192 pretiosissi-

342 5227 517 5288 Joab
542 5224 903 5284 emer-citum
932 5231 993 5282 et
1022 5222 1527 5290 robur-militiae,
1560 5229 1619 5279 et
1648 5229 1857 5281 vasta-
1964 5239 2101 5279 mas
2120 5235 2453 5292 yemmas,·
2480 5215 2758 5290 fecitque
2775 5213 2902 5270 sibi
2933 5213 3088 5272 inde
3115 5215 3444 5274 diadema.

346 5327 449 5384 vit
483 5335 729 5385 terram
766 5322 1062 5399 filiorum
1092 5321 1393 5380 Ammon.
1429 5320 1857 5397 Perrexitque
1966 5315 2316 5377 Manubias
2334 5330 2584 5391 quoque
2603 5309 2780 5368 urbis
2791 5311 3119 5385 plurimas
3141 5313 3316 5372 tulit.
3335 5314 3448 5372 Po-

616 5455 681 5506 T.
717 5456 768 5504 4.
3139 5445 3200 5494 11
