4309 6259
567 4644 647 4687 Pa.
662 4656 803 4694 xxxin,

541 4710 608 4750 20.

817 482 937 545 540

1685 504 2032 551 mannum
2075 505 2136 549 IN
2180 505 2315 550 CAP.
2362 503 2491 549 xvn
2530 502 2656 549 JOB.
2702 522 2783 532 -
2823 503 2967 550 ΛΒΤ.
3012 504 3089 549 11.

1934 910 2586 996 ARTICULUS
2662 911 2793 994 XL

1526 1188 1604 1232 DE
1655 1186 2043 1233 nonAtlTA‘rE
2095 1185 2359 1231 clusor-:u
2410 1184 2687 1230 cAPlTutl
2738 1185 3203 1231 SEPTmlDEcml.

939 1470 1311 1531 PIRITUS
1329 1490 1504 1529 meus
1533 1471 1997 1531 attenuabitur.
2020 1467 2148 1530 Hoc
2180 1466 2307 1529 cui·
2339 1465 2388 1526 A
2420 1473 2662 1554 peccati
2692 1471 3075 1555 profundius
3106 1471 3440 1554 conspicit,
3472 1479 3531 1532 et
3564 1469 3907 1533 cordialius

959 1567 1116 1629 libet
1164 1567 1406 1629 homini
1447 1566 1674 1629 viatori
1725 1569 1896 1647 justo
1937 1586 2010 1629 ac
2057 1566 2307 1648 sapien-

819 1668 891 1745 ti,
916 1667 1438 1731 tribulationibus
1469 1668 1774 1749 exposito,
1809 1668 2110 1749 competit
2145 1684 2159 1727 :
2194 1667 2306 1747 qui

820 1774 1058 1849 quanto
1113 1785 1181 1828 36
1229 1766 1417 1830 morti
1467 1767 1740 1848 amplius
1792 1766 2309 1849 appropinquare

823 1865 1180 1949 perpendit,
1217 1884 1292 1928 eo
1331 1884 1400 1928 se
1433 1866 1638 1947 ipsum
1682 1866 1978 1927 subtilius
2022 1864 2306 1940 discutit,

818 1987 855 2029 a
901 1965 1139 2045 grossis
1187 1974 1250 2027 et
1292 1964 1558 2029 terrenis
1605 1963 1949 2029 affectibus
1999 1986 2066 2028 36
2109 1964 2311 2043 magis

819 2073 1148 2139 extenuat,
1211 2064 1478 2144 gloriam
1539 2064 1866 2127 Beatorum
1929 2064 2310 2147 profundius

821 2164 1160 2246 speculari,
1214 2172 1276 2225 ct
1325 2164 1810 2245 superaltissimi
1866 2163 1974 2225 Dei
2027 2163 2313 2245 proprie-

821 2271 980 2324 tates
1023 2261 1334 2324 sincerius
1374 2262 1791 2343 contemplari
1831 2270 2116 2324 conatur.
2164 2264 2313 2322 Dies

820 2365 949 2422 mei
987 2364 1472 2421 breviabuntur.
1517 2360 1650 2435 Quo
1689 2360 1834 2441 quis
1888 2358 2116 2422 futurae
2166 2359 2313 2422 vitae

820 2460 1236 2523 aetcrnitatem
1283 2460 1724 2540 sapientialius
1757 2468 2004 2540 pensat,
2039 2478 2114 2522 eo
2160 2468 2316 2521 tem-

823 2579 942 2642 pus
973 2578 1100 2639 quo
1130 2559 1292 2622 vivit
1323 2559 1451 2636 hic,
1474 2558 1731 2621 brevius
1762 2558 2315 2645 arbitratur.N-un-

2420 1571 2639 1635 deflet.
2691 1573 3015 1647 Praeterea,
3064 1572 3351 1652 quaedam
3410 1579 3507 1633 est
3550 1570 3907 1633 amaritudo

2417 1671 2668 1746 vitiosa,
2702 1690 2845 1752 quae
2876 1679 2972 1732 est
3004 1670 3213 1752 passio
3244 1669 3441 1731 animi
3471 1668 3903 1745 immoderata,

2418 1771 2717 1834 virtuosae
2735 1769 3058 1832 dulcedini
3080 1769 3311 1832 mentis
3328 1768 3659 1832 contraria.
3676 1768 3762 1829 De
3780 1787 3907 1849 qua

2419 1865 2899 1931 Ecclesiasticus
2942 1866 3133 1929 habet
3168 1884 3181 1928 :
3216 1866 3349 1929 Non
3392 1874 3487 1928 est
3529 1884 3754 1927 36113113
3794 1865 3905 1927 ubi

2419 1966 2703 2028 abundat
2730 1966 3107 2028 amaritudo.
3128 1966 3205 2027 Et
3223 1965 3450 2027 Paulus
3470 1965 3551 2026 ad
3570 1964 3908 2046 Ephesios:

2419 2064 2638 2128 Omnis
2696 2065 3075 2141 amaritud0‚
3129 2065 3243 2140 ira,
3296 2072 3359 2127 et
3418 2063 3797 2145 indignatiO‚
3846 2074 3909 2127 et

2422 2164 2662 2228 clamor
2712 2163 2974 2226 tollatur
3023 2183 3059 2225 a
3104 2163 3310 2226 vobis.
3344 2163 3523 2225 Nunc
3570 2171 3783 2225 autem
3830 2165 3910 2227 de

2421 2264 2590 2326 bona
2616 2272 2679 2325 et
2709 2262 3135 2345 poenitentiali
3166 2262 3591 2325 amaritudine
3620 2270 3717 2325 est
3743 2282 3913 2325 men-

2421 2364 2532 2438 tio,
2568 2370 2631 2425 et
2660 2363 2739 2425 de
2769 2361 2943 2424 omni
2980 2362 3197 2425 dolore
3235 2362 3517 2425 virtuose
3560 2370 3909 2443 assumpte,

2422 2480 2549 2543 quo
2580 2460 2725 2542 quis
2760 2460 3090 2523 caritative
3127 2460 3447 2541 affligitur
3484 2461 3561 2522 de
3602 2480 3717 2521 sua
3757 2460 3914 2524 alio-

2424 2579 2692 2640 rumque
2731 2558 2939 2641 culpa,
2976 2560 3055 2621 06
3094 2560 3279 2622 1116113
3308 2559 3627 2633 Ecclesiae,
3665 2559 3915 2623 dilatio-

823 2678 1011 2740 quam
1065 2675 1215 2737 ergo
1261 2657 1326 2719 in
1378 2656 1486 2719 Dei
1532 2656 1842 2737 obsequio
1889 2656 2308 2732 attaeffiemur,
2351 2654 2396 2717 B
2426 2678 2633 2739 neque
2652 2658 3152 2739 gloriaezquibus
3172 2656 3707 2719 amaritudinibus
3728 2657 3911 2721 electi

825 2776 940 2819 nec
972 2756 1155 2837 quasi
1195 2756 1274 2817 de
1318 2754 1620 2837 temporis
1662 2754 2142 2835 longiturnitate
2180 2773 2315 2833 gra-

823 2874 1087 2928 vemur3
1126 2854 1233 2917 360
1268 2860 1332 2915 et
1370 2870 1445 2915 eo
1475 2852 1691 2914 minus
1731 2850 2096 2915 afficiamur
2131 2854 2211 2915 ad
2242 2872 2315 2915 ea

823 2974 966 3035 quae
1010 2952 1230 3015 mundi
1273 2960 1440 3027 sunt,
1476 2969 1604 3032 quo
1653 2952 1958 3032 majorem
2011 2951 2315 3032 temporis

826 3050 1027 3115 nostri
1064 3060 1308 3133 partem
1354 3049 1618 3113 fluxisse
1655 3051 2107 3133 conspicimus,
2140 3050 2314 3124 Quod

825 3152 878 3213 si
913 3150 1214 3213 universa
1245 3149 1367 3211 ista
1403 3150 1642 3212 caduca
1669 3158 1858 3230 atque
1897 3148 2179 3211 carnalia
2203 3149 2315 3210 Dei

825 3268 1040 3311 amore
1071 3256 1138 3310 ut
1173 3256 1448 3311 stercora
1483 3267 1919 3329 aspernamur,
1956 3266 2201 3329 nosque
2240 3248 2318 3310 de

828 3346 1118 3428 proximo
1149 3346 1490 3409 morituros
1517 3346 1826 3425 sagaciter
1849 3347 2202 3429 opinamur,
2227 3345 2320 3407 ni-

827 3443 918 3506 hil
968 3444 1154 3507 nobis
1199 3444 1266 3505 in
1311 3443 1542 3507 saeculo
1593 3444 1715 3506 isto
1766 3463 2099 3525 superesse
2150 3443 2320 3505 dice-

829 3563 991 3619 111113,
1039 3562 1230 3624 quam
1280 3543 1623 3619 tumulum,
1669 3542 1834 3604 sicut
1882 3542 2315 3624 subjungitur,

825 3654 886 3703 et
911 3646 1118 3702 solum
1150 3643 1319 3702 mihi
1344 3652 1627 3719 superest
1654 3646 2044 3720 sepulcrum.

896 3740 1201 3821 Denique,
1227 3739 1281 3801 si
1307 3738 1451 3820 quis
1471 3740 1597 3802 Deo
1620 3739 1942 3803 revelante
1969 3748 2078 3801 aut
2103 3740 2321 3819 aliquo

2423 2756 2710 2837 quotidie
2738 2754 3139 2818 afficiuntur.
3162 2756 3248 2819 De
3277 2755 3719 2836 hujuscemodi
3748 2774 3916 2818 ama-

2425 2856 2705 2918 ritudine
2736 2854 2837 2918 cui
2870 2855 3088 2919 divina
3120 2855 3469 2918 consolatio
3497 2864 3909 2936 praeparatur,

2426 2954 2726 3018 Salomon
2759 2954 3043 3035 loquitur
3080 2972 3094 3017 z
3128 2954 3249 3017 Cor
3278 2955 3447 3035 quod
3480 2953 3658 3017 novit
3686 2954 3915 3017 animae

2426 3074 2555 3115 suae
2618 3052 3133 3129 amaritudinem,
3189 3053 3255 3115 in
3314 3053 3546 3133 gaudio
3596 3053 3736 3133 ejus
3789 3070 3913 3115 non

2428 3153 2801 3216 miscebitur
2832 3160 3189 3215 extraneuS.

2508 3254 2741 3313 Libera
2774 3273 2890 3312 me.
2926 3251 3055 3313 Hoc
3082 3269 3337 3315 oramus
3368 3250 3825 3324 indesinenter,
3849 3250 3915 3313 in

2427 3348 2722 3412 Oratione
2753 3349 3073 3412 dominica
3101 3349 3499 3431 deprecando
3522 3348 3781 3410 :Libera
3804 3366 3917 3411 nos

2428 3468 2465 3511 a
2500 3448 2687 3523 male,
2723 3447 3023 3511 videlicet
3056 3467 3091 3508 a
3138 3448 3304 3511 malo
3341 3446 3545 3529 culpae
3583 3456 3647 3510 et
3690 3466 3915 3529 poenae,

2428 3546 2509 3608 ab
2544 3546 2719 3609 omni
2754 3546 3235 3628 impugnatione
3276 3554 3467 3627 atque
3494 3545 3805 3627 periculo.
3838 3548 3923 3607 Ec

2424 3666 2593 3724 pone
2620 3666 2717 3705 me
2730 3645 2937 3722 juaeca
2972 3654 3047 3705 te.
3071 3644 3255 3706 Juxta
3286 3644 3479 3707 Deum
3514 3644 3919 3714 immensum,

2429 3743 2671 3824 ubique
2712 3762 2860 3805 vere
2898 3750 3296 3824 praesentem,
3333 3741 3545 3805 omnia
3592 3750 3931 3823 penetran-

828 3841 1016 3903 modo
1059 3838 1428 3918 cognoverit
1473 3857 1541 3900 se
1587 3857 1714 3900 non
1767 3855 1881 3919 pro
1929 3838 2062 3899 suis
2109 3837 2321 3917 affligi
2355 3835 2400 3899 C
2434 3850 2581 3914 tem,
2630 3841 2743 3922 qui
2792 3840 2965 3904 solus
3004 3860 3213 3903 rerum
3266 3841 3562 3904 essentiis
3614 3840 3924 3914 illabitur,

829 3937 1126 4021 peccatiS‚
1149 3938 1256 3999 360
1291 3943 1399 3997 aut
1431 3955 1545 4017 pro
1575 3956 1689 3998 sua
1718 3935 2190 4012 exercitatione,
2212 3943 2323 3998 aut

829 4037 1097 4099 aliorum
1133 4034 1581 4112 aedificatione,
1609 4036 1707 4098 vel
1743 4044 1812 4096 ut
1844 4034 1911 4096 in
1943 4035 2145 4116 gratia
2177 4035 2322 4117 plus

829 4135 1111 4198 abundet
1134 4142 1196 4197 et
1226 4133 1566 4214 gloriosius
1598 4140 1959 4211 coronetur,
1985 4134 2199 4196 dicere
2222 4152 2324 4216 po-

830 4240 952 4296 test
988 4250 1002 4295 :
1039 4234 1187 4295 Non
1222 4234 1512 4309 peccavi,
1561 4241 1687 4294 tam
1730 4232 2028 4312 graviter,
2072 4240 2144 4293 ut
2192 4240 2324 4293 tan-

833 4340 960 4393 tam
991 4330 1418 4393 afflictionem
1461 4331 1824 4404 meruerim‚
1862 4348 1936 4393 eo
1967 4331 2157 4393 modo
2198 4349 2325 4410 quo

832 4430 952 4494 hoc
1002 4431 1080 4491 06
1127 4429 1313 4491 beato
1360 4429 1476 4491 Job
1525 4428 1645 4490 fuit
1694 4429 2094 4511 expositum3
2146 4440 2206 4489 ec
2252 4431 2326 4489 in

833 4530 1396 4591 amaritudinibus
1419 4538 1711 4589 moratur
1731 4532 1953 4589 oculus
1973 4550 2169 4590 meus,
2189 4527 2329 4589 Mul-

835 4636 914 4690 tae
961 4626 1136 4689 enim
1188 4626 1632 4689 tribulationes
1675 4628 1994 4707 justorum
2039 4644 2052 4689 :
2106 4626 2217 4707 qui
2268 4634 2330 4689 et

835 4726 1240 4808 quotidianos
1293 4745 1440 4788 suos
1491 4725 1774 4788 veniales
1821 4725 2108 4789 defectus
2154 4728 2333 4789 velut

839 4842 1064 4904 magna
1109 4832 1365 4907 peccata
1408 4824 1982 4888 amaritudinaliter
2022 4825 2334 4907 plangunt

2430 3940 2738 4021 omnique
2798 3939 3047 4003 homini
3108 3940 3534 4022 propinquior
3582 3946 3679 4001 est
3736 3958 3927 4020 quam

2432 4038 2794 4103 essentialia
2827 4040 2967 4118 ejus
2998 4038 3336 4121 principia,
3373 4046 3549 4101 tanto
3579 4038 3723 4121 plus
3753 4038 3930 4119 poni-

2434 4157 2598 4214 mur,
2632 4156 2761 4217 quo
2792 4138 2933 4218 ejus
2974 4144 3194 4200 sancto
3224 4155 3439 4200 amore
3478 4136 3681 4216 magis
3711 4156 3933 4199 accen-

2432 4236 2667 4311 dimur,
2686 4244 2750 4299 et
2779 4236 2948 4299 dono
2980 4235 3312 4317 sapientiae
3342 4235 3576 4298 clarius
3606 4235 3686 4297 ad
3719 4235 3929 4318 ipsum

2435 4335 2997 4415 contemplandum
3042 4334 3513 4417 perfundimur.
3549 4334 3799 4397 Etenim
3838 4333 3933 4395 in-

2435 4441 2758 4497 cremento
2814 4433 3033 4512 gratiae
3080 4453 3155 4496 ac
3203 4432 3513 4495 virtutum
3562 4433 3691 4496 Deo
3741 4432 3930 4494 incir-

2436 4530 2924 4613 cumscriptibili
2951 4531 3466 4612 propinquamus.
3484 4530 3601 4594 Sed
3626 4531 3925 4613 quoniam

2438 4631 2707 4692 durante
2754 4630 2901 4692 vitae
2950 4630 3144 4711 hujus
3183 4628 3522 4704 curricu10‚
3568 4630 3929 4711 peregrina-

2440 4747 2582 4789 mur
2612 4748 2649 4790 a
2680 4727 2964 4804 Domin0,
2987 4746 3103 4810 per
3132 4728 3344 4802 fidem,
3368 4746 3495 4790 non
3516 4746 3631 4810 per
3652 4728 3926 4810 speciem

2438 4826 2825 4906 gradienteS,
2867 4827 3007 4889 1060
3054 4826 3119 4889 111
3166 4827 3283 4889 hac
3314 4826 3445 4889 vita
3482 4845 3609 4889 non
3650 4825 3932 4909 perfecte

841 4944 953 4987 3611
983 4924 1201 4987 dolent
1233 4932 1408 4985 tanto
1431 4922 1598 5005 pluS‚
1619 4941 1746 5003 quo
1765 4924 2121 4987 Creatorem
2146 4942 2329 4985 suum
2442 4924 2744 5006 ponimur
2780 4926 2950 5007 apud
2981 4926 3201 5002 Deum,
3235 4925 3343 4988 sed
3380 4924 3447 4987 in
3480 4924 3709 5007 patria.
3744 4925 3933 5007 quue

841 5021 1189 5086 ardentiori
1221 5040 1295 5083 ac
1335 5020 1578 5103 puriori
1615 5020 2128 5102 complectuntur
2168 5040 2336 5083 amo·
2366 5028 2415 5089 l)
2446 5041 2803 5104 precamur,
2856 5031 2927 5085 ut
2974 5023 3065 5085 ibi
3104 5023 3282 5104 juxta
3330 5042 3477 5085 eum
3532 5024 3837 5101 locemur,
3873 5024 3935 5084 id

842 5141 932 5197 re,
979 5140 1106 5203 quo
1147 5120 1300 5182 item
1345 5118 1667 5201 copiosius
1706 5119 1979 5201 desuper
2018 5112 2338 5182 illustran-
2446 5128 2561 5197 est,
2620 5140 2734 5203 per
2790 5122 3065 5203 speciem
3121 5122 3266 5203 ejus
3316 5130 3796 5203 supersanctam
3844 5142 3936 5185 es-

843 5229 966 5281 tur.
1023 5218 1372 5301 Siquidem,
1427 5237 1553 5299 quo
1600 5237 1779 5280 mens
1825 5218 2140 5281 radiosius
2190 5218 2337 5280 illu·
2450 5219 2721 5283 sentiam
2762 5220 3288 5301 contemplemur.
3316 5220 3527 5283 Nihilo
3568 5220 3807 5297 minus,
3834 5220 3936 5283 bo-

844 5317 1128 5380 minatur
1174 5337 1211 5379 a
1250 5316 1490 5399 Spiritu
1540 5316 1790 5395 Sancto,
1840 5335 1915 5380 eo
1962 5317 2340 5397 gravitatem
2457 5319 2524 5380 ni
2568 5338 2739 5382 nunc
2782 5320 2952 5402 apud
2981 5320 3180 5382 Deum
3218 5319 3369 5401 poni
3414 5318 3716 5382 dicuntur
3754 5320 3936 5383 modo

3958 1887 4211 1933 Eccltxu,

3942 1953 4005 1992 15.

3962 2090 4135 2145 Epheae.
4156 2106 4193 2132 n
4204 2124 4213 2134 .

3936 2155 4007 2194 31.

3968 2982 4124 3023 Prot.
4138 2994 4215 3021 xre.

3947 3046 4015 3085 to.

3974 3368 4151 3410 Metili.
4166 3382 4219 3408 u.

3953 3435 4017 3474 13.

3974 4654 4003 4697 ΙΙ
4016 4654 4129 4696 Cor.
4142 4657 4229 4701 τᾼῐ,

3954 4719 3992 4759 7.
