4309 6259
88 1305 305 1375 numni&

90 1402 185 1435 uxr,
202 1391 257 1430 ¹0.

92 2153 307 2204 Ibidmw„

118 2842 213 2886 uid.
232 2845 289 2888 ¹2.

124 3723 279 3769 Itidem.

134 4803 295 4854 ibidem.

856 487 1207 534 RNARRATIO
1250 489 1311 534 m
1354 488 1491 534 GAP.
1538 487 1559 533 1
1601 485 1759 531 unm
1800 484 1970 531 plum
2010 485 2538 532 PARALIPORENON.
2584 505 2666 514 —
2704 486 2849 532 ΛΒΤ.
2896 485 2918 534 1

3315 466 3426 530 111

332 666 563 724 verunt
590 666 654 722 et
684 657 1210 722 inhabitaverunt
1240 665 1475 721 terram
1500 655 1835 738 Troglody-
1864 656 1915 718 A
1944 663 2091 718 ante
2133 655 2298 718 Esau
2342 664 2767 719 commoratus
2807 675 2881 720 ac
2925 656 3287 720 dominatus
3335 663 3433 719 est

332 766 537 821 tarum
577 765 771 839 atque
810 757 1109 820 Arabiam
1150 775 1355 838 usque
1398 757 1477 818 ad
1525 755 1833 818 terminos

330 858 521 920 maris
586 857 807 919 Rubri.
857 857 1069 939 Apher
1120 875 1271 920 vero
1334 855 1514 918 silius
1560 853 1827 928 Madian,

333 954 538 1018 fertur
568 962 793 1018 contra
812 954 1075 1037 Libyam
1104 955 1362 1018 duxisse
1392 953 1739 1016 exercitum
1771 958 1835 1012 et

333 1053 749 1136 praevaluisse
806 1053 1069 1131 ibidem,
1121 1073 1159 1116 a
1207 1071 1335 1135 quo
1394 1051 1632 1134 posteri
1694 1049 1833 1131 ejus

332 1153 679 1235 Aphricam
710 1147 1268 1234 nuncupaverunt.

220 1275 267 1304 u
295 1293 305 1310 ‚
417 1253 662 1313 Genuic
692 1261 912 1312 autem
942 1252 1281 1312 Abraham
1305 1253 1511 1320 Isaac,
1544 1249 1733 1326 cujus
1760 1251 1834 1324 fi-

336 1351 415 1408 lii
434 1351 715 1428 fuerunt
734 1351 917 1410 Esau
946 1358 1006 1409 ec
1025 1352 1257 1420 Israel,
1280 1348 1343 1410 id
1363 1355 1460 1410 est
1487 1346 1695 1422 Jacob,
1721 1345 1832 1426 qui

334 1445 545 1528 primo
578 1454 841 1510 vocatus
872 1452 971 1508 est
995 1445 1211 1523 Jacob,
1248 1454 1468 1527 postea
1494 1443 1575 1507 ab
1604 1442 1831 1522 angelo

335 1545 544 1608 dictus
590 1552 689 1606 est
734 1544 947 1622 Israel,
985 1545 1167 1626 quasi
1197 1545 1297 1608 vir
1337 1545 1563 1607 videns
1604 1543 1827 1620 Deum,

336 1643 490 1705 utin
512 1642 749 1706 Genesi
769 1643 1065 1706 habetur.
1088 1647 1259 1706 Filii
1277 1646 1499 1705 Esau:
1522 1645 1827 1720 Eliphaz,

332 1744 619 1813 Rakael,
644 1743 869 1814 ,sellu-3,
900 1746 1143 1804 [helom
1171 1753 1229 1804 et
1262 1745 1436 1804 Core.
1471 1741 1833 1804 Secundum

1945 752 2009 814 in
2042 752 2336 816 Idumaea.
2362 753 2591 835 Sicque
2613 753 2751 816 filia
2771 755 2908 835 ejus
2931 754 3190 818 nomine
3211 753 3429 815 Tham-

1944 870 2045 928 na,
2097 870 2226 914 non
2274 852 2526 914 videtur
2577 860 2860 934 tempore
2911 851 3173 934 Eliphaz
3221 852 3432 916 adhuc

1943 949 2202 1026 vixisse,
2238 950 2339 1014 vel
2372 951 2593 1014 saltem
2625 948 2993 1014 concubitui
3025 959 3172 1033 apta
3203 949 3427 1014 fuisse.

1942 1049 2034 1111 Ad
2066 1048 2238 1130 quod
2269 1048 2633 1127 dicendum,
2667 1050 2838 1132 quod
2868 1049 3160 1113 homines
3193 1049 3288 1112 illi
3319 1049 3429 1112 diu

1943 1147 2260 1224 vixerunt,
2287 1157 2348 1211 et
2367 1147 2602 1211 Horraei
2628 1149 2722 1211 illi
2743 1169 2780 1212 a
2801 1148 2962 1211 filiis
2981 1149 3144 1212 Esau
3168 1147 3430 1213 fuerunt
3461 1168 3714 1222 voutam.

1946 1246 2204 1323 devicti,
2253 1253 2322 1308 ut
2371 1247 2439 1309 in
2489 1247 2974 1311 Deuteronomio
3023 1246 3426 1312 describitur.

1947 1344 2178 1426 Sicque
2208 1345 2467 1428 Eliphaz
2510 1347 2717 1428 potuit
2759 1345 2967 1410 filiam
3010 1347 3284 1429 alicujus
3325 1348 3432 1410 de-

1947 1442 2100 1506 victi
2140 1444 2563 1508 concubinam
2591 1446 2901 1527 accipere.
2934 1446 3086 1509 Nam
3119 1454 3181 1510 et
3212 1445 3428 1508 Hiero-

1946 1561 2175 1625 nymus
2201 1552 2610 1623 contestatur,
2643 1546 2815 1627 quod
2844 1545 3128 1608 Thamna
3157 1545 3280 1607 ista
3309 1544 3432 1607 suit

1945 1642 2306 1705 concubina
2334 1643 2596 1725 Eliphaz
2635 1645 2767 1726 jam
2812 1642 3082 1726 praefati.
3122 1645 3289 1706 Filii
3316 1648 3432 1706 So-

1946 1742 2052 1800 bal
2087 1762 2111 1801 .·
2133 1745 2362 1814 Aliam,
2403 1752 2463 1803 et
2494 1745 2881 1813 Manahaclz,
2909 1753 2968 1804 et
3013 1745 3202 1813 Ebal,
3233 1745 3434 1820 Seplci

332 1842 817 1924 Hieronymum,
842 1841 1103 1924 Eliphaz
1136 1841 1255 1904 iste
1289 1840 1411 1903 suit
1439 1860 1607 1903 unus
1637 1840 1830 1902 trium
1871 1837 1917 1900 B
1943 1851 2003 1901 et
2025 1845 2255 1903 Onam.
2279 1841 2458 1904 Circa
2487 1841 2608 1904 hoc
2638 1839 2840 1904 l'ertur
2866 1840 2933 1903 in
2963 1840 3184 1904 Glossa
3208 1859 3222 1903 τ
3247 1841 3431 1904 Alian

332 1941 689 2004 amicorum
719 1939 858 2016 Job,
892 1939 1007 2020 qui
1038 1948 1259 2003 contra
1296 1941 1590 2004 eumdem
1622 1939 1835 2021 dispu-

334 2039 515 2114 tavit,
560 2039 733 2100 sicut
782 2037 849 2100 in
900 2037 1065 2101 libro
1100 2038 1215 2102 Job
1264 2039 1565 2102 recitatur
1610 2055 1625 2099 :
1661 2037 1831 2119 quod

334 2145 398 2198 et
444 2136 673 2200 Glossa
726 2135 1159 2200 interlinearis
1212 2136 1279 2198 in
1326 2136 1619 2200 Genesim
1680 2135 1837 2197 insi-

338 2243 513 2297 nuat.
560 2237 734 2298 Filii
786 2237 1073 2312 Eliphaz
1113 2256 1135 2295 .·
1185 2238 1489 2306 Theman,
1539 2240 1737 2298 Omar
1778 2243 1837 2294 ec

334 2335 566 2413 Sepki,
600 2337 885 2406 Gallum,
924 2336 1145 2406 Cenez,
1184 2336 1504 2403 Thamna,
1546 2337 1831 2395 Amalec.

334 2431 669 2494 Ponuntur
699 2431 805 2495 hic
834 2439 1080 2512 septem
1110 2431 1369 2494 nomina
1402 2431 1687 2494 filiorum
1718 2429 1839 2492 Eli-

336 2530 539 2612 pha23
574 2531 939 2612 quaeritque
966 2529 1181 2608 glossa
1208 2528 1597 2610 Hieronymi,
1638 2527 1839 2610 quali-

340 2637 431 2692 ter
473 2629 763 2691 Thamna
801 2635 1077 2710 ponatur
1118 2627 1285 2690 inter
1333 2626 1507 2690 filios
1549 2627 1833 2709 Eliphaz,

336 2746 539 2808 quum
603 2725 671 2788 in
718 2726 946 2789 Genesi
1005 2725 1439 2808 couscriptum
1496 2725 1600 2802 sit,
1662 2727 1833 2807 quod

335 2826 627 2888 Thamna
646 2824 1009 2888 concubina
1028 2823 1289 2906 Eliphaz
1309 2824 1557 2907 peperit
1578 2824 1637 2888 01
1657 2824 1838 2887 Ama-

335 2924 453 2988 lec.
481 2925 579 2986 Ad
610 2924 809 3005 quod,
830 2931 899 2984 ut
930 2921 1127 2986 refert
1144 2923 1585 3005 HieronymuS,
1614 2923 1838 2986 dicunt

1945 1939 2065 2002 iste
2094 1940 2174 2003 de
2213 1959 2445 2020 genere
2473 1939 2891 2017 Horraeorum,
2928 1947 3188 2003 vocatur
3221 1940 3286 2002 in
3315 1939 3431 2004 Ge-
3475 1957 3723 2007 commu,

1944 2037 2082 2101 nesi
2135 2037 2360 2114 Alvan,
2411 2037 2475 2099 id
2532 2045 2627 2100 est
2684 2037 3034 2113 exaltatus;
3087 2037 3152 2101 in
3201 2038 3432 2101 Parali-
3461 2019 3528 2060 ²³·

1946 2154 2264 2218 pomenon
2315 2154 2486 2213 vero,
2538 2135 2743 2214 Alian,
2797 2137 2862 2198 id
2912 2145 3008 2200 est
3053 2137 3316 2219 ejectuS,
3351 2139 3429 2201 ad

1946 2233 2400 2296 insinuandum
2447 2234 2616 2315 quod
2647 2235 2884 2298 Horraei
2916 2234 3174 2298 suerunt
3203 2236 3432 2300 exalta-

1946 2333 2017 2410 ti,
2060 2341 2400 2415 antequam
2452 2331 2579 2394 filii
2627 2332 2792 2396 Esau
2841 2343 3148 2416 ceperunt
3198 2343 3428 2397 terram

1946 2450 2190 2507 eorum,
2235 2438 2455 2513 postea
2493 2449 2646 2494 vero
2689 2431 2898 2511 ejecti.
2935 2434 3104 2492 Filii
3144 2435 3382 2495 Sebeon
3408 2455 3431 2494 .·

1946 2532 2080 2592 Aia
2115 2539 2176 2589 et
2207 2533 2378 2590 Ana.
2413 2531 2584 2591 Filii
2611 2533 2762 2590 Ana
2801 2551 2824 2589 .·
2861 2531 3082 2591 Dison.
3115 2533 3282 2591 Filii
3309 2535 3435 2594 ›Di-

1944 2649 2058 2689 son
2092 2630 2484 2697 :Hamram‚
2531 2627 2642 2708 qui
2693 2627 2820 2691 alio
2869 2627 3128 2690 nomine
3178 2637 3434 2692 vocatus

1946 2734 2042 2791 est
2072 2726 2378 2802 Amadan,
2413 2736 2474 2786 et
2501 2728 2752 2788 Eseban
2781 2737 2839 2788 et
2865 2729 3159 2807 Jethran,
3191 2737 3250 2788 ec
3283 2730 3434 2790 Cha·

1946 2846 2093 2886 ran.
2126 2826 2296 2887 Filii
2326 2827 2486 2887 Eser
2515 2845 2538 2884 .·
2564 2827 2822 2885 Balaan
2862 2835 2920 2885 et
2951 2829 3204 2896 Zavan,
3233 2835 3290 2886 et
3319 2829 3432 2887 Ja-

1944 2943 2067 3004 σᾳη
2105 2923 2216 3004 qui
2260 2922 2326 2984 in
2363 2921 2591 2985 Genesi
2631 2920 2868 2984 dicitur
2898 2922 3090 2985 Aean.
3127 2925 3296 2985 Filii
3315 2925 3437 2984 -Di-
3491 2933 3701 2982 maa-1.

330 3023 607 3100 Hebraei,
640 3022 817 3105 quod
847 3021 1128 3084 Thamna
1159 3020 1285 3084 fuit
1321 3022 1685 3085 concubina
1714 3022 1836 3084 Eli-
1871 3025 1915 3090 C
1944 3043 2063 3083 san
2094 3039 2118 3082 .·
2147 3026 2292 3084 Hus
2322 3032 2381 3082 ei
2412 3025 2624 3082 Aran.

330 3124 495 3205 phaz
523 3145 539 3198 ς
574 3122 688 3185 sed
719 3120 873 3202 quia
910 3119 1181 3182 nutrivit
1209 3139 1349 3184 eam
1393 3120 1459 3186 in
1504 3121 1693 3184 domo
1725 3140 1839 3184 sua

331 3231 645 3302 tanquam
664 3218 937 3302 prolem,
963 3218 1107 3282 idco
1129 3218 1295 3282 inter
1314 3219 1454 3300 ejus
1481 3216 1505 3279 s
1508 3218 1653 3281 ilios
1672 3237 1839 3282 com-

333 3327 599 3402 putatur
652 3335 667 3380 :
720 3317 893 3400 quod
941 3316 1209 3380 abusive
1268 3316 1507 3380 dictum
1558 3316 1832 3380 videtur.

332 3419 479 3481 Ideo
512 3416 780 3499 quidam
818 3415 1031 3497 aptius
1072 3414 1317 3492 dicunt,
1352 3416 1523 3497 quod
1556 3415 1840 3478 Thamna

338 3517 667 3579 interdum
688 3505 798 3578 ⁴est
840 3532 1072 3579 nomen
1102 3513 1248 3590 viri,
1282 3522 1354 3576 ut
1395 3513 1523 3590 hic,
1558 3522 1622 3578 et
1668 3513 1841 3576 infra

337 3634 545 3697 quum
566 3612 827 3689 dicitur,
847 3613 983 3674 Dux
1002 3612 1315 3688 Thamna3
1335 3613 1720 3695 quandoque
1740 3631 1843 3677 ve-

341 3732 411 3776 ro
442 3731 687 3776 nomen
717 3719 815 3774 est
842 3709 1154 3774 mulieriS.
1178 3711 1355 3775 Unde
1384 3719 1449 3776 et
1478 3711 1669 3794 paulo
1698 3718 1843 3794 post

340 3811 578 3892 legitur
615 3827 631 3871 ε
666 3809 857 3872 Soror
898 3810 1097 3872 Lotan
1148 3808 1272 3872 l'uit
1319 3810 1624 3873 Thamna.
1674 3811 1843 3872 Filii

338 3913 603 3973 Ralzuel
635 3931 658 3969 .·
692 3911 987 3979 Nahum,
1036 3912 1233 3980 Zara,
1285 3911 1579 3980 Samma,
1626 3911 1837 3970 Meza.

418 4011 597 4070 Filii
626 4009 779 4070 Scir
799 4029 822 4067 .·
842 4011 1079 4078 Lotan,
1118 4010 1334 4079 Sobal,
1371 4009 1635 4078 sebeon,
1664 4010 1841 4079 Ana,

343 4110 579 4177 Dison,
614 4109 797 4178 Eser,
832 4108 1060 4167 Disan.
1096 4107 1265 4168 Filii
1292 4109 1501 4168 Lotan
1532 4127 1556 4166 .·
1589 4109 1757 4168 Hori
1783 4115 1845 4167 et

2012 3124 2137 3182 Isti
2154 3131 2306 3182 sunt
2326 3141 2501 3199 reyes
2519 3121 2640 3201 qui
2661 3122 3147 3198 imperaverunt
3167 3123 3242 3182 in
3265 3131 3438 3184 terra

1947 3222 2176 3290 Edom,
2208 3230 2556 3300 antequam
2601 3228 2756 3280 esset
2783 3239 2902 3279 rem
2928 3239 3122 3297 super
3147 3223 3331 3299 filios
3349 3225 3440 3283 Is-

1949 3321 2084 3378 rael
2112 3339 2135 3379 .·
2153 3322 2317 3380 Bale
2343 3320 2525 3397 filius
2555 3322 2744 3380 Beor.
2776 3316 3323 3391 Quemadmodum
3359 3319 3440 3382 fi-

1948 3415 2052 3477 liis
2083 3415 2270 3478 Israel
2305 3415 2370 3478 in
2411 3425 2642 3479 terram
2678 3416 3122 3498 promissionis
3155 3418 3440 3482 introdu-

1949 3514 2091 3591 ctiS,
2126 3514 2334 3596 primo
2375 3513 2775 3596 praefuerunt
2817 3515 3013 3578 duces
3043 3534 3154 3578 seu
3191 3517 3438 3598 judices

1950 3631 1988 3674 a
2024 3620 2311 3694 tempore
2337 3612 2524 3676 Josue
2564 3631 2771 3694 usque
2802 3613 2973 3690 Saul,
3008 3613 3119 3695 qui
3165 3613 3292 3676 fuit
3331 3635 3439 3678 rex
3484 3638 3617 3693 [1209.
3636 3638 3731 3688 ω.

1950 3710 2145 3773 totius
2193 3710 2551 3773 Israeliticae
2599 3711 2806 3792 plebis
2856 3711 3141 3790 legitime
3191 3712 3440 3776 institu-

1952 3818 2054 3872 tus
2081 3833 2096 3885 3
2128 3809 2360 3872 deinde
2389 3806 2784 3892 praefuerunt
2803 3809 2894 3872 015
2918 3827 3096 3890 reges
3127 3831 3331 3892 usque
3360 3812 3438 3874 ad

1952 3907 2399 3991 Babylonicam
2419 3905 2851 3989 captivitatem
2877 3930 2892 3982 ς
2920 3926 3048 3988 qua
3079 3907 3286 3987 finita,
3312 3928 3442 3972 rur*

1954 4027 2061 4069 sus
2093 4014 2406 4088 praeerant
2433 4007 2624 4069 duces
2656 4024 2766 4068 seu
2803 4005 3123 4089 principes
3152 4007 3438 4088 quidam,

1952 4105 2064 4187 qui
2104 4103 2530 4169 communiter
2568 4113 2750 4167 erant
2781 4095 3162 4186 pontifices3
3207 4115 3269 4170 et
3309 4115 3444 4170 tan-

346 4211 657 4268 Homam.
695 4205 872 4268 Sicut
901 4204 967 4266 iu
997 4203 1226 4268 Genesi
1272 4211 1467 4286 patet,
1501 4204 1666 4266 Esau
1696 4204 1842 4266 aliis
1873 4209 1922 4270 D
1954 4205 2099 4268 dem
2139 4205 2218 4267 ad
2250 4203 2569 4267 modicum
2615 4211 2866 4285 tempus
2911 4205 3172 4286 quidam
3221 4225 3440 4270 eorum

128 4312 280 4359 mm.
348 4303 727 4368 nominibus
774 4303 983 4366 dietus
1033 4310 1129 4366 est
1167 4303 1364 4365 Edom
1416 4311 1477 4366 et
1529 4303 1687 4366 Seir.
1724 4303 1842 4366 Sed
1954 4303 2199 4384 regium
2253 4303 2376 4365 sibi
2432 4302 2725 4366 diadema
2773 4302 3234 4385 imposuerunt,
3289 4316 3445 4388 puta

346 4404 467 4468 hoc
518 4401 665 4466 loco
713 4401 851 4464 Seii·
898 4401 1211 4484 accipitur
1259 4420 1374 4483 pro
1422 4401 1699 4483 quodam
1752 4402 1845 4466 sic

345 4509 743 4584 nuncupato,
776 4500 889 4582 qui
920 4499 1032 4562 diu
1060 4509 1207 4562 ante
1236 4499 1402 4563 Esau
1433 4500 1747 4563 habitavit
1776 4501 1842 4563 in

344 4601 643 4676 idumaea,
678 4606 742 4662 et
788 4597 914 4661 fuit
949 4599 1030 4661 de
1077 4615 1312 4677 genere
1352 4598 1771 4676 Ποῖ-10301010,
1809 4619 1847 4661 a

346 4718 475 4780 quo
508 4697 649 4761 Seir
690 4705 861 4760 terra
888 4696 1001 4758 illa
1035 4697 1244 4779 primo
1272 4704 1495 4760 vocata
1538 4705 1634 4759 est
1678 4705 1846 4760 terra

351 4797 508 4875 Scir,
545 4804 739 4880 prout
782 4796 953 4860 istud
998 4815 1191 4877 super
1218 4794 1490 4858 Genesin
1534 4792 1845 4858 diffusius

352 4893 475 4960 fuit
523 4895 911 4978 expositum.
944 4898 1148 4956 Soror
1194 4905 1411 4956 autem
1455 4897 1664 4956 Loccm
1707 4899 1846 4976 ficit

358 4999 673 5057 Thamna.
725 4993 888 5056 Dicit
935 4993 1116 5075 Lyra,
1170 4993 1340 5074 quod
1387 4992 1511 5054 ista
1559 4992 1847 5055 Thamna

355 5091 477 5156 fuit
506 5092 713 5175 ipsius
733 5091 995 5174 Eliphaz
1015 5091 1393 5155 concubina.
1415 5091 1647 5154 Contra
1676 5093 1847 5173 quod

355 5191 551 5275 objici
581 5199 816 5274 potest,
852 5191 1020 5272 quod
1055 5190 1339 5252 Thamna
1371 5189 1491 5251 ista
1521 5189 1643 5252 fuit
1672 5209 1851 5254 soror

356 5290 577 5366 Lotan,
610 5289 727 5372 qui
758 5287 887 5352 fuit
912 5287 1091 5351 filius
1121 5287 1257 5351 Seir
1286 5287 1558 5370 praei'ati,
1591 5288 1703 5369 qui
1737 5289 1849 5352 diu

1951 4403 2223 4464 Joannes
2244 4401 2588 4483 HyrcanuS,
2613 4401 2714 4465 vel
2748 4402 2962 4484 potius
2994 4401 3172 4465 filius
3202 4404 3360 4486 ejuS,
3381 4412 3445 4468 et

1954 4498 2081 4562 filii
2106 4501 2246 4581 ejus
2273 4517 2287 4560 ε
2323 4499 2414 4561 510
2445 4499 2704 4562 Idumaei
2748 4519 2824 4562 ex
2853 4500 3019 4562 Esau
3050 4501 3195 4579 orti,
3232 4502 3441 4584 primo

1954 4599 2336 4680 regebantur
2379 4616 2492 4679 per
2539 4597 2756 4676 (10005,
2790 4598 3023 4662 deinde
3074 4619 3188 4681 per
3236 4619 3436 4681 regeS,

1954 4697 2122 4760 inter
2157 4715 2318 4778 quos
2357 4697 2603 4778 primus
2636 4694 2761 4758 fuit
2791 4696 3089 4778 prael‘atus
3124 4699 3290 4774 Bale,
3326 4699 3439 4782 qui

1955 4796 2023 4858 in
2061 4794 2290 4858 Genesi
2331 4803 2593 4859 vocatur
2640 4795 2864 4869 Balac;
2919 4815 3035 4860 nec
3086 4795 3212 4858 fuit
3256 4796 3440 4860 Balac
3483 4819 3734 4870 cmxxxvi,

1956 4894 2086 4971 ille,
2131 4893 2242 4975 qui
2289 4894 2594 4956 conduxit
2641 4893 2912 4957 ariolum
2961 4895 3234 4972 Balaam,
3292 4915 3444 4977 quo-
3470 4885 3630 4989 ³}m·
3645 4957 3738 4996 ¹¹1¹.

1957 4992 2129 5056 niam
2181 4991 2292 5055 ille
2331 4992 2512 5056 Balac
2557 4992 2851 5072 regnavit
2893 4993 2961 5054 in
3001 4993 3176 5056 Moab
3222 5001 3285 5055 et
3323 4993 3443 5056 Ma·—
3471 5010 3668 5064 eumq.

1958 5092 2129 5168 dian,
2183 5099 2245 5154 et
2294 5090 2417 5153 fuit
2464 5090 2644 5152 filius
2692 5090 2957 5172 Sephor.
2994 5091 3276 5173 Denique
3304 5093 3448 5154 Idu-

1958 5189 2135 5253 maeis
2195 5188 2588 5271 praefuerunt
2645 5206 2824 5268 reges
2882 5189 3012 5250 nati
3071 5207 3148 5251 ex
3204 5190 3448 5254 semine

1958 5287 2226 5352 Abrahae
2255 5306 2369 5369 per
2399 5287 2561 5348 Esau
2601 5305 2807 5367 usque
2848 5287 2927 5349 ad
2957 5287 3173 5364 David,
3206 5288 3320 5369 qui
3361 5307 3448 5352 re-
