<?xml version="1.0" encoding="UTF-8"?>
<!DOCTYPE html PUBLIC "-//W3C//DTD XHTML 1.0 Transitional//EN"
    "http://www.w3.org/TR/xhtml1/DTD/xhtml1-transitional.dtd">
<html xmlns="http://www.w3.org/1999/xhtml" xml:lang="en" lang="en">
 <head>
  <title>
</title>
<meta http-equiv="Content-Type" content="text/html;charset=utf-8" />
  <meta name='ocr-system' content='tesseract 3.04.00' />
  <meta name='ocr-capabilities' content='ocr_page ocr_carea ocr_par ocr_line ocrx_word'/>
</head>
<body>
  <div class='ocr_page' id='page_1' title='image "./doctorisecstati06unkngoog_0502.png"; bbox 0 0 4309 6259; ppageno 0'>
   <div class='ocr_carea' id='block_1_1' title="bbox 571 1396 832 1451">
    <p class='ocr_par' dir='ltr' id='par_1_1' title="bbox 571 1396 832 1451">
     <span class='ocr_line' id='line_1_1' title="bbox 571 1396 832 1451; baseline 0.008 -12"><span class='ocrx_word' id='word_1_1' title='bbox 571 1396 704 1451; x_wconf 71' lang='grc' dir='ltr'><strong><em>δορὴ.</em></strong></span> <span class='ocrx_word' id='word_1_2' title='bbox 717 1398 832 1447; x_wconf 74' lang='grc'>1,4,6.</span> 
     </span>
    </p>
   </div>
   <div class='ocr_carea' id='block_1_2' title="bbox 607 802 815 851">
    <p class='ocr_par' dir='ltr' id='par_1_2' title="bbox 607 802 815 851">
     <span class='ocr_line' id='line_1_2' title="bbox 607 802 815 851; baseline 0 -6"><span class='ocrx_word' id='word_1_3' title='bbox 607 802 702 845; x_wconf 78' lang='lat' dir='ltr'><strong>Jer.</strong></span> <span class='ocrx_word' id='word_1_4' title='bbox 719 815 760 851; x_wconf 79' lang='grc'><strong>11,</strong></span> <span class='ocrx_word' id='word_1_5' title='bbox 772 804 815 845; x_wconf 83' lang='grc'><strong>5.</strong></span> 
     </span>
    </p>
   </div>
   <div class='ocr_carea' id='block_1_3' title="bbox 589 4644 824 4695">
    <p class='ocr_par' dir='ltr' id='par_1_3' title="bbox 589 4644 824 4695">
     <span class='ocr_line' id='line_1_3' title="bbox 589 4644 824 4695; baseline -0.009 -8"><span class='ocrx_word' id='word_1_6' title='bbox 589 4644 684 4687; x_wconf 74' lang='lat' dir='ltr'><strong>Jer.</strong></span> <span class='ocrx_word' id='word_1_7' title='bbox 701 4658 744 4695; x_wconf 86' lang='grc'><strong>11,</strong></span> <span class='ocrx_word' id='word_1_8' title='bbox 757 4644 824 4685; x_wconf 82' lang='lat'><strong>20.</strong></span> 
     </span>
    </p>
   </div>
   <div class='ocr_carea' id='block_1_4' title="bbox 586 4946 822 5023">
    <p class='ocr_par' dir='ltr' id='par_1_4' title="bbox 586 4946 822 5023">
     <span class='ocr_line' id='line_1_4' title="bbox 586 4946 822 5023; baseline 0.004 -33"><span class='ocrx_word' id='word_1_9' title='bbox 586 4946 670 5023; x_wconf 60' lang='lat' dir='ltr'><strong>{ob</strong></span> <span class='ocrx_word' id='word_1_10' title='bbox 685 4962 740 4999; x_wconf 78' lang='lat' dir='ltr'><strong>ix,</strong></span> <span class='ocrx_word' id='word_1_11' title='bbox 755 4952 822 5001; x_wconf 79' lang='grc'><strong>34,</strong></span> 
     </span>
    </p>
   </div>
   <div class='ocr_carea' id='block_1_5' title="bbox 561 5012 628 5052">
    <p class='ocr_par' dir='ltr' id='par_1_5' title="bbox 561 5012 628 5052">
     <span class='ocr_line' id='line_1_5' title="bbox 561 5012 628 5052; baseline 0.015 -1"><span class='ocrx_word' id='word_1_12' title='bbox 561 5012 628 5052; x_wconf 65' lang='grc'><strong>30.</strong></span> 
     </span>
    </p>
   </div>
   <div class='ocr_carea' id='block_1_6' title="bbox 859 505 980 569">
    <p class='ocr_par' dir='ltr' id='par_1_6' title="bbox 859 505 980 569">
     <span class='ocr_line' id='line_1_6' title="bbox 859 505 980 569; baseline 0 0"><span class='ocrx_word' id='word_1_13' title='bbox 859 505 980 569; x_wconf 77' lang='lat'><strong>468</strong></span> 
     </span>
    </p>
   </div>
   <div class='ocr_carea' id='block_1_7' title="bbox 1687 523 3121 570">
    <p class='ocr_par' dir='ltr' id='par_1_7' title="bbox 1687 523 3121 570">
     <span class='ocr_line' id='line_1_7' title="bbox 1687 523 3121 570; baseline -0.001 -1"><span class='ocrx_word' id='word_1_14' title='bbox 1687 523 2034 569; x_wconf 71' lang='lat' dir='ltr'><strong>ENARRATIO</strong></span> <span class='ocrx_word' id='word_1_15' title='bbox 2077 524 2138 569; x_wconf 84' lang='lat' dir='ltr'><strong>IN</strong></span> <span class='ocrx_word' id='word_1_16' title='bbox 2183 523 2319 570; x_wconf 77' lang='lat' dir='ltr'>CAP-</span> <span class='ocrx_word' id='word_1_17' title='bbox 2364 523 2429 570; x_wconf 83' lang='lat' dir='ltr'><strong>xl</strong></span> <span class='ocrx_word' id='word_1_18' title='bbox 2469 524 2595 569; x_wconf 79' lang='lat'><em>1013.</em></span> <span class='ocrx_word' id='word_1_19' title='bbox 2640 542 2723 551; x_wconf 95' lang='lat'><strong>—</strong></span> <span class='ocrx_word' id='word_1_20' title='bbox 2762 523 2905 569; x_wconf 69' lang='grc' dir='ltr'><strong>ΛΒΤ.</strong></span> <span class='ocrx_word' id='word_1_21' title='bbox 2950 523 3121 569; x_wconf 78' lang='lat' dir='ltr'><strong>nvn</strong></span> 
     </span>
    </p>
   </div>
   <div class='ocr_carea' id='block_1_8' title="bbox 859 691 3951 775">
    <p class='ocr_par' dir='ltr' id='par_1_8' title="bbox 859 691 3951 775">
     <span class='ocr_line' id='line_1_8' title="bbox 859 691 3951 775; baseline -0.001 -20"><span class='ocrx_word' id='word_1_22' title='bbox 859 701 922 755; x_wconf 93' lang='lat' dir='ltr'><strong>et</strong></span> <span class='ocrx_word' id='word_1_23' title='bbox 971 693 1256 767; x_wconf 88' lang='lat' dir='ltr'><strong>veritate,</strong></span> <span class='ocrx_word' id='word_1_24' title='bbox 1307 692 1612 756; x_wconf 88' lang='lat' dir='ltr'><strong>Dominus</strong></span> <span class='ocrx_word' id='word_1_25' title='bbox 1653 694 1743 754; x_wconf 91' lang='lat' dir='ltr'><strong>ait</strong></span> <span class='ocrx_word' id='word_1_26' title='bbox 1792 712 1904 775; x_wconf 91' lang='lat' dir='ltr'><strong>per</strong></span> <span class='ocrx_word' id='word_1_27' title='bbox 1947 693 2281 756; x_wconf 85' lang='lat' dir='ltr'><strong>Jeremiam</strong></span> <span class='ocrx_word' id='word_1_28' title='bbox 2330 691 2430 754; x_wconf 80' lang='lat' dir='ltr'><strong>:A</strong></span> <span class='ocrx_word' id='word_1_29' title='bbox 2460 701 2556 754; x_wconf 92' lang='lat' dir='ltr'><strong>est</strong></span> <span class='ocrx_word' id='word_1_30' title='bbox 2601 692 2937 768; x_wconf 87' lang='lat' dir='ltr'><strong>indurasti,</strong></span> <span class='ocrx_word' id='word_1_31' title='bbox 2983 713 3093 753; x_wconf 86' lang='lat' dir='ltr'><strong>cor</strong></span> <span class='ocrx_word' id='word_1_32' title='bbox 3138 702 3323 754; x_wconf 82' lang='lat' dir='ltr'><strong>tuum</strong></span> <span class='ocrx_word' id='word_1_33' title='bbox 3366 693 3433 754; x_wconf 91' lang='lat' dir='ltr'><strong>in</strong></span> <span class='ocrx_word' id='word_1_34' title='bbox 3476 692 3741 766; x_wconf 87' lang='lat' dir='ltr'><strong>malitia,</strong></span> <span class='ocrx_word' id='word_1_35' title='bbox 3786 710 3951 773; x_wconf 90' lang='lat' dir='ltr'><strong>quo-</strong></span> 
     </span>
    </p>
   </div>
   <div class='ocr_carea' id='block_1_9' title="bbox 858 791 2353 1853">
    <p class='ocr_par' dir='ltr' id='par_1_9' title="bbox 858 791 2352 1660">
     <span class='ocr_line' id='line_1_9' title="bbox 858 791 2352 873; baseline -0.001 -19"><span class='ocrx_word' id='word_1_36' title='bbox 858 791 1018 865; x_wconf 89' lang='lat' dir='ltr'><strong>Quid</strong></span> <span class='ocrx_word' id='word_1_37' title='bbox 1049 792 1429 855; x_wconf 88' lang='lat' dir='ltr'><strong>invenerunt</strong></span> <span class='ocrx_word' id='word_1_38' title='bbox 1459 801 1668 873; x_wconf 89' lang='lat' dir='ltr'><strong>patres</strong></span> <span class='ocrx_word' id='word_1_39' title='bbox 1699 792 1890 854; x_wconf 90' lang='lat' dir='ltr'><strong>vestri</strong></span> <span class='ocrx_word' id='word_1_40' title='bbox 1915 792 1979 853; x_wconf 91' lang='lat' dir='ltr'><strong>in</strong></span> <span class='ocrx_word' id='word_1_41' title='bbox 2003 811 2104 853; x_wconf 84' lang='lat' dir='ltr'><strong>me</strong></span> <span class='ocrx_word' id='word_1_42' title='bbox 2126 791 2352 872; x_wconf 90' lang='lat' dir='ltr'><strong>iniqui-</strong></span> 
     </span>
     <span class='ocr_line' id='line_1_10' title="bbox 861 889 2345 971; baseline -0.001 -19"><span class='ocrx_word' id='word_1_43' title='bbox 861 891 1029 967; x_wconf 80' lang='lat' dir='ltr'><strong>tatis,</strong></span> <span class='ocrx_word' id='word_1_44' title='bbox 1065 891 1218 971; x_wconf 89' lang='lat' dir='ltr'><strong>quia</strong></span> <span class='ocrx_word' id='word_1_45' title='bbox 1259 889 1751 953; x_wconf 87' lang='lat' dir='ltr'><strong>ambulaverunt</strong></span> <span class='ocrx_word' id='word_1_46' title='bbox 1795 898 1940 971; x_wconf 87' lang='lat' dir='ltr'><strong>post</strong></span> <span class='ocrx_word' id='word_1_47' title='bbox 1975 890 2345 966; x_wconf 85' lang='lat' dir='ltr'><strong>vanitatem,</strong></span> 
     </span>
     <span class='ocr_line' id='line_1_11' title="bbox 859 988 2349 1067; baseline -0.002 -15"><span class='ocrx_word' id='word_1_48' title='bbox 859 998 923 1052; x_wconf 89' lang='lat' dir='ltr'><strong>et</strong></span> <span class='ocrx_word' id='word_1_49' title='bbox 953 989 1099 1052; x_wconf 82' lang='lat' dir='ltr'><strong>vani</strong></span> <span class='ocrx_word' id='word_1_50' title='bbox 1130 988 1283 1051; x_wconf 80' lang='lat' dir='ltr'><strong>facti</strong></span> <span class='ocrx_word' id='word_1_51' title='bbox 1325 992 1514 1051; x_wconf 72' lang='lat' dir='ltr'><strong>sunt?</strong></span> <span class='ocrx_word' id='word_1_52' title='bbox 1537 992 1621 1051; x_wconf 77' lang='lat' dir='ltr'><strong>Et</strong></span> <span class='ocrx_word' id='word_1_53' title='bbox 1655 992 1874 1049; x_wconf 78' lang='lat' dir='ltr'><strong>videns</strong></span> <span class='ocrx_word' id='word_1_54' title='bbox 1903 990 2349 1067; x_wconf 78' lang='lat' dir='ltr'><strong>iniquitatem,</strong></span> 
     </span>
     <span class='ocr_line' id='line_1_12' title="bbox 861 1086 2352 1167; baseline -0.001 -18"><span class='ocrx_word' id='word_1_55' title='bbox 861 1109 1073 1149; x_wconf 84' lang='lat' dir='ltr'><strong>nonne</strong></span> <span class='ocrx_word' id='word_1_56' title='bbox 1113 1090 1479 1149; x_wconf 73' lang='lat' dir='ltr'><strong>considerat</strong></span> <span class='ocrx_word' id='word_1_57' title='bbox 1521 1105 1658 1149; x_wconf 90' lang='lat' dir='ltr'><strong>eam</strong></span> <span class='ocrx_word' id='word_1_58' title='bbox 1707 1088 1784 1148; x_wconf 87' lang='lat' dir='ltr'><strong>ad</strong></span> <span class='ocrx_word' id='word_1_59' title='bbox 1826 1086 2246 1167; x_wconf 88' lang='lat' dir='ltr'><strong>judicandum</strong></span> <span class='ocrx_word' id='word_1_60' title='bbox 2288 1094 2352 1149; x_wconf 90' lang='lat' dir='ltr'><strong>et</strong></span> 
     </span>
     <span class='ocr_line' id='line_1_13' title="bbox 860 1185 2352 1266; baseline -0.001 -18"><span class='ocrx_word' id='word_1_61' title='bbox 860 1186 1346 1249; x_wconf 67' lang='lat' dir='ltr'><strong>ulciscendum?</strong></span> <span class='ocrx_word' id='word_1_62' title='bbox 1390 1185 1574 1266; x_wconf 85' lang='lat' dir='ltr'>quasi</span> <span class='ocrx_word' id='word_1_63' title='bbox 1621 1186 1791 1248; x_wconf 89' lang='lat' dir='ltr'><strong>dicat</strong></span> <span class='ocrx_word' id='word_1_64' title='bbox 1842 1202 1855 1246; x_wconf 91' lang='lat'>:</span> <span class='ocrx_word' id='word_1_65' title='bbox 1897 1185 2149 1266; x_wconf 82' lang='lat' dir='ltr'><strong>Utique,</strong></span> <span class='ocrx_word' id='word_1_66' title='bbox 2196 1186 2352 1266; x_wconf 90' lang='lat' dir='ltr'><strong>quia</strong></span> 
     </span>
     <span class='ocr_line' id='line_1_14' title="bbox 862 1282 2351 1365; baseline 0.001 -20"><span class='ocrx_word' id='word_1_67' title='bbox 862 1284 1176 1365; x_wconf 79' lang='lat' dir='ltr'><strong>sapientia</strong></span> <span class='ocrx_word' id='word_1_68' title='bbox 1217 1291 1282 1347; x_wconf 88' lang='lat' dir='ltr'><strong>et</strong></span> <span class='ocrx_word' id='word_1_69' title='bbox 1323 1283 1572 1364; x_wconf 86' lang='lat' dir='ltr'><strong>justitia</strong></span> <span class='ocrx_word' id='word_1_70' title='bbox 1613 1282 1719 1345; x_wconf 91' lang='lat' dir='ltr'><strong>Dei</strong></span> <span class='ocrx_word' id='word_1_71' title='bbox 1771 1282 1836 1344; x_wconf 92' lang='lat' dir='ltr'><strong>id</strong></span> <span class='ocrx_word' id='word_1_72' title='bbox 1879 1282 2161 1364; x_wconf 85' lang='lat' dir='ltr'><strong>exigunt.</strong></span> <span class='ocrx_word' id='word_1_73' title='bbox 2206 1284 2351 1347; x_wconf 89' lang='lat' dir='ltr'><strong>Ideo</strong></span> 
     </span>
     <span class='ocr_line' id='line_1_15' title="bbox 862 1381 2348 1463; baseline 0.001 -20"><span class='ocrx_word' id='word_1_74' title='bbox 862 1401 976 1463; x_wconf 88' lang='lat' dir='ltr'><strong>per</strong></span> <span class='ocrx_word' id='word_1_75' title='bbox 1024 1382 1410 1463; x_wconf 86' lang='lat' dir='ltr'><strong>Sophoniam</strong></span> <span class='ocrx_word' id='word_1_76' title='bbox 1459 1389 1723 1443; x_wconf 88' lang='lat' dir='ltr'><strong>testatur</strong></span> <span class='ocrx_word' id='word_1_77' title='bbox 1771 1398 1784 1441; x_wconf 91' lang='lat'><strong>:</strong></span> <span class='ocrx_word' id='word_1_78' title='bbox 1830 1381 2200 1463; x_wconf 88' lang='lat' dir='ltr'><strong>Disperdam</strong></span> <span class='ocrx_word' id='word_1_79' title='bbox 2241 1400 2348 1444; x_wconf 90' lang='lat' dir='ltr'><strong>eos</strong></span> 
     </span>
     <span class='ocr_line' id='line_1_16' title="bbox 861 1480 2351 1562; baseline 0 -21"><span class='ocrx_word' id='word_1_80' title='bbox 861 1480 974 1561; x_wconf 92' lang='lat' dir='ltr'><strong>qui</strong></span> <span class='ocrx_word' id='word_1_81' title='bbox 1005 1488 1382 1545; x_wconf 87' lang='lat' dir='ltr'><strong>avertuntur</strong></span> <span class='ocrx_word' id='word_1_82' title='bbox 1409 1481 1486 1542; x_wconf 83' lang='lat' dir='ltr'><strong>de</strong></span> <span class='ocrx_word' id='word_1_83' title='bbox 1519 1488 1662 1562; x_wconf 90' lang='lat' dir='ltr'><strong>post</strong></span> <span class='ocrx_word' id='word_1_84' title='bbox 1703 1488 1946 1559; x_wconf 89' lang='lat' dir='ltr'><strong>tergum</strong></span> <span class='ocrx_word' id='word_1_85' title='bbox 1979 1480 2253 1551; x_wconf 86' lang='lat' dir='ltr'><strong>Domini,</strong></span> <span class='ocrx_word' id='word_1_86' title='bbox 2287 1490 2351 1543; x_wconf 88' lang='lat' dir='ltr'><strong>et</strong></span> 
     </span>
     <span class='ocr_line' id='line_1_17' title="bbox 861 1578 1996 1660; baseline -0.002 -19"><span class='ocrx_word' id='word_1_87' title='bbox 861 1579 972 1660; x_wconf 91' lang='lat' dir='ltr'><strong>qui</strong></span> <span class='ocrx_word' id='word_1_88' title='bbox 1006 1598 1132 1642; x_wconf 88' lang='lat' dir='ltr'><strong>non</strong></span> <span class='ocrx_word' id='word_1_89' title='bbox 1166 1578 1606 1659; x_wconf 83' lang='lat' dir='ltr'><strong>exquisierunt</strong></span> <span class='ocrx_word' id='word_1_90' title='bbox 1639 1578 1996 1641; x_wconf 90' lang='lat' dir='ltr'><strong>Dominum.</strong></span> 
     </span>
    </p>

    <p class='ocr_par' dir='ltr' id='par_1_10' title="bbox 863 1678 2353 1853">
     <span class='ocr_line' id='line_1_18' title="bbox 958 1678 2353 1747; baseline -0.002 -6"><span class='ocrx_word' id='word_1_91' title='bbox 958 1681 1068 1741; x_wconf 77' lang='lat' dir='ltr'><strong>Vir</strong></span> <span class='ocrx_word' id='word_1_92' title='bbox 1099 1699 1332 1747; x_wconf 80' lang='lat' dir='ltr'><strong>vanus,</strong></span> <span class='ocrx_word' id='word_1_93' title='bbox 1363 1678 1426 1739; x_wconf 92' lang='lat' dir='ltr'><strong>id</strong></span> <span class='ocrx_word' id='word_1_94' title='bbox 1458 1686 1555 1739; x_wconf 91' lang='lat' dir='ltr'><strong>est</strong></span> <span class='ocrx_word' id='word_1_95' title='bbox 1584 1685 1796 1739; x_wconf 92' lang='lat' dir='ltr'><strong>mente</strong></span> <span class='ocrx_word' id='word_1_96' title='bbox 1827 1696 2087 1739; x_wconf 88' lang='lat' dir='ltr'><strong>aversus</strong></span> <span class='ocrx_word' id='word_1_97' title='bbox 2115 1696 2152 1739; x_wconf 90' lang='lat' dir='ltr'><strong>a</strong></span> <span class='ocrx_word' id='word_1_98' title='bbox 2184 1696 2353 1739; x_wconf 92' lang='lat' dir='ltr'><strong>sum-</strong></span> 
     </span>
     <span class='ocr_line' id='line_1_19' title="bbox 863 1774 2353 1853; baseline 0.001 -15"><span class='ocrx_word' id='word_1_99' title='bbox 863 1796 988 1853; x_wconf 84' lang='lat' dir='ltr'><strong>me,</strong></span> <span class='ocrx_word' id='word_1_100' title='bbox 1014 1796 1165 1839; x_wconf 87' lang='lat' dir='ltr'><strong>vero</strong></span> <span class='ocrx_word' id='word_1_101' title='bbox 1186 1784 1250 1839; x_wconf 93' lang='lat' dir='ltr'><strong>et</strong></span> <span class='ocrx_word' id='word_1_102' title='bbox 1269 1774 1634 1839; x_wconf 83' lang='lat' dir='ltr'><strong>invariabili</strong></span> <span class='ocrx_word' id='word_1_103' title='bbox 1663 1774 1855 1851; x_wconf 91' lang='lat' dir='ltr'><strong>bono,</strong></span> <span class='ocrx_word' id='word_1_104' title='bbox 1878 1776 2134 1838; x_wconf 82' lang='lat' dir='ltr'><strong>caducis</strong></span> <span class='ocrx_word' id='word_1_105' title='bbox 2166 1775 2353 1839; x_wconf 82' lang='lat' dir='ltr'><strong>inhae-</strong></span> 
     </span>
    </p>
   </div>
   <div class='ocr_carea' id='block_1_10' title="bbox 2456 791 3951 1837">
    <p class='ocr_par' dir='ltr' id='par_1_11' title="bbox 2456 791 3951 1837">
     <span class='ocr_line' id='line_1_20' title="bbox 2458 791 3949 873; baseline -0.001 -20"><span class='ocrx_word' id='word_1_106' title='bbox 2458 792 2628 853; x_wconf 90' lang='lat' dir='ltr'><strong>niam</strong></span> <span class='ocrx_word' id='word_1_107' title='bbox 2670 792 3084 873; x_wconf 75' lang='lat' dir='ltr'><strong>pertinaciter</strong></span> <span class='ocrx_word' id='word_1_108' title='bbox 3124 810 3342 854; x_wconf 90' lang='lat' dir='ltr'><strong>manes</strong></span> <span class='ocrx_word' id='word_1_109' title='bbox 3387 791 3452 854; x_wconf 89' lang='lat' dir='ltr'><strong>in</strong></span> <span class='ocrx_word' id='word_1_110' title='bbox 3493 800 3597 853; x_wconf 92' lang='lat' dir='ltr'><strong>tua</strong></span> <span class='ocrx_word' id='word_1_111' title='bbox 3638 810 3949 872; x_wconf 79' lang='lat' dir='ltr'><strong>praesum·</strong></span> 
     </span>
     <span class='ocr_line' id='line_1_21' title="bbox 2459 889 3949 973; baseline -0.001 -22"><span class='ocrx_word' id='word_1_112' title='bbox 2459 890 2700 971; x_wconf 89' lang='lat' dir='ltr'><strong>ptione‚</strong></span> <span class='ocrx_word' id='word_1_113' title='bbox 2742 890 3117 973; x_wconf 88' lang='lat' dir='ltr'><strong>propriique</strong></span> <span class='ocrx_word' id='word_1_114' title='bbox 3154 890 3387 953; x_wconf 89' lang='lat' dir='ltr'><strong>erroris</strong></span> <span class='ocrx_word' id='word_1_115' title='bbox 3431 889 3845 963; x_wconf 82' lang='lat' dir='ltr'><strong>defensione3</strong></span> <span class='ocrx_word' id='word_1_116' title='bbox 3886 899 3949 949; x_wconf 78' lang='lat' dir='ltr'><strong>ee</strong></span> 
     </span>
     <span class='ocr_line' id='line_1_22' title="bbox 2456 988 3951 1066; baseline 0.001 -18"><span class='ocrx_word' id='word_1_117' title='bbox 2456 991 2836 1066; x_wconf 62' lang='lat' dir='ltr'><strong>expandisti</strong></span> <span class='ocrx_word' id='word_1_118' title='bbox 2862 992 2950 1049; x_wconf 85' lang='lat' dir='ltr'><strong>ad</strong></span> <span class='ocrx_word' id='word_1_119' title='bbox 2976 1010 3125 1049; x_wconf 81' lang='lat' dir='ltr'><strong>eum</strong></span> <span class='ocrx_word' id='word_1_120' title='bbox 3158 1010 3394 1049; x_wconf 76' lang='lat' dir='ltr'><strong>manus</strong></span> <span class='ocrx_word' id='word_1_121' title='bbox 3428 1000 3571 1049; x_wconf 81' lang='lat' dir='ltr'><strong>tuas</strong></span> <span class='ocrx_word' id='word_1_122' title='bbox 3610 988 3675 1049; x_wconf 88' lang='lat' dir='ltr'><strong>in</strong></span> <span class='ocrx_word' id='word_1_123' title='bbox 3716 988 3951 1050; x_wconf 79' lang='lat' dir='ltr'><strong>oratio-</strong></span> 
     </span>
     <span class='ocr_line' id='line_1_23' title="bbox 2460 1086 3948 1168; baseline 0 -21"><span class='ocrx_word' id='word_1_124' title='bbox 2460 1106 2560 1162; x_wconf 83' lang='grc'>116,</span> <span class='ocrx_word' id='word_1_125' title='bbox 2579 1087 2761 1168; x_wconf 89' lang='lat' dir='ltr'><strong>quasi</strong></span> <span class='ocrx_word' id='word_1_126' title='bbox 2794 1086 3101 1149; x_wconf 82' lang='lat' dir='ltr'><strong>innocens</strong></span> <span class='ocrx_word' id='word_1_127' title='bbox 3130 1106 3323 1149; x_wconf 81' lang='lat' dir='ltr'><strong>esses,</strong></span> <span class='ocrx_word' id='word_1_128' title='bbox 3346 1086 3534 1160; x_wconf 84' lang='lat' dir='ltr'><strong>Quasi</strong></span> <span class='ocrx_word' id='word_1_129' title='bbox 3562 1086 3753 1163; x_wconf 88' lang='lat' dir='ltr'><strong>dicat,</strong></span> <span class='ocrx_word' id='word_1_130' title='bbox 3776 1086 3948 1147; x_wconf 88' lang='lat' dir='ltr'><strong>Talis</strong></span> 
     </span>
     <span class='ocr_line' id='line_1_24' title="bbox 2458 1184 3947 1266; baseline 0 -21"><span class='ocrx_word' id='word_1_131' title='bbox 2458 1185 2761 1266; x_wconf 85' lang='lat' dir='ltr'><strong>expansio</strong></span> <span class='ocrx_word' id='word_1_132' title='bbox 2792 1185 2928 1247; x_wconf 91' lang='lat' dir='ltr'><strong>sive</strong></span> <span class='ocrx_word' id='word_1_133' title='bbox 2956 1184 3158 1248; x_wconf 87' lang='lat' dir='ltr'><strong>oratio</strong></span> <span class='ocrx_word' id='word_1_134' title='bbox 3189 1194 3393 1247; x_wconf 78' lang='lat' dir='ltr'><strong>exstat</strong></span> <span class='ocrx_word' id='word_1_135' title='bbox 3425 1184 3673 1246; x_wconf 87' lang='lat' dir='ltr'><strong>inutilis</strong></span> <span class='ocrx_word' id='word_1_136' title='bbox 3710 1201 3725 1245; x_wconf 74' lang='grc' dir='ltr'>ε</span> <span class='ocrx_word' id='word_1_137' title='bbox 3758 1192 3947 1266; x_wconf 86' lang='lat' dir='ltr'><strong>prout</strong></span> 
     </span>
     <span class='ocr_line' id='line_1_25' title="bbox 2458 1282 3949 1363; baseline 0.001 -18"><span class='ocrx_word' id='word_1_138' title='bbox 2458 1302 2571 1363; x_wconf 87' lang='lat' dir='ltr'><strong>per</strong></span> <span class='ocrx_word' id='word_1_139' title='bbox 2609 1283 2831 1345; x_wconf 89' lang='lat' dir='ltr'><strong>Isaiam</strong></span> <span class='ocrx_word' id='word_1_140' title='bbox 2872 1283 3175 1345; x_wconf 90' lang='lat' dir='ltr'><strong>Dominus</strong></span> <span class='ocrx_word' id='word_1_141' title='bbox 3216 1282 3305 1344; x_wconf 91' lang='lat' dir='ltr'><strong>ait</strong></span> <span class='ocrx_word' id='word_1_142' title='bbox 3348 1300 3363 1345; x_wconf 90' lang='lat'><strong>:</strong></span> <span class='ocrx_word' id='word_1_143' title='bbox 3405 1282 3607 1357; x_wconf 87' lang='lat' dir='ltr'><strong>Quum</strong></span> <span class='ocrx_word' id='word_1_144' title='bbox 3650 1284 3949 1345; x_wconf 80' lang='lat' dir='ltr'><strong>extende-</strong></span> 
     </span>
     <span class='ocr_line' id='line_1_26' title="bbox 2460 1381 3945 1457; baseline 0.002 -16"><span class='ocrx_word' id='word_1_145' title='bbox 2460 1381 2597 1442; x_wconf 90' lang='lat' dir='ltr'><strong>ritis</strong></span> <span class='ocrx_word' id='word_1_146' title='bbox 2627 1400 2855 1443; x_wconf 87' lang='lat' dir='ltr'><strong>manus</strong></span> <span class='ocrx_word' id='word_1_147' title='bbox 2886 1390 3151 1457; x_wconf 83' lang='lat' dir='ltr'><strong>vestras,</strong></span> <span class='ocrx_word' id='word_1_148' title='bbox 3176 1390 3453 1445; x_wconf 80' lang='lat' dir='ltr'><strong>avertam</strong></span> <span class='ocrx_word' id='word_1_149' title='bbox 3486 1381 3703 1444; x_wconf 89' lang='lat' dir='ltr'><strong>oculos</strong></span> <span class='ocrx_word' id='word_1_150' title='bbox 3734 1401 3945 1454; x_wconf 80' lang='lat' dir='ltr'><strong>meos3</strong></span> 
     </span>
     <span class='ocr_line' id='line_1_27' title="bbox 2460 1480 3945 1562; baseline 0 -21"><span class='ocrx_word' id='word_1_151' title='bbox 2460 1498 2683 1542; x_wconf 87' lang='lat' dir='ltr'><strong>manus</strong></span> <span class='ocrx_word' id='word_1_152' title='bbox 2712 1481 2884 1543; x_wconf 89' lang='lat' dir='ltr'><strong>enim</strong></span> <span class='ocrx_word' id='word_1_153' title='bbox 2920 1488 3143 1542; x_wconf 81' lang='lat' dir='ltr'><strong>vestrae</strong></span> <span class='ocrx_word' id='word_1_154' title='bbox 3184 1480 3495 1561; x_wconf 83' lang='lat' dir='ltr'><strong>sanguine</strong></span> <span class='ocrx_word' id='word_1_155' title='bbox 3533 1480 3739 1562; x_wconf 85' lang='lat' dir='ltr'><strong>plenae</strong></span> <span class='ocrx_word' id='word_1_156' title='bbox 3772 1491 3945 1542; x_wconf 88' lang='lat' dir='ltr'><strong>sunt.</strong></span> 
     </span>
     <span class='ocr_line' id='line_1_28' title="bbox 2456 1577 3951 1660; baseline 0.001 -21"><span class='ocrx_word' id='word_1_157' title='bbox 2456 1577 2571 1652; x_wconf 87' lang='lat' dir='ltr'><strong>Qui</strong></span> <span class='ocrx_word' id='word_1_158' title='bbox 2605 1596 2757 1660; x_wconf 82' lang='lat' dir='ltr'><strong>ergo</strong></span> <span class='ocrx_word' id='word_1_159' title='bbox 2788 1579 2923 1642; x_wconf 86' lang='lat' dir='ltr'><strong>vult</strong></span> <span class='ocrx_word' id='word_1_160' title='bbox 2954 1577 3241 1641; x_wconf 81' lang='lat' dir='ltr'><strong>exaudiri</strong></span> <span class='ocrx_word' id='word_1_161' title='bbox 3270 1598 3306 1640; x_wconf 87' lang='lat' dir='ltr'><strong>a</strong></span> <span class='ocrx_word' id='word_1_162' title='bbox 3330 1579 3735 1653; x_wconf 81' lang='lat' dir='ltr'><strong>De0,studea&#39;t</strong></span> <span class='ocrx_word' id='word_1_163' title='bbox 3754 1597 3951 1660; x_wconf 86' lang='lat' dir='ltr'><strong>opera</strong></span> 
     </span>
     <span class='ocr_line' id='line_1_29' title="bbox 2460 1676 3951 1753; baseline 0 -14"><span class='ocrx_word' id='word_1_164' title='bbox 2460 1676 2671 1739; x_wconf 85' lang='lat' dir='ltr'><strong>verbis</strong></span> <span class='ocrx_word' id='word_1_165' title='bbox 2728 1676 3152 1753; x_wconf 84' lang='lat' dir='ltr'><strong>conformare,</strong></span> <span class='ocrx_word' id='word_1_166' title='bbox 3211 1676 3438 1739; x_wconf 90' lang='lat' dir='ltr'><strong>docilis</strong></span> <span class='ocrx_word' id='word_1_167' title='bbox 3498 1696 3657 1753; x_wconf 89' lang='lat' dir='ltr'><strong>esse,</strong></span> <span class='ocrx_word' id='word_1_168' title='bbox 3712 1676 3951 1740; x_wconf 82' lang='lat' dir='ltr'><strong>divinae</strong></span> 
     </span>
     <span class='ocr_line' id='line_1_30' title="bbox 2461 1774 3213 1837; baseline -0.001 0"><span class='ocrx_word' id='word_1_169' title='bbox 2461 1774 2771 1837; x_wconf 91' lang='lat' dir='ltr'><strong>voluntati</strong></span> <span class='ocrx_word' id='word_1_170' title='bbox 2812 1794 2881 1837; x_wconf 90' lang='lat' dir='ltr'><strong>se</strong></span> <span class='ocrx_word' id='word_1_171' title='bbox 2920 1774 3213 1837; x_wconf 89' lang='lat' dir='ltr'><strong>subdere.</strong></span> 
     </span>
    </p>
   </div>
   <div class='ocr_carea' id='block_1_11' title="bbox 863 1872 3950 1955">
    <p class='ocr_par' dir='ltr' id='par_1_12' title="bbox 863 1872 3950 1955">
     <span class='ocr_line' id='line_1_31' title="bbox 863 1872 3950 1955; baseline -0 -18"><span class='ocrx_word' id='word_1_172' title='bbox 863 1894 1030 1951; x_wconf 75' lang='grc'>16115,</span> <span class='ocrx_word' id='word_1_173' title='bbox 1063 1873 1409 1937; x_wconf 91' lang='lat' dir='ltr'><strong>virtutibus</strong></span> <span class='ocrx_word' id='word_1_174' title='bbox 1439 1893 1683 1948; x_wconf 80' lang='lat' dir='ltr'><strong>carenS,</strong></span> <span class='ocrx_word' id='word_1_175' title='bbox 1717 1874 1893 1937; x_wconf 89' lang='lat' dir='ltr'><strong>vitiis</strong></span> <span class='ocrx_word' id='word_1_176' title='bbox 1925 1874 2201 1951; x_wconf 81' lang='lat' dir='ltr'><strong>dedituS,</strong></span> <span class='ocrx_word' id='word_1_177' title='bbox 2239 1875 2345 1955; x_wconf 89' lang='lat' dir='ltr'><strong>qui</strong></span> <span class='ocrx_word' id='word_1_178' title='bbox 2388 1879 2434 1940; x_wconf 93' lang='lat' dir='ltr'>B</span> <span class='ocrx_word' id='word_1_179' title='bbox 2537 1873 2698 1935; x_wconf 89' lang='lat' dir='ltr'><strong>Hinc</strong></span> <span class='ocrx_word' id='word_1_180' title='bbox 2740 1873 2984 1955; x_wconf 90' lang='lat' dir='ltr'><strong>Sophar</strong></span> <span class='ocrx_word' id='word_1_181' title='bbox 3032 1872 3365 1954; x_wconf 86' lang='lat' dir='ltr'><strong>subjungit</strong></span> <span class='ocrx_word' id='word_1_182' title='bbox 3412 1891 3763 1953; x_wconf 85' lang='lat' dir='ltr'><strong>congruum</strong></span> <span class='ocrx_word' id='word_1_183' title='bbox 3816 1892 3950 1936; x_wconf 89' lang='lat' dir='ltr'><strong>mo-</strong></span> 
     </span>
    </p>
   </div>
   <div class='ocr_carea' id='block_1_12' title="bbox 858 1970 2351 3037">
    <p class='ocr_par' dir='ltr' id='par_1_13' title="bbox 858 1970 2351 3037">
     <span class='ocr_line' id='line_1_32' title="bbox 862 1970 2351 2048; baseline -0.002 -14"><span class='ocrx_word' id='word_1_184' title='bbox 862 1972 1038 2035; x_wconf 91' lang='lat' dir='ltr'><strong>omni</strong></span> <span class='ocrx_word' id='word_1_185' title='bbox 1071 1972 1206 2034; x_wconf 91' lang='lat' dir='ltr'><strong>luto</strong></span> <span class='ocrx_word' id='word_1_186' title='bbox 1245 1978 1308 2033; x_wconf 92' lang='lat' dir='ltr'><strong>et</strong></span> <span class='ocrx_word' id='word_1_187' title='bbox 1343 1979 1620 2033; x_wconf 80' lang='lat' dir='ltr'><strong>stercore</strong></span> <span class='ocrx_word' id='word_1_188' title='bbox 1661 1970 1852 2034; x_wconf 90' lang='lat' dir='ltr'><strong>vilior</strong></span> <span class='ocrx_word' id='word_1_189' title='bbox 1879 1979 1997 2047; x_wconf 92' lang='lat' dir='ltr'><strong>est,</strong></span> <span class='ocrx_word' id='word_1_190' title='bbox 2031 1974 2104 2031; x_wconf 80' lang='lat' dir='ltr'><strong>in</strong></span> <span class='ocrx_word' id='word_1_191' title='bbox 2131 1993 2351 2048; x_wconf 76' lang='lat' dir='ltr'><strong>super-</strong></span> 
     </span>
     <span class='ocr_line' id='line_1_33' title="bbox 861 2068 2351 2151; baseline 0 -21"><span class='ocrx_word' id='word_1_192' title='bbox 861 2072 1036 2131; x_wconf 82' lang='lat' dir='ltr'><strong>biam</strong></span> <span class='ocrx_word' id='word_1_193' title='bbox 1065 2072 1374 2146; x_wconf 66' lang='lat' dir='ltr'><strong>eriqicur,</strong></span> <span class='ocrx_word' id='word_1_194' title='bbox 1405 2068 1467 2130; x_wconf 92' lang='lat' dir='ltr'><strong>id</strong></span> <span class='ocrx_word' id='word_1_195' title='bbox 1500 2077 1618 2146; x_wconf 86' lang='lat' dir='ltr'><strong>est,</strong></span> <span class='ocrx_word' id='word_1_196' title='bbox 1642 2077 1853 2131; x_wconf 91' lang='lat' dir='ltr'><strong>mente</strong></span> <span class='ocrx_word' id='word_1_197' title='bbox 1882 2069 2133 2131; x_wconf 84' lang='lat' dir='ltr'><strong>extollit</strong></span> <span class='ocrx_word' id='word_1_198' title='bbox 2164 2088 2233 2131; x_wconf 93' lang='lat' dir='ltr'><strong>se</strong></span> <span class='ocrx_word' id='word_1_199' title='bbox 2262 2070 2351 2151; x_wconf 91' lang='lat' dir='ltr'><strong>ip-</strong></span> 
     </span>
     <span class='ocr_line' id='line_1_34' title="bbox 862 2168 2351 2250; baseline -0.001 -19"><span class='ocrx_word' id='word_1_200' title='bbox 862 2189 1002 2231; x_wconf 90' lang='lat' dir='ltr'><strong>sum</strong></span> <span class='ocrx_word' id='word_1_201' title='bbox 1045 2169 1210 2231; x_wconf 88' lang='lat' dir='ltr'><strong>ultra</strong></span> <span class='ocrx_word' id='word_1_202' title='bbox 1259 2168 1589 2250; x_wconf 87' lang='lat' dir='ltr'><strong>proprium</strong></span> <span class='ocrx_word' id='word_1_203' title='bbox 1628 2168 1890 2247; x_wconf 86' lang='lat' dir='ltr'><strong>gradum</strong></span> <span class='ocrx_word' id='word_1_204' title='bbox 1933 2176 2122 2250; x_wconf 90' lang='lat' dir='ltr'><strong>atque</strong></span> <span class='ocrx_word' id='word_1_205' title='bbox 2174 2188 2351 2231; x_wconf 92' lang='lat' dir='ltr'><strong>men-</strong></span> 
     </span>
     <span class='ocr_line' id='line_1_35' title="bbox 859 2265 2351 2347; baseline -0.001 -18"><span class='ocrx_word' id='word_1_206' title='bbox 859 2286 1094 2342; x_wconf 89' lang='lat' dir='ltr'><strong>suram,</strong></span> <span class='ocrx_word' id='word_1_207' title='bbox 1129 2266 1311 2347; x_wconf 89' lang='lat' dir='ltr'><strong>quasi</strong></span> <span class='ocrx_word' id='word_1_208' title='bbox 1344 2266 1627 2329; x_wconf 88' lang='lat' dir='ltr'><strong>Creatori</strong></span> <span class='ocrx_word' id='word_1_209' title='bbox 1661 2284 1776 2328; x_wconf 89' lang='lat' dir='ltr'><strong>suo</strong></span> <span class='ocrx_word' id='word_1_210' title='bbox 1807 2265 1993 2328; x_wconf 89' lang='lat' dir='ltr'><strong>subdi</strong></span> <span class='ocrx_word' id='word_1_211' title='bbox 2032 2265 2351 2347; x_wconf 90' lang='lat' dir='ltr'><strong>obligatus</strong></span> 
     </span>
     <span class='ocr_line' id='line_1_36' title="bbox 859 2363 2350 2446; baseline -0.001 -18"><span class='ocrx_word' id='word_1_212' title='bbox 859 2385 985 2429; x_wconf 88' lang='lat' dir='ltr'><strong>non</strong></span> <span class='ocrx_word' id='word_1_213' title='bbox 1018 2373 1208 2440; x_wconf 91' lang='lat' dir='ltr'><strong>esset,</strong></span> <span class='ocrx_word' id='word_1_214' title='bbox 1245 2363 1482 2427; x_wconf 89' lang='lat' dir='ltr'><strong>oblitus</strong></span> <span class='ocrx_word' id='word_1_215' title='bbox 1516 2365 1790 2446; x_wconf 85' lang='lat' dir='ltr'><strong>propriae</strong></span> <span class='ocrx_word' id='word_1_216' title='bbox 1831 2364 2252 2440; x_wconf 83' lang='lat' dir='ltr'><strong>iufirmitatiS‚</strong></span> <span class='ocrx_word' id='word_1_217' title='bbox 2286 2374 2350 2427; x_wconf 93' lang='lat' dir='ltr'><strong>et</strong></span> 
     </span>
     <span class='ocr_line' id='line_1_37' title="bbox 859 2461 2351 2546; baseline -0.001 -19"><span class='ocrx_word' id='word_1_218' title='bbox 859 2464 1143 2546; x_wconf 89' lang='lat' dir='ltr'><strong>pericula</strong></span> <span class='ocrx_word' id='word_1_219' title='bbox 1195 2461 1432 2545; x_wconf 88' lang='lat' dir='ltr'><strong>quibus</strong></span> <span class='ocrx_word' id='word_1_220' title='bbox 1485 2463 1811 2544; x_wconf 85' lang='lat' dir='ltr'><strong>expositus</strong></span> <span class='ocrx_word' id='word_1_221' title='bbox 1860 2470 1976 2539; x_wconf 92' lang='lat' dir='ltr'><strong>est,</strong></span> <span class='ocrx_word' id='word_1_222' title='bbox 2035 2482 2165 2525; x_wconf 90' lang='lat' dir='ltr'><strong>non</strong></span> <span class='ocrx_word' id='word_1_223' title='bbox 2211 2482 2351 2544; x_wconf 86' lang='lat' dir='ltr'><strong>per-</strong></span> 
     </span>
     <span class='ocr_line' id='line_1_38' title="bbox 861 2561 2343 2645; baseline -0.002 -19"><span class='ocrx_word' id='word_1_224' title='bbox 861 2564 1166 2645; x_wconf 88' lang='lat' dir='ltr'><strong>pendens.</strong></span> <span class='ocrx_word' id='word_1_225' title='bbox 1214 2561 1416 2635; x_wconf 89' lang='lat' dir='ltr'><strong>Quum</strong></span> <span class='ocrx_word' id='word_1_226' title='bbox 1461 2561 1633 2624; x_wconf 90' lang='lat' dir='ltr'><strong>enim</strong></span> <span class='ocrx_word' id='word_1_227' title='bbox 1681 2580 1716 2622; x_wconf 90' lang='lat' dir='ltr'><strong>a</strong></span> <span class='ocrx_word' id='word_1_228' title='bbox 1755 2561 1880 2623; x_wconf 91' lang='lat' dir='ltr'><strong>Deo</strong></span> <span class='ocrx_word' id='word_1_229' title='bbox 1922 2580 2184 2623; x_wconf 90' lang='lat' dir='ltr'><strong>aversus</strong></span> <span class='ocrx_word' id='word_1_230' title='bbox 2228 2570 2343 2639; x_wconf 91' lang='lat' dir='ltr'><strong>est,</strong></span> 
     </span>
     <span class='ocr_line' id='line_1_39' title="bbox 860 2658 2349 2741; baseline -0.001 -17"><span class='ocrx_word' id='word_1_231' title='bbox 860 2662 1160 2724; x_wconf 88' lang='lat' dir='ltr'><strong>vitiorum</strong></span> <span class='ocrx_word' id='word_1_232' title='bbox 1190 2660 1464 2740; x_wconf 87' lang='lat' dir='ltr'><strong>caligine</strong></span> <span class='ocrx_word' id='word_1_233' title='bbox 1493 2658 1977 2732; x_wconf 63' lang='lat' dir='ltr'><strong>obtenebratum</strong></span> <span class='ocrx_word' id='word_1_234' title='bbox 2012 2667 2074 2721; x_wconf 90' lang='lat' dir='ltr'><strong>et</strong></span> <span class='ocrx_word' id='word_1_235' title='bbox 2104 2679 2179 2722; x_wconf 89' lang='lat' dir='ltr'><strong>ea</strong></span> <span class='ocrx_word' id='word_1_236' title='bbox 2208 2680 2349 2741; x_wconf 85' lang='lat' dir='ltr'><strong>quae</strong></span> 
     </span>
     <span class='ocr_line' id='line_1_40' title="bbox 861 2757 2349 2839; baseline -0.001 -19"><span class='ocrx_word' id='word_1_237' title='bbox 861 2759 1052 2822; x_wconf 90' lang='lat' dir='ltr'><strong>habet</strong></span> <span class='ocrx_word' id='word_1_238' title='bbox 1081 2768 1144 2821; x_wconf 92' lang='lat' dir='ltr'><strong>et</strong></span> <span class='ocrx_word' id='word_1_239' title='bbox 1173 2758 1342 2839; x_wconf 93' lang='lat' dir='ltr'><strong>quod</strong></span> <span class='ocrx_word' id='word_1_240' title='bbox 1381 2766 1497 2833; x_wconf 91' lang='lat' dir='ltr'><strong>est,</strong></span> <span class='ocrx_word' id='word_1_241' title='bbox 1533 2757 1626 2819; x_wconf 90' lang='lat' dir='ltr'><strong>sic</strong></span> <span class='ocrx_word' id='word_1_242' title='bbox 1663 2757 1936 2838; x_wconf 85' lang='lat' dir='ltr'><strong>adspicit</strong></span> <span class='ocrx_word' id='word_1_243' title='bbox 1974 2758 2155 2839; x_wconf 90' lang='lat' dir='ltr'><strong>quasi</strong></span> <span class='ocrx_word' id='word_1_244' title='bbox 2200 2776 2275 2820; x_wconf 92' lang='lat' dir='ltr'><strong>ea</strong></span> <span class='ocrx_word' id='word_1_245' title='bbox 2312 2778 2349 2819; x_wconf 89' lang='lat' dir='ltr'><strong>a</strong></span> 
     </span>
     <span class='ocr_line' id='line_1_41' title="bbox 858 2858 2349 2935; baseline -0.001 -16"><span class='ocrx_word' id='word_1_246' title='bbox 858 2858 985 2920; x_wconf 92' lang='lat' dir='ltr'><strong>Deo</strong></span> <span class='ocrx_word' id='word_1_247' title='bbox 1030 2876 1156 2919; x_wconf 86' lang='lat' dir='ltr'><strong>non</strong></span> <span class='ocrx_word' id='word_1_248' title='bbox 1198 2864 1434 2931; x_wconf 90' lang='lat' dir='ltr'><strong>essent,</strong></span> <span class='ocrx_word' id='word_1_249' title='bbox 1471 2864 1813 2935; x_wconf 87' lang='lat' dir='ltr'><strong>menteque</strong></span> <span class='ocrx_word' id='word_1_250' title='bbox 1856 2874 2082 2933; x_wconf 80' lang='lat' dir='ltr'><strong>caecuS,</strong></span> <span class='ocrx_word' id='word_1_251' title='bbox 2127 2876 2241 2918; x_wconf 91' lang='lat' dir='ltr'><strong>sua</strong></span> <span class='ocrx_word' id='word_1_252' title='bbox 2286 2866 2349 2919; x_wconf 91' lang='lat' dir='ltr'><strong>et</strong></span> 
     </span>
     <span class='ocr_line' id='line_1_42' title="bbox 859 2954 2346 3037; baseline -0.001 -18"><span class='ocrx_word' id='word_1_253' title='bbox 859 2976 927 3019; x_wconf 92' lang='lat' dir='ltr'><strong>se</strong></span> <span class='ocrx_word' id='word_1_254' title='bbox 970 2955 1114 3037; x_wconf 90' lang='lat' dir='ltr'><strong>plus</strong></span> <span class='ocrx_word' id='word_1_255' title='bbox 1162 2962 1410 3036; x_wconf 88' lang='lat' dir='ltr'><strong>reputat</strong></span> <span class='ocrx_word' id='word_1_256' title='bbox 1451 2973 1644 3035; x_wconf 87' lang='lat' dir='ltr'><strong>quam</strong></span> <span class='ocrx_word' id='word_1_257' title='bbox 1687 2954 1769 3015; x_wconf 91' lang='lat' dir='ltr'><strong>sit</strong></span> <span class='ocrx_word' id='word_1_258' title='bbox 1814 2973 2028 3016; x_wconf 88' lang='lat' dir='ltr'><strong>verum</strong></span> <span class='ocrx_word' id='word_1_259' title='bbox 2075 2973 2088 3016; x_wconf 93' lang='lat'>:</span> <span class='ocrx_word' id='word_1_260' title='bbox 2134 2956 2247 3037; x_wconf 92' lang='lat' dir='ltr'><strong>qui</strong></span> <span class='ocrx_word' id='word_1_261' title='bbox 2292 2955 2346 3017; x_wconf 89' lang='lat' dir='ltr'><strong>si</strong></span> 
     </span>
    </p>
   </div>
   <div class='ocr_carea' id='block_1_13' title="bbox 2455 1971 3947 3034">
    <p class='ocr_par' dir='ltr' id='par_1_14' title="bbox 2455 1971 3947 3034">
     <span class='ocr_line' id='line_1_43' title="bbox 2458 1971 3945 2052; baseline 0 -19"><span class='ocrx_word' id='word_1_262' title='bbox 2458 1972 2611 2033; x_wconf 90' lang='lat' dir='ltr'><strong>dum</strong></span> <span class='ocrx_word' id='word_1_263' title='bbox 2672 1972 2918 2047; x_wconf 87' lang='lat' dir='ltr'><strong>orandi,</strong></span> <span class='ocrx_word' id='word_1_264' title='bbox 2974 1972 3334 2052; x_wconf 87' lang='lat' dir='ltr'><strong>poenitendi</strong></span> <span class='ocrx_word' id='word_1_265' title='bbox 3390 1981 3453 2034; x_wconf 94' lang='lat' dir='ltr'><strong>et</strong></span> <span class='ocrx_word' id='word_1_266' title='bbox 3512 1971 3817 2035; x_wconf 89' lang='lat' dir='ltr'><strong>redeundi</strong></span> <span class='ocrx_word' id='word_1_267' title='bbox 3866 1972 3945 2033; x_wconf 89' lang='lat' dir='ltr'><strong>ad</strong></span> 
     </span>
     <span class='ocr_line' id='line_1_44' title="bbox 2457 2070 3947 2149; baseline -0.001 -18"><span class='ocrx_word' id='word_1_268' title='bbox 2457 2070 2675 2133; x_wconf 85' lang='lat' dir='ltr'><strong>Deum.</strong></span> <span class='ocrx_word' id='word_1_269' title='bbox 2711 2072 2790 2131; x_wconf 80' lang='lat' dir='ltr'><strong>Si</strong></span> <span class='ocrx_word' id='word_1_270' title='bbox 2828 2072 3269 2149; x_wconf 72' lang='lat' dir='ltr'><strong>iniquitatem,</strong></span> <span class='ocrx_word' id='word_1_271' title='bbox 3304 2092 3447 2149; x_wconf 79' lang='lat' dir='ltr'><strong>quae</strong></span> <span class='ocrx_word' id='word_1_272' title='bbox 3482 2082 3570 2132; x_wconf 79' lang='lat' dir='ltr'><strong>est</strong></span> <span class='ocrx_word' id='word_1_273' title='bbox 3604 2074 3675 2131; x_wconf 82' lang='lat' dir='ltr'><strong>in</strong></span> <span class='ocrx_word' id='word_1_274' title='bbox 3718 2092 3947 2139; x_wconf 81' lang='lat' dir='ltr'><strong>manu,</strong></span> 
     </span>
     <span class='ocr_line' id='line_1_45' title="bbox 2458 2167 3941 2250; baseline 0.001 -22"><span class='ocrx_word' id='word_1_275' title='bbox 2458 2167 2520 2229; x_wconf 92' lang='lat' dir='ltr'><strong>id</strong></span> <span class='ocrx_word' id='word_1_276' title='bbox 2552 2177 2646 2230; x_wconf 90' lang='lat' dir='ltr'><strong>est</strong></span> <span class='ocrx_word' id='word_1_277' title='bbox 2676 2168 3043 2250; x_wconf 87' lang='lat' dir='ltr'><strong>operatione</strong></span> <span class='ocrx_word' id='word_1_278' title='bbox 3076 2178 3210 2239; x_wconf 77' lang='lat' dir='ltr'><strong>cua,</strong></span> <span class='ocrx_word' id='word_1_279' title='bbox 3243 2168 3345 2231; x_wconf 84' lang='lat' dir='ltr'><strong>vel</strong></span> <span class='ocrx_word' id='word_1_280' title='bbox 3379 2169 3444 2229; x_wconf 90' lang='lat' dir='ltr'><strong>in</strong></span> <span class='ocrx_word' id='word_1_281' title='bbox 3476 2175 3785 2249; x_wconf 82' lang='lat' dir='ltr'><strong>potestate</strong></span> <span class='ocrx_word' id='word_1_282' title='bbox 3816 2177 3941 2245; x_wconf 88' lang='lat' dir='ltr'><strong>tua,</strong></span> 
     </span>
     <span class='ocr_line' id='line_1_46' title="bbox 2455 2267 3943 2349; baseline 0.001 -22"><span class='ocrx_word' id='word_1_283' title='bbox 2455 2276 2765 2348; x_wconf 88' lang='lat' dir='ltr'><strong>quantum</strong></span> <span class='ocrx_word' id='word_1_284' title='bbox 2818 2268 2895 2329; x_wconf 89' lang='lat' dir='ltr'><strong>ad</strong></span> <span class='ocrx_word' id='word_1_285' title='bbox 2944 2267 3063 2328; x_wconf 92' lang='lat' dir='ltr'><strong>hoc</strong></span> <span class='ocrx_word' id='word_1_286' title='bbox 3110 2267 3281 2347; x_wconf 93' lang='lat' dir='ltr'><strong>quod</strong></span> <span class='ocrx_word' id='word_1_287' title='bbox 3330 2267 3528 2330; x_wconf 92' lang='lat' dir='ltr'><strong>libere</strong></span> <span class='ocrx_word' id='word_1_288' title='bbox 3576 2275 3756 2349; x_wconf 90' lang='lat' dir='ltr'><strong>potes</strong></span> <span class='ocrx_word' id='word_1_289' title='bbox 3804 2286 3943 2329; x_wconf 89' lang='lat' dir='ltr'><strong>eam</strong></span> 
     </span>
     <span class='ocr_line' id='line_1_47' title="bbox 2456 2364 3947 2447; baseline 0.001 -21"><span class='ocrx_word' id='word_1_290' title='bbox 2456 2364 2797 2441; x_wconf 79' lang='lat' dir='ltr'><strong>dimittere,</strong></span> <span class='ocrx_word' id='word_1_291' title='bbox 2816 2368 3155 2425; x_wconf 74' lang='lat' dir='ltr'><strong>abstuleris</strong></span> <span class='ocrx_word' id='word_1_292' title='bbox 3184 2387 3225 2425; x_wconf 86' lang='lat' dir='ltr'><em>a</em></span> <span class='ocrx_word' id='word_1_293' title='bbox 3259 2375 3337 2435; x_wconf 82' lang='lat' dir='ltr'><strong>te,</strong></span> <span class='ocrx_word' id='word_1_294' title='bbox 3357 2364 3724 2447; x_wconf 83' lang='lat' dir='ltr'><strong>poenitendo</strong></span> <span class='ocrx_word' id='word_1_295' title='bbox 3752 2374 3947 2446; x_wconf 81' lang='lat' dir='ltr'><strong>atque</strong></span> 
     </span>
     <span class='ocr_line' id='line_1_48' title="bbox 2456 2463 3945 2545; baseline -0.001 -20"><span class='ocrx_word' id='word_1_296' title='bbox 2456 2464 2757 2526; x_wconf 90' lang='lat' dir='ltr'><strong>cessando</strong></span> <span class='ocrx_word' id='word_1_297' title='bbox 2788 2483 2825 2525; x_wconf 90' lang='lat' dir='ltr'><strong>a</strong></span> <span class='ocrx_word' id='word_1_298' title='bbox 2854 2463 3021 2525; x_wconf 89' lang='lat' dir='ltr'><strong>malo</strong></span> <span class='ocrx_word' id='word_1_299' title='bbox 3052 2464 3369 2544; x_wconf 81' lang='lat' dir='ltr'><strong>praeterito</strong></span> <span class='ocrx_word' id='word_1_300' title='bbox 3400 2482 3509 2525; x_wconf 90' lang='lat' dir='ltr'><strong>seu</strong></span> <span class='ocrx_word' id='word_1_301' title='bbox 3544 2464 3861 2545; x_wconf 82' lang='lat' dir='ltr'><strong>praeseuti,</strong></span> <span class='ocrx_word' id='word_1_302' title='bbox 3880 2472 3945 2527; x_wconf 89' lang='lat' dir='ltr'><strong>et</strong></span> 
     </span>
     <span class='ocr_line' id='line_1_49' title="bbox 2458 2560 3943 2643; baseline 0 -20"><span class='ocrx_word' id='word_1_303' title='bbox 2458 2562 2693 2623; x_wconf 90' lang='lat' dir='ltr'><strong>bonum</strong></span> <span class='ocrx_word' id='word_1_304' title='bbox 2723 2561 3017 2624; x_wconf 89' lang='lat' dir='ltr'><strong>habendo</strong></span> <span class='ocrx_word' id='word_1_305' title='bbox 3048 2560 3447 2643; x_wconf 86' lang='lat' dir='ltr'><strong>propositum</strong></span> <span class='ocrx_word' id='word_1_306' title='bbox 3471 2562 3847 2624; x_wconf 88' lang='lat' dir='ltr'><strong>emendandi</strong></span> <span class='ocrx_word' id='word_1_307' title='bbox 3876 2562 3943 2623; x_wconf 85' lang='lat' dir='ltr'><strong>in</strong></span> 
     </span>
     <span class='ocr_line' id='line_1_50' title="bbox 2458 2660 3945 2741; baseline -0.001 -20"><span class='ocrx_word' id='word_1_308' title='bbox 2458 2668 2812 2741; x_wconf 83' lang='lat' dir='ltr'><strong>posterum3</strong></span> <span class='ocrx_word' id='word_1_309' title='bbox 2839 2670 2897 2719; x_wconf 76' lang='lat' dir='ltr'><strong>et</strong></span> <span class='ocrx_word' id='word_1_310' title='bbox 2928 2679 3055 2719; x_wconf 77' lang='lat' dir='ltr'><strong>non</strong></span> <span class='ocrx_word' id='word_1_311' title='bbox 3086 2660 3398 2719; x_wconf 69' lang='lat' dir='ltr'><strong>manserit</strong></span> <span class='ocrx_word' id='word_1_312' title='bbox 3428 2661 3501 2719; x_wconf 82' lang='lat' dir='ltr'><strong>in</strong></span> <span class='ocrx_word' id='word_1_313' title='bbox 3534 2662 3945 2720; x_wconf 77' lang='lat' dir='ltr'><strong>tabernaculo</strong></span> 
     </span>
     <span class='ocr_line' id='line_1_51' title="bbox 2460 2755 3947 2837; baseline 0 -20"><span class='ocrx_word' id='word_1_314' title='bbox 2460 2768 2565 2817; x_wconf 73' lang='lat' dir='ltr'><strong>tuo</strong></span> <span class='ocrx_word' id='word_1_315' title='bbox 2602 2759 2957 2835; x_wconf 76' lang='lat' dir='ltr'><strong>injusticia,</strong></span> <span class='ocrx_word' id='word_1_316' title='bbox 2994 2756 3059 2817; x_wconf 93' lang='lat' dir='ltr'><strong>id</strong></span> <span class='ocrx_word' id='word_1_317' title='bbox 3097 2764 3213 2831; x_wconf 89' lang='lat' dir='ltr'><strong>est,</strong></span> <span class='ocrx_word' id='word_1_318' title='bbox 3248 2755 3414 2817; x_wconf 91' lang='lat' dir='ltr'><strong>bona</strong></span> <span class='ocrx_word' id='word_1_319' title='bbox 3452 2755 3689 2837; x_wconf 85' lang='lat' dir='ltr'><strong>injuste</strong></span> <span class='ocrx_word' id='word_1_320' title='bbox 3726 2756 3947 2837; x_wconf 87' lang='lat' dir='ltr'><strong>acqui-</strong></span> 
     </span>
     <span class='ocr_line' id='line_1_52' title="bbox 2457 2854 3945 2936; baseline -0.001 -20"><span class='ocrx_word' id='word_1_321' title='bbox 2457 2856 2579 2917; x_wconf 91' lang='lat' dir='ltr'><strong>sita</strong></span> <span class='ocrx_word' id='word_1_322' title='bbox 2622 2855 2997 2917; x_wconf 65' lang='lat' dir='ltr'><strong>restitueris</strong></span> <span class='ocrx_word' id='word_1_323' title='bbox 3033 2855 3165 2918; x_wconf 85' lang='lat' dir='ltr'><strong>Nou</strong></span> <span class='ocrx_word' id='word_1_324' title='bbox 3204 2854 3375 2916; x_wconf 92' lang='lat' dir='ltr'><strong>enim</strong></span> <span class='ocrx_word' id='word_1_325' title='bbox 3420 2854 3763 2917; x_wconf 85' lang='lat' dir='ltr'><strong>dimittitur</strong></span> <span class='ocrx_word' id='word_1_326' title='bbox 3802 2874 3945 2936; x_wconf 86' lang='lat' dir='ltr'><strong>pec-</strong></span> 
     </span>
     <span class='ocr_line' id='line_1_53' title="bbox 2456 2952 3943 3034; baseline -0.002 -17"><span class='ocrx_word' id='word_1_327' title='bbox 2456 2963 2691 3031; x_wconf 88' lang='lat' dir='ltr'><strong>catum,</strong></span> <span class='ocrx_word' id='word_1_328' title='bbox 2738 2954 2863 3015; x_wconf 91' lang='lat' dir='ltr'><strong>nisi</strong></span> <span class='ocrx_word' id='word_1_329' title='bbox 2916 2953 3283 3015; x_wconf 88' lang='lat' dir='ltr'><strong>restituatur</strong></span> <span class='ocrx_word' id='word_1_330' title='bbox 3329 2952 3632 3016; x_wconf 83' lang='lat' dir='ltr'><strong>ablatum.</strong></span> <span class='ocrx_word' id='word_1_331' title='bbox 3666 2953 3777 3016; x_wconf 77' lang='lat' dir='ltr'><strong>Vel</strong></span> <span class='ocrx_word' id='word_1_332' title='bbox 3828 2971 3943 3034; x_wconf 87' lang='lat' dir='ltr'><strong>per</strong></span> 
     </span>
    </p>
   </div>
   <div class='ocr_carea' id='block_1_14' title="bbox 857 3050 3939 3134">
    <p class='ocr_par' dir='ltr' id='par_1_15' title="bbox 857 3050 3939 3134">
     <span class='ocr_line' id='line_1_54' title="bbox 857 3050 3939 3134; baseline -0.001 -19"><span class='ocrx_word' id='word_1_333' title='bbox 857 3056 1213 3119; x_wconf 84' lang='lat' dir='ltr'><strong>adverteret</strong></span> <span class='ocrx_word' id='word_1_334' title='bbox 1253 3060 1564 3134; x_wconf 87' lang='lat' dir='ltr'><strong>quantum</strong></span> <span class='ocrx_word' id='word_1_335' title='bbox 1615 3070 1726 3133; x_wconf 88' lang='lat' dir='ltr'><strong>per</strong></span> <span class='ocrx_word' id='word_1_336' title='bbox 1771 3052 1969 3115; x_wconf 90' lang='lat' dir='ltr'><strong>solam</strong></span> <span class='ocrx_word' id='word_1_337' title='bbox 2023 3073 2201 3115; x_wconf 91' lang='lat' dir='ltr'><strong>suam</strong></span> <span class='ocrx_word' id='word_1_338' title='bbox 2246 3074 2349 3115; x_wconf 91' lang='lat' dir='ltr'><strong>su—</strong></span> <span class='ocrx_word' id='word_1_339' title='bbox 2382 3062 2426 3126; x_wconf 85' lang='lat' dir='ltr'>C</span> <span class='ocrx_word' id='word_1_340' title='bbox 2460 3052 2960 3129; x_wconf 88' lang='lat' dir='ltr'><strong>tabernaculum,</strong></span> <span class='ocrx_word' id='word_1_341' title='bbox 3014 3050 3379 3131; x_wconf 87' lang='lat' dir='ltr'><strong>designatur</strong></span> <span class='ocrx_word' id='word_1_342' title='bbox 3437 3050 3701 3128; x_wconf 84' lang='lat' dir='ltr'><strong>familia,</strong></span> <span class='ocrx_word' id='word_1_343' title='bbox 3747 3071 3939 3133; x_wconf 85' lang='lat' dir='ltr'><strong>quam</strong></span> 
     </span>
    </p>
   </div>
   <div class='ocr_carea' id='block_1_15' title="bbox 853 3149 2347 4217">
    <p class='ocr_par' dir='ltr' id='par_1_16' title="bbox 853 3149 2347 4217">
     <span class='ocr_line' id='line_1_55' title="bbox 859 3149 2346 3233; baseline 0 -18"><span class='ocrx_word' id='word_1_344' title='bbox 859 3152 1146 3233; x_wconf 86' lang='lat' dir='ltr'><strong>perbiam</strong></span> <span class='ocrx_word' id='word_1_345' title='bbox 1183 3150 1554 3225; x_wconf 87' lang='lat' dir='ltr'><strong>vilificetur‚</strong></span> <span class='ocrx_word' id='word_1_346' title='bbox 1599 3150 1789 3213; x_wconf 86' lang='lat' dir='ltr'><strong>sciret</strong></span> <span class='ocrx_word' id='word_1_347' title='bbox 1830 3160 1892 3213; x_wconf 93' lang='lat' dir='ltr'><strong>et</strong></span> <span class='ocrx_word' id='word_1_348' title='bbox 1933 3149 2241 3213; x_wconf 87' lang='lat' dir='ltr'><strong>fateretur</strong></span> <span class='ocrx_word' id='word_1_349' title='bbox 2279 3172 2346 3215; x_wconf 91' lang='lat' dir='ltr'><strong>se</strong></span> 
     </span>
     <span class='ocr_line' id='line_1_56' title="bbox 858 3248 2345 3331; baseline 0.001 -20"><span class='ocrx_word' id='word_1_350' title='bbox 858 3251 1192 3331; x_wconf 89' lang='lat' dir='ltr'><strong>indignum</strong></span> <span class='ocrx_word' id='word_1_351' title='bbox 1224 3269 1260 3311; x_wconf 91' lang='lat' dir='ltr'><strong>a</strong></span> <span class='ocrx_word' id='word_1_352' title='bbox 1291 3257 1456 3311; x_wconf 88' lang='lat' dir='ltr'><strong>terra</strong></span> <span class='ocrx_word' id='word_1_353' title='bbox 1476 3248 1714 3329; x_wconf 85' lang='lat' dir='ltr'><strong>portari</strong></span> <span class='ocrx_word' id='word_1_354' title='bbox 1737 3256 1848 3309; x_wconf 87' lang='lat' dir='ltr'><strong>aut</strong></span> <span class='ocrx_word' id='word_1_355' title='bbox 1869 3248 2034 3310; x_wconf 89' lang='lat' dir='ltr'><strong>inter</strong></span> <span class='ocrx_word' id='word_1_356' title='bbox 2056 3249 2345 3313; x_wconf 84' lang='lat' dir='ltr'><strong>homines</strong></span> 
     </span>
     <span class='ocr_line' id='line_1_57' title="bbox 857 3346 2343 3423; baseline -0.001 -13"><span class='ocrx_word' id='word_1_357' title='bbox 857 3346 1242 3410; x_wconf 81' lang='lat' dir='ltr'><strong>conversari.</strong></span> <span class='ocrx_word' id='word_1_358' title='bbox 1293 3349 1379 3407; x_wconf 77' lang='lat' dir='ltr'><strong>Ec</strong></span> <span class='ocrx_word' id='word_1_359' title='bbox 1425 3347 1614 3423; x_wconf 75' lang='lat' dir='ltr'><strong>quasi</strong></span> <span class='ocrx_word' id='word_1_360' title='bbox 1655 3349 1916 3421; x_wconf 75' lang='lat' dir='ltr'><strong>pallum</strong></span> <span class='ocrx_word' id='word_1_361' title='bbox 1962 3350 2225 3421; x_wconf 70' lang='lat' dir='ltr'><strong>onayrt‘,</strong></span> <span class='ocrx_word' id='word_1_362' title='bbox 2279 3347 2343 3410; x_wconf 90' lang='lat' dir='ltr'><strong>id</strong></span> 
     </span>
     <span class='ocr_line' id='line_1_58' title="bbox 857 3442 2341 3523; baseline -0.001 -15"><span class='ocrx_word' id='word_1_363' title='bbox 857 3453 954 3508; x_wconf 92' lang='lat' dir='ltr'><strong>est</strong></span> <span class='ocrx_word' id='word_1_364' title='bbox 993 3443 1192 3507; x_wconf 91' lang='lat' dir='ltr'><strong>fetum</strong></span> <span class='ocrx_word' id='word_1_365' title='bbox 1233 3442 1544 3506; x_wconf 85' lang='lat' dir='ltr'><strong>silvestris</strong></span> <span class='ocrx_word' id='word_1_366' title='bbox 1583 3442 1769 3515; x_wconf 88' lang='lat' dir='ltr'><strong>asini,</strong></span> <span class='ocrx_word' id='word_1_367' title='bbox 1808 3442 1918 3523; x_wconf 91' lang='lat' dir='ltr'><strong>qui</strong></span> <span class='ocrx_word' id='word_1_368' title='bbox 1960 3442 2026 3503; x_wconf 91' lang='lat' dir='ltr'><strong>in</strong></span> <span class='ocrx_word' id='word_1_369' title='bbox 2069 3445 2341 3523; x_wconf 83' lang='lat' dir='ltr'><strong>desertO,</strong></span> 
     </span>
     <span class='ocr_line' id='line_1_59' title="bbox 857 3541 2341 3623; baseline -0.001 -16"><span class='ocrx_word' id='word_1_370' title='bbox 857 3544 1020 3607; x_wconf 91' lang='lat' dir='ltr'><strong>silva</strong></span> <span class='ocrx_word' id='word_1_371' title='bbox 1062 3562 1174 3607; x_wconf 90' lang='lat' dir='ltr'><strong>seu</strong></span> <span class='ocrx_word' id='word_1_372' title='bbox 1215 3560 1441 3623; x_wconf 90' lang='lat' dir='ltr'><strong>campo</strong></span> <span class='ocrx_word' id='word_1_373' title='bbox 1477 3541 1754 3621; x_wconf 89' lang='lat' dir='ltr'><strong>genitus,</strong></span> <span class='ocrx_word' id='word_1_374' title='bbox 1790 3541 1988 3604; x_wconf 85' lang='lat' dir='ltr'><strong>libere</strong></span> <span class='ocrx_word' id='word_1_375' title='bbox 2018 3542 2341 3623; x_wconf 89' lang='lat' dir='ltr'><strong>discurrit,</strong></span> 
     </span>
     <span class='ocr_line' id='line_1_60' title="bbox 860 3638 2347 3725; baseline -0.001 -21"><span class='ocrx_word' id='word_1_376' title='bbox 860 3661 975 3706; x_wconf 91' lang='lat' dir='ltr'><strong>nec</strong></span> <span class='ocrx_word' id='word_1_377' title='bbox 1019 3641 1257 3705; x_wconf 86' lang='lat' dir='ltr'><strong>servire</strong></span> <span class='ocrx_word' id='word_1_378' title='bbox 1297 3638 1724 3721; x_wconf 89' lang='lat' dir='ltr'><strong>compellitur,</strong></span> <span class='ocrx_word' id='word_1_379' title='bbox 1757 3658 1875 3702; x_wconf 84' lang='lat' dir='ltr'><strong>nec</strong></span> <span class='ocrx_word' id='word_1_380' title='bbox 1919 3640 2052 3703; x_wconf 89' lang='lat' dir='ltr'><strong>loro</strong></span> <span class='ocrx_word' id='word_1_381' title='bbox 2094 3661 2347 3725; x_wconf 87' lang='lat' dir='ltr'><strong>compe—</strong></span> 
     </span>
     <span class='ocr_line' id='line_1_61' title="bbox 857 3739 2345 3819; baseline 0.001 -16"><span class='ocrx_word' id='word_1_382' title='bbox 857 3742 1086 3819; x_wconf 81' lang='lat' dir='ltr'><strong>scitur3</strong></span> <span class='ocrx_word' id='word_1_383' title='bbox 1111 3762 1174 3800; x_wconf 83' lang='lat' dir='ltr'><strong>se</strong></span> <span class='ocrx_word' id='word_1_384' title='bbox 1205 3741 1478 3798; x_wconf 74' lang='lat' dir='ltr'><strong>liberum</strong></span> <span class='ocrx_word' id='word_1_385' title='bbox 1507 3749 1734 3799; x_wconf 73' lang='lat' dir='ltr'><strong>natum</strong></span> <span class='ocrx_word' id='word_1_386' title='bbox 1754 3748 1971 3815; x_wconf 74' lang='lat' dir='ltr'><strong>putat,</strong></span> <span class='ocrx_word' id='word_1_387' title='bbox 1997 3739 2060 3799; x_wconf 91' lang='lat' dir='ltr'><strong>id</strong></span> <span class='ocrx_word' id='word_1_388' title='bbox 2091 3748 2188 3801; x_wconf 90' lang='lat' dir='ltr'><strong>est</strong></span> <span class='ocrx_word' id='word_1_389' title='bbox 2217 3760 2345 3804; x_wconf 89' lang='lat' dir='ltr'><strong>non</strong></span> 
     </span>
     <span class='ocr_line' id='line_1_62' title="bbox 853 3835 2347 3919; baseline -0.001 -16"><span class='ocrx_word' id='word_1_390' title='bbox 853 3838 1204 3919; x_wconf 87' lang='lat' dir='ltr'><strong>obligatum</strong></span> <span class='ocrx_word' id='word_1_391' title='bbox 1236 3835 1470 3917; x_wconf 89' lang='lat' dir='ltr'><strong>subjici</strong></span> <span class='ocrx_word' id='word_1_392' title='bbox 1501 3836 1648 3911; x_wconf 93' lang='lat' dir='ltr'><strong>Deo,</strong></span> <span class='ocrx_word' id='word_1_393' title='bbox 1675 3835 1810 3897; x_wconf 93' lang='lat' dir='ltr'><strong>loro</strong></span> <span class='ocrx_word' id='word_1_394' title='bbox 1839 3836 2196 3917; x_wconf 84' lang='lat' dir='ltr'><strong>disciplinae</strong></span> <span class='ocrx_word' id='word_1_395' title='bbox 2230 3838 2347 3902; x_wconf 84' lang='lat' dir='ltr'><strong>fre-</strong></span> 
     </span>
     <span class='ocr_line' id='line_1_63' title="bbox 858 3932 2343 4018; baseline -0.001 -18"><span class='ocrx_word' id='word_1_396' title='bbox 858 3937 1016 4013; x_wconf 89' lang='lat' dir='ltr'><strong>nari,</strong></span> <span class='ocrx_word' id='word_1_397' title='bbox 1047 3936 1198 4018; x_wconf 85' lang='lat' dir='ltr'><strong>jugo</strong></span> <span class='ocrx_word' id='word_1_398' title='bbox 1239 3934 1398 4015; x_wconf 89' lang='lat' dir='ltr'><strong>legis</strong></span> <span class='ocrx_word' id='word_1_399' title='bbox 1438 3932 1673 3995; x_wconf 78' lang='lat' dir='ltr'><strong>divinae</strong></span> <span class='ocrx_word' id='word_1_400' title='bbox 1710 3933 2082 4013; x_wconf 88' lang='lat' dir='ltr'><strong>constringi,</strong></span> <span class='ocrx_word' id='word_1_401' title='bbox 2128 3938 2239 3997; x_wconf 86' lang='lat' dir='ltr'><strong>sed</strong></span> <span class='ocrx_word' id='word_1_402' title='bbox 2277 3938 2343 3999; x_wconf 88' lang='lat' dir='ltr'><strong>in</strong></span> 
     </span>
     <span class='ocr_line' id='line_1_64' title="bbox 854 4032 2345 4119; baseline 0 -20"><span class='ocrx_word' id='word_1_403' title='bbox 854 4036 1112 4119; x_wconf 87' lang='lat' dir='ltr'><strong>propria</strong></span> <span class='ocrx_word' id='word_1_404' title='bbox 1139 4034 1466 4097; x_wconf 81' lang='lat' dir='ltr'><strong>voluntate</strong></span> <span class='ocrx_word' id='word_1_405' title='bbox 1499 4032 1696 4095; x_wconf 89' lang='lat' dir='ltr'><strong>libere</strong></span> <span class='ocrx_word' id='word_1_406' title='bbox 1719 4032 1856 4095; x_wconf 85' lang='lat' dir='ltr'><strong>vult</strong></span> <span class='ocrx_word' id='word_1_407' title='bbox 1876 4034 2111 4113; x_wconf 86' lang='lat' dir='ltr'><strong>vagari,</strong></span> <span class='ocrx_word' id='word_1_408' title='bbox 2129 4035 2345 4100; x_wconf 80' lang='lat' dir='ltr'><strong>vivere</strong></span> 
     </span>
     <span class='ocr_line' id='line_1_65' title="bbox 853 4131 2344 4217; baseline -0.001 -18"><span class='ocrx_word' id='word_1_409' title='bbox 853 4146 916 4199; x_wconf 92' lang='lat' dir='ltr'><strong>et</strong></span> <span class='ocrx_word' id='word_1_410' title='bbox 959 4152 1218 4217; x_wconf 88' lang='lat' dir='ltr'><strong>peccare</strong></span> <span class='ocrx_word' id='word_1_411' title='bbox 1260 4153 1273 4196; x_wconf 74' lang='grc' dir='ltr'>ε</span> <span class='ocrx_word' id='word_1_412' title='bbox 1319 4132 1430 4213; x_wconf 91' lang='lat' dir='ltr'><strong>qui</strong></span> <span class='ocrx_word' id='word_1_413' title='bbox 1480 4131 1596 4194; x_wconf 92' lang='lat' dir='ltr'><strong>etsi</strong></span> <span class='ocrx_word' id='word_1_414' title='bbox 1647 4131 1858 4194; x_wconf 89' lang='lat' dir='ltr'><strong>verbis</strong></span> <span class='ocrx_word' id='word_1_415' title='bbox 1907 4132 2076 4194; x_wconf 87' lang='lat' dir='ltr'><strong>dicat</strong></span> <span class='ocrx_word' id='word_1_416' title='bbox 2113 4154 2181 4197; x_wconf 92' lang='lat' dir='ltr'><strong>sc</strong></span> <span class='ocrx_word' id='word_1_417' title='bbox 2219 4136 2344 4199; x_wconf 90' lang='lat' dir='ltr'><strong>Deo</strong></span> 
     </span>
    </p>
   </div>
   <div class='ocr_carea' id='block_1_16' title="bbox 2451 3150 3943 4214">
    <p class='ocr_par' dir='ltr' id='par_1_17' title="bbox 2451 3150 3943 4214">
     <span class='ocr_line' id='line_1_66' title="bbox 2454 3150 3937 3233; baseline -0.001 -20"><span class='ocrx_word' id='word_1_418' title='bbox 2454 3150 2913 3233; x_wconf 84' lang='lat' dir='ltr'><strong>paterfamilias</strong></span> <span class='ocrx_word' id='word_1_419' title='bbox 2954 3151 3142 3212; x_wconf 89' lang='lat' dir='ltr'><strong>debet</strong></span> <span class='ocrx_word' id='word_1_420' title='bbox 3187 3150 3251 3211; x_wconf 91' lang='lat' dir='ltr'><strong>in</strong></span> <span class='ocrx_word' id='word_1_421' title='bbox 3294 3150 3591 3231; x_wconf 84' lang='lat' dir='ltr'><strong>aequitate</strong></span> <span class='ocrx_word' id='word_1_422' title='bbox 3632 3169 3884 3213; x_wconf 87' lang='lat' dir='ltr'><strong>servare</strong></span> <span class='ocrx_word' id='word_1_423' title='bbox 3922 3168 3937 3211; x_wconf 90' lang='lat'>:</span> 
     </span>
     <span class='ocr_line' id='line_1_67' title="bbox 2453 3248 3939 3330; baseline 0 -19"><span class='ocrx_word' id='word_1_424' title='bbox 2453 3269 2597 3311; x_wconf 90' lang='lat' dir='ltr'><strong>nam</strong></span> <span class='ocrx_word' id='word_1_425' title='bbox 2627 3258 2689 3312; x_wconf 94' lang='lat' dir='ltr'><strong>et</strong></span> <span class='ocrx_word' id='word_1_426' title='bbox 2714 3268 2829 3330; x_wconf 93' lang='lat' dir='ltr'><strong>pro</strong></span> <span class='ocrx_word' id='word_1_427' title='bbox 2855 3248 3349 3311; x_wconf 87' lang='lat' dir='ltr'><strong>domesticorum</strong></span> <span class='ocrx_word' id='word_1_428' title='bbox 3373 3248 3621 3311; x_wconf 90' lang='lat' dir='ltr'><strong>delictis</strong></span> <span class='ocrx_word' id='word_1_429' title='bbox 3640 3248 3939 3311; x_wconf 87' lang='lat' dir='ltr'><strong>dominus</strong></span> 
     </span>
     <span class='ocr_line' id='line_1_68' title="bbox 2452 3345 3937 3428; baseline -0.001 -18"><span class='ocrx_word' id='word_1_430' title='bbox 2452 3349 2677 3410; x_wconf 90' lang='lat' dir='ltr'><strong>domus</strong></span> <span class='ocrx_word' id='word_1_431' title='bbox 2734 3347 3123 3428; x_wconf 89' lang='lat' dir='ltr'><strong>quandoque</strong></span> <span class='ocrx_word' id='word_1_432' title='bbox 3178 3346 3489 3409; x_wconf 87' lang='lat' dir='ltr'><strong>divinitus</strong></span> <span class='ocrx_word' id='word_1_433' title='bbox 3550 3345 3937 3428; x_wconf 75' lang='lat' dir='ltr'><strong>flagellatur,</strong></span> 
     </span>
     <span class='ocr_line' id='line_1_69' title="bbox 2453 3444 3943 3527; baseline 0.001 -20"><span class='ocrx_word' id='word_1_434' title='bbox 2453 3446 2755 3527; x_wconf 90' lang='lat' dir='ltr'><strong>quoniam</strong></span> <span class='ocrx_word' id='word_1_435' title='bbox 2789 3445 3120 3527; x_wconf 81' lang='lat' dir='ltr'><strong>negligens</strong></span> <span class='ocrx_word' id='word_1_436' title='bbox 3154 3453 3249 3507; x_wconf 92' lang='lat' dir='ltr'><strong>est</strong></span> <span class='ocrx_word' id='word_1_437' title='bbox 3278 3444 3345 3506; x_wconf 93' lang='lat' dir='ltr'><strong>in</strong></span> <span class='ocrx_word' id='word_1_438' title='bbox 3376 3445 3767 3509; x_wconf 86' lang='lat' dir='ltr'><strong>correctione</strong></span> <span class='ocrx_word' id='word_1_439' title='bbox 3796 3466 3943 3509; x_wconf 90' lang='lat' dir='ltr'><strong>suo-</strong></span> 
     </span>
     <span class='ocr_line' id='line_1_70' title="bbox 2456 3545 3943 3622; baseline -0.001 -16"><span class='ocrx_word' id='word_1_440' title='bbox 2456 3564 2617 3606; x_wconf 81' lang='lat' dir='ltr'><strong>rum.</strong></span> <span class='ocrx_word' id='word_1_441' title='bbox 2647 3548 2823 3605; x_wconf 81' lang='lat' dir='ltr'><strong>Tunc</strong></span> <span class='ocrx_word' id='word_1_442' title='bbox 2856 3548 3067 3605; x_wconf 83' lang='lat' dir='ltr'><strong>levare</strong></span> <span class='ocrx_word' id='word_1_443' title='bbox 3086 3545 3328 3620; x_wconf 78' lang='lat' dir='ltr'><strong>poteris</strong></span> <span class='ocrx_word' id='word_1_444' title='bbox 3356 3545 3591 3622; x_wconf 76' lang='lat' dir='ltr'><strong>faciem</strong></span> <span class='ocrx_word' id='word_1_445' title='bbox 3614 3554 3792 3605; x_wconf 83' lang='lat' dir='ltr'><strong>tuam</strong></span> <span class='ocrx_word' id='word_1_446' title='bbox 3810 3564 3943 3607; x_wconf 85' lang='grc'>601·-</span> 
     </span>
     <span class='ocr_line' id='line_1_71' title="bbox 2455 3640 3943 3724; baseline 0 -19"><span class='ocrx_word' id='word_1_447' title='bbox 2455 3642 2733 3724; x_wconf 85' lang='lat' dir='ltr'><strong>poralem</strong></span> <span class='ocrx_word' id='word_1_448' title='bbox 2782 3643 2859 3704; x_wconf 87' lang='lat' dir='ltr'><strong>ad</strong></span> <span class='ocrx_word' id='word_1_449' title='bbox 2904 3641 3135 3704; x_wconf 85' lang='lat' dir='ltr'><strong>coelum</strong></span> <span class='ocrx_word' id='word_1_450' title='bbox 3180 3640 3245 3702; x_wconf 91' lang='lat' dir='ltr'><strong>in</strong></span> <span class='ocrx_word' id='word_1_451' title='bbox 3290 3660 3495 3721; x_wconf 79' lang='lat' dir='ltr'><strong>prece,</strong></span> <span class='ocrx_word' id='word_1_452' title='bbox 3528 3640 3757 3704; x_wconf 89' lang='lat' dir='ltr'><strong>faciem</strong></span> <span class='ocrx_word' id='word_1_453' title='bbox 3790 3662 3943 3723; x_wconf 91' lang='lat' dir='ltr'><strong>quo—</strong></span> 
     </span>
     <span class='ocr_line' id='line_1_72' title="bbox 2452 3738 3939 3821; baseline 0.001 -20"><span class='ocrx_word' id='word_1_454' title='bbox 2452 3760 2576 3821; x_wconf 92' lang='lat' dir='ltr'><strong>que</strong></span> <span class='ocrx_word' id='word_1_455' title='bbox 2618 3739 3040 3821; x_wconf 85' lang='lat' dir='ltr'><strong>spiritualem,</strong></span> <span class='ocrx_word' id='word_1_456' title='bbox 3072 3738 3373 3803; x_wconf 87' lang='lat' dir='ltr'><strong>videlicet</strong></span> <span class='ocrx_word' id='word_1_457' title='bbox 3404 3739 3821 3817; x_wconf 88' lang='lat' dir='ltr'><strong>intellectum,</strong></span> <span class='ocrx_word' id='word_1_458' title='bbox 3860 3741 3939 3803; x_wconf 91' lang='lat' dir='ltr'><strong>ad</strong></span> 
     </span>
     <span class='ocr_line' id='line_1_73' title="bbox 2454 3837 3943 3919; baseline -0.001 -18"><span class='ocrx_word' id='word_1_459' title='bbox 2454 3839 2671 3914; x_wconf 87' lang='lat' dir='ltr'><strong>Deum,</strong></span> <span class='ocrx_word' id='word_1_460' title='bbox 2705 3841 2937 3917; x_wconf 79' lang='lat' dir='ltr'><strong>absque</strong></span> <span class='ocrx_word' id='word_1_461' title='bbox 2966 3840 3223 3898; x_wconf 83' lang='lat' dir='ltr'><strong>macula</strong></span> <span class='ocrx_word' id='word_1_462' title='bbox 3252 3837 3456 3918; x_wconf 84' lang='lat' dir='ltr'><strong>culpae</strong></span> <span class='ocrx_word' id='word_1_463' title='bbox 3490 3855 3503 3898; x_wconf 91' lang='lat'>:</span> <span class='ocrx_word' id='word_1_464' title='bbox 3539 3857 3681 3919; x_wconf 82' lang='lat' dir='ltr'><strong>quae</strong></span> <span class='ocrx_word' id='word_1_465' title='bbox 3710 3838 3943 3901; x_wconf 89' lang='lat' dir='ltr'><strong>dividit</strong></span> 
     </span>
     <span class='ocr_line' id='line_1_74' title="bbox 2452 3934 3941 4017; baseline 0.001 -20"><span class='ocrx_word' id='word_1_466' title='bbox 2452 3937 2619 3999; x_wconf 89' lang='lat' dir='ltr'><strong>inter</strong></span> <span class='ocrx_word' id='word_1_467' title='bbox 2659 3937 2853 3999; x_wconf 89' lang='lat' dir='ltr'><strong>Deum</strong></span> <span class='ocrx_word' id='word_1_468' title='bbox 2893 3944 2955 3998; x_wconf 91' lang='lat' dir='ltr'><strong>et</strong></span> <span class='ocrx_word' id='word_1_469' title='bbox 3000 3934 3345 4011; x_wconf 89' lang='lat' dir='ltr'><strong>hominem,</strong></span> <span class='ocrx_word' id='word_1_470' title='bbox 3387 3942 3451 3997; x_wconf 90' lang='lat' dir='ltr'><strong>et</strong></span> <span class='ocrx_word' id='word_1_471' title='bbox 3492 3955 3743 4017; x_wconf 88' lang='lat' dir='ltr'><strong>precem</strong></span> <span class='ocrx_word' id='word_1_472' title='bbox 3782 3935 3941 4001; x_wconf 88' lang='lat' dir='ltr'><strong>facit</strong></span> 
     </span>
     <span class='ocr_line' id='line_1_75' title="bbox 2452 4033 3935 4114; baseline 0.001 -18"><span class='ocrx_word' id='word_1_473' title='bbox 2452 4034 2969 4110; x_wconf 84' lang='lat' dir='ltr'><strong>inexaudibilem,</strong></span> <span class='ocrx_word' id='word_1_474' title='bbox 3019 4034 3198 4114; x_wconf 85' lang='lat' dir='ltr'><strong>juxta</strong></span> <span class='ocrx_word' id='word_1_475' title='bbox 3257 4033 3415 4095; x_wconf 90' lang='lat' dir='ltr'><strong>illud</strong></span> <span class='ocrx_word' id='word_1_476' title='bbox 3470 4034 3863 4098; x_wconf 89' lang='lat' dir='ltr'><strong>Threnorum</strong></span> <span class='ocrx_word' id='word_1_477' title='bbox 3918 4054 3935 4097; x_wconf 75' lang='grc' dir='ltr'>ε</span> 
     </span>
     <span class='ocr_line' id='line_1_76' title="bbox 2451 4132 3937 4214; baseline -0.001 -18"><span class='ocrx_word' id='word_1_478' title='bbox 2451 4135 2573 4196; x_wconf 86' lang='grc' dir='ltr'><strong>Νοε</strong></span> <span class='ocrx_word' id='word_1_479' title='bbox 2619 4133 2840 4214; x_wconf 90' lang='lat' dir='ltr'><strong>inique</strong></span> <span class='ocrx_word' id='word_1_480' title='bbox 2887 4132 3155 4212; x_wconf 78' lang='lat' dir='ltr'><strong>egimuS‚</strong></span> <span class='ocrx_word' id='word_1_481' title='bbox 3204 4141 3267 4195; x_wconf 94' lang='lat' dir='ltr'><strong>et</strong></span> <span class='ocrx_word' id='word_1_482' title='bbox 3314 4140 3375 4195; x_wconf 88' lang='lat' dir='ltr'><strong>te</strong></span> <span class='ocrx_word' id='word_1_483' title='bbox 3416 4133 3494 4195; x_wconf 89' lang='lat' dir='ltr'><strong>ad</strong></span> <span class='ocrx_word' id='word_1_484' title='bbox 3545 4133 3937 4195; x_wconf 89' lang='lat' dir='ltr'><strong>iracundiam</strong></span> 
     </span>
    </p>
   </div>
   <div class='ocr_carea' id='block_1_17' title="bbox 4000 1306 4213 1357">
    <p class='ocr_par' dir='ltr' id='par_1_18' title="bbox 4000 1306 4213 1357">
     <span class='ocr_line' id='line_1_77' title="bbox 4000 1306 4213 1357; baseline 0.005 -9"><span class='ocrx_word' id='word_1_485' title='bbox 4000 1306 4069 1350; x_wconf 69' lang='lat' dir='ltr'><strong>Is.</strong></span> <span class='ocrx_word' id='word_1_486' title='bbox 4092 1322 4123 1357; x_wconf 80' lang='grc'><strong>1,</strong></span> <span class='ocrx_word' id='word_1_487' title='bbox 4170 1312 4213 1349; x_wconf 81' lang='lat'><strong>5.</strong></span> 
     </span>
    </p>
   </div>
   <div class='ocr_carea' id='block_1_18' title="bbox 4002 4166 4243 4211">
    <p class='ocr_par' dir='ltr' id='par_1_19' title="bbox 4002 4166 4243 4211">
     <span class='ocr_line' id='line_1_78' title="bbox 4002 4166 4243 4211; baseline 0.017 -4"><span class='ocrx_word' id='word_1_488' title='bbox 4002 4166 4169 4208; x_wconf 62' lang='grc' dir='ltr'><strong>Τληπ-</strong></span> <span class='ocrx_word' id='word_1_489' title='bbox 4182 4182 4243 4211; x_wconf 83' lang='lat' dir='ltr'><strong>m.</strong></span> 
     </span>
    </p>
   </div>
   <div class='ocr_carea' id='block_1_19' title="bbox 855 4229 4035 4314">
    <p class='ocr_par' dir='ltr' id='par_1_20' title="bbox 855 4229 4035 4314">
     <span class='ocr_line' id='line_1_79' title="bbox 855 4229 4035 4314; baseline -0 -19"><span class='ocrx_word' id='word_1_490' title='bbox 855 4232 1042 4295; x_wconf 90' lang='lat' dir='ltr'><strong>subdi</strong></span> <span class='ocrx_word' id='word_1_491' title='bbox 1081 4230 1336 4307; x_wconf 89' lang='lat' dir='ltr'><strong>debere,</strong></span> <span class='ocrx_word' id='word_1_492' title='bbox 1375 4238 1482 4291; x_wconf 86' lang='lat' dir='ltr'><strong>aut</strong></span> <span class='ocrx_word' id='word_1_493' title='bbox 1524 4249 1637 4312; x_wconf 90' lang='lat' dir='ltr'><strong>per</strong></span> <span class='ocrx_word' id='word_1_494' title='bbox 1677 4229 2006 4291; x_wconf 88' lang='lat' dir='ltr'><strong>scientiam</strong></span> <span class='ocrx_word' id='word_1_495' title='bbox 2049 4232 2112 4294; x_wconf 91' lang='lat' dir='ltr'><strong>id</strong></span> <span class='ocrx_word' id='word_1_496' title='bbox 2151 4253 2343 4314; x_wconf 87' lang='lat' dir='ltr'><strong>agno-</strong></span> <span class='ocrx_word' id='word_1_497' title='bbox 2375 4239 2425 4301; x_wconf 91' lang='lat' dir='ltr'><strong>D</strong></span> <span class='ocrx_word' id='word_1_498' title='bbox 2452 4232 2958 4313; x_wconf 79' lang='lat' dir='ltr'><strong>provocavimuS,</strong></span> <span class='ocrx_word' id='word_1_499' title='bbox 2994 4230 3232 4293; x_wconf 91' lang='lat' dir='ltr'><strong>idcirco</strong></span> <span class='ocrx_word' id='word_1_500' title='bbox 3270 4237 3336 4292; x_wconf 90' lang='lat' dir='ltr'><strong>tu</strong></span> <span class='ocrx_word' id='word_1_501' title='bbox 3378 4229 3785 4293; x_wconf 84' lang='lat' dir='ltr'><strong>inexorabilis</strong></span> <span class='ocrx_word' id='word_1_502' title='bbox 3822 4251 3890 4295; x_wconf 83' lang='lat' dir='ltr'><strong>es</strong></span> <span class='ocrx_word' id='word_1_503' title='bbox 3916 4252 3934 4313; x_wconf 90' lang='lat'>;</span> <span class='ocrx_word' id='word_1_504' title='bbox 3964 4230 4035 4271; x_wconf 69' lang='lat'><strong>⁴²-</strong></span> 
     </span>
    </p>
   </div>
   <div class='ocr_carea' id='block_1_20' title="bbox 851 4329 2345 5391">
    <p class='ocr_par' dir='ltr' id='par_1_21' title="bbox 851 4329 2345 4809">
     <span class='ocr_line' id='line_1_80' title="bbox 853 4329 2345 4412; baseline 0 -19"><span class='ocrx_word' id='word_1_505' title='bbox 853 4340 1006 4408; x_wconf 89' lang='lat' dir='ltr'><strong>scat‚</strong></span> <span class='ocrx_word' id='word_1_506' title='bbox 1027 4329 1329 4412; x_wconf 89' lang='lat' dir='ltr'><strong>operibus</strong></span> <span class='ocrx_word' id='word_1_507' title='bbox 1350 4337 1562 4391; x_wconf 88' lang='lat' dir='ltr'><strong>tamen</strong></span> <span class='ocrx_word' id='word_1_508' title='bbox 1584 4338 1793 4407; x_wconf 87' lang='lat' dir='ltr'><strong>negat,</strong></span> <span class='ocrx_word' id='word_1_509' title='bbox 1807 4329 1957 4409; x_wconf 90' lang='lat' dir='ltr'><strong>quia</strong></span> <span class='ocrx_word' id='word_1_510' title='bbox 1978 4330 2068 4391; x_wconf 87' lang='lat' dir='ltr'><strong>sic</strong></span> <span class='ocrx_word' id='word_1_511' title='bbox 2089 4350 2345 4395; x_wconf 87' lang='lat' dir='ltr'><strong>conver·</strong></span> 
     </span>
     <span class='ocr_line' id='line_1_81' title="bbox 855 4426 2341 4508; baseline 0.001 -17"><span class='ocrx_word' id='word_1_512' title='bbox 855 4437 1050 4505; x_wconf 92' lang='lat' dir='ltr'><strong>satur,</strong></span> <span class='ocrx_word' id='word_1_513' title='bbox 1085 4448 1157 4491; x_wconf 87' lang='lat' dir='ltr'><strong>ac</strong></span> <span class='ocrx_word' id='word_1_514' title='bbox 1190 4428 1245 4489; x_wconf 93' lang='lat' dir='ltr'><strong>si</strong></span> <span class='ocrx_word' id='word_1_515' title='bbox 1283 4447 1351 4489; x_wconf 92' lang='lat' dir='ltr'><strong>se</strong></span> <span class='ocrx_word' id='word_1_516' title='bbox 1391 4427 1590 4488; x_wconf 85' lang='lat' dir='ltr'><strong>instar</strong></span> <span class='ocrx_word' id='word_1_517' title='bbox 1625 4426 1784 4508; x_wconf 90' lang='lat' dir='ltr'><strong>pulli</strong></span> <span class='ocrx_word' id='word_1_518' title='bbox 1816 4428 2036 4508; x_wconf 89' lang='lat' dir='ltr'><strong>onagri</strong></span> <span class='ocrx_word' id='word_1_519' title='bbox 2070 4429 2341 4493; x_wconf 89' lang='lat' dir='ltr'><strong>liberum</strong></span> 
     </span>
     <span class='ocr_line' id='line_1_82' title="bbox 853 4524 2341 4607; baseline 0 -18"><span class='ocrx_word' id='word_1_520' title='bbox 853 4526 1217 4589; x_wconf 86' lang='lat' dir='ltr'><strong>arbitretur.</strong></span> <span class='ocrx_word' id='word_1_521' title='bbox 1242 4527 1327 4588; x_wconf 93' lang='lat' dir='ltr'><strong>De</strong></span> <span class='ocrx_word' id='word_1_522' title='bbox 1359 4524 1594 4587; x_wconf 90' lang='lat' dir='ltr'><strong>talibus</strong></span> <span class='ocrx_word' id='word_1_523' title='bbox 1623 4524 1928 4587; x_wconf 91' lang='lat' dir='ltr'><strong>Dominus</strong></span> <span class='ocrx_word' id='word_1_524' title='bbox 1961 4526 2245 4607; x_wconf 87' lang='lat' dir='ltr'><strong>loquitur</strong></span> <span class='ocrx_word' id='word_1_525' title='bbox 2276 4529 2341 4590; x_wconf 89' lang='grc'><strong>111</strong></span> 
     </span>
     <span class='ocr_line' id='line_1_83' title="bbox 851 4624 2343 4707; baseline 0.001 -18"><span class='ocrx_word' id='word_1_526' title='bbox 851 4626 1122 4690; x_wconf 85' lang='lat' dir='ltr'><strong>Jeremia</strong></span> <span class='ocrx_word' id='word_1_527' title='bbox 1156 4643 1169 4687; x_wconf 88' lang='lat'>:</span> <span class='ocrx_word' id='word_1_528' title='bbox 1207 4626 1254 4687; x_wconf 89' lang='lat' dir='ltr'><strong>A</strong></span> <span class='ocrx_word' id='word_1_529' title='bbox 1284 4624 1515 4687; x_wconf 84' lang='lat' dir='ltr'><strong>saeculo</strong></span> <span class='ocrx_word' id='word_1_530' title='bbox 1553 4624 1922 4704; x_wconf 81' lang='lat' dir='ltr'><strong>confregisti</strong></span> <span class='ocrx_word' id='word_1_531' title='bbox 1960 4626 2209 4707; x_wconf 87' lang='lat' dir='ltr'><strong>jugum,</strong></span> <span class='ocrx_word' id='word_1_532' title='bbox 2244 4648 2343 4690; x_wconf 93' lang='lat' dir='ltr'><strong>ru·</strong></span> 
     </span>
     <span class='ocr_line' id='line_1_84' title="bbox 855 4722 2179 4809; baseline -0.001 -22"><span class='ocrx_word' id='word_1_533' title='bbox 855 4726 1006 4809; x_wconf 92' lang='lat' dir='ltr'><strong>pisti</strong></span> <span class='ocrx_word' id='word_1_534' title='bbox 1037 4724 1313 4800; x_wconf 89' lang='lat' dir='ltr'><strong>vincula,</strong></span> <span class='ocrx_word' id='word_1_535' title='bbox 1349 4732 1411 4785; x_wconf 86' lang='lat' dir='ltr'><strong>et</strong></span> <span class='ocrx_word' id='word_1_536' title='bbox 1441 4722 1679 4800; x_wconf 89' lang='lat' dir='ltr'><strong>dixisti,</strong></span> <span class='ocrx_word' id='word_1_537' title='bbox 1715 4724 1850 4786; x_wconf 92' lang='lat' dir='ltr'><strong>Non</strong></span> <span class='ocrx_word' id='word_1_538' title='bbox 1883 4725 2179 4787; x_wconf 90' lang='lat' dir='ltr'><strong>serviam.</strong></span> 
     </span>
    </p>

    <p class='ocr_par' dir='ltr' id='par_1_22' title="bbox 853 4821 2343 5391">
     <span class='ocr_line' id='line_1_85' title="bbox 932 4821 2342 4905; baseline 0.001 -19"><span class='ocrx_word' id='word_1_539' title='bbox 932 4824 1042 4885; x_wconf 90' lang='lat' dir='ltr'><strong>His</strong></span> <span class='ocrx_word' id='word_1_540' title='bbox 1070 4821 1282 4885; x_wconf 90' lang='lat' dir='ltr'><strong>verbis</strong></span> <span class='ocrx_word' id='word_1_541' title='bbox 1312 4830 1508 4895; x_wconf 90' lang='lat' dir='ltr'><strong>notat,</strong></span> <span class='ocrx_word' id='word_1_542' title='bbox 1530 4822 1756 4901; x_wconf 90' lang='lat' dir='ltr'><strong>pungit</strong></span> <span class='ocrx_word' id='word_1_543' title='bbox 1784 4832 1847 4884; x_wconf 86' lang='grc'><strong>61</strong></span> <span class='ocrx_word' id='word_1_544' title='bbox 1878 4824 2173 4905; x_wconf 89' lang='lat' dir='ltr'><strong>reprobat</strong></span> <span class='ocrx_word' id='word_1_545' title='bbox 2207 4844 2342 4887; x_wconf 89' lang='lat' dir='ltr'><strong>san-</strong></span> 
     </span>
     <span class='ocr_line' id='line_1_86' title="bbox 854 4920 2343 5001; baseline -0.001 -15"><span class='ocrx_word' id='word_1_546' title='bbox 854 4932 1026 4987; x_wconf 91' lang='lat' dir='ltr'><strong>ctum</strong></span> <span class='ocrx_word' id='word_1_547' title='bbox 1063 4920 1201 4997; x_wconf 88' lang='lat' dir='ltr'><strong>Job,</strong></span> <span class='ocrx_word' id='word_1_548' title='bbox 1243 4920 1398 5001; x_wconf 90' lang='lat' dir='ltr'><strong>quia</strong></span> <span class='ocrx_word' id='word_1_549' title='bbox 1439 4938 1630 5000; x_wconf 89' lang='lat' dir='ltr'><strong>supra</strong></span> <span class='ocrx_word' id='word_1_550' title='bbox 1666 4921 1797 5000; x_wconf 88' lang='lat' dir='ltr'><strong>jam</strong></span> <span class='ocrx_word' id='word_1_551' title='bbox 1837 4920 1996 4983; x_wconf 82' lang='lat' dir='ltr'><strong>dixit</strong></span> <span class='ocrx_word' id='word_1_552' title='bbox 2030 4940 2043 4983; x_wconf 91' lang='lat'>:</span> <span class='ocrx_word' id='word_1_553' title='bbox 2077 4923 2343 4987; x_wconf 85' lang='lat' dir='ltr'><strong>Auferat</strong></span> 
     </span>
     <span class='ocr_line' id='line_1_87' title="bbox 856 5018 2339 5100; baseline 0 -17"><span class='ocrx_word' id='word_1_554' title='bbox 856 5042 892 5083; x_wconf 88' lang='lat' dir='ltr'><strong>a</strong></span> <span class='ocrx_word' id='word_1_555' title='bbox 930 5040 1031 5083; x_wconf 92' lang='lat' dir='ltr'><strong>me</strong></span> <span class='ocrx_word' id='word_1_556' title='bbox 1070 5020 1233 5083; x_wconf 91' lang='lat' dir='ltr'><strong>Deus</strong></span> <span class='ocrx_word' id='word_1_557' title='bbox 1274 5018 1518 5097; x_wconf 85' lang='lat' dir='ltr'><strong>virgam</strong></span> <span class='ocrx_word' id='word_1_558' title='bbox 1563 5038 1765 5080; x_wconf 90' lang='lat' dir='ltr'><strong>suam.</strong></span> <span class='ocrx_word' id='word_1_559' title='bbox 1801 5019 2071 5100; x_wconf 86' lang='lat' dir='ltr'><strong>Loquar,</strong></span> <span class='ocrx_word' id='word_1_560' title='bbox 2111 5030 2173 5083; x_wconf 91' lang='lat' dir='ltr'><strong>et</strong></span> <span class='ocrx_word' id='word_1_561' title='bbox 2214 5041 2339 5085; x_wconf 90' lang='lat' dir='ltr'><strong>non</strong></span> 
     </span>
     <span class='ocr_line' id='line_1_88' title="bbox 853 5114 2337 5201; baseline 0.001 -21"><span class='ocrx_word' id='word_1_562' title='bbox 853 5119 1092 5181; x_wconf 92' lang='lat' dir='ltr'><strong>timebo</strong></span> <span class='ocrx_word' id='word_1_563' title='bbox 1139 5136 1308 5179; x_wconf 88' lang='lat' dir='ltr'><strong>eum.</strong></span> <span class='ocrx_word' id='word_1_564' title='bbox 1361 5114 1536 5188; x_wconf 88' lang='lat' dir='ltr'><strong>Quod</strong></span> <span class='ocrx_word' id='word_1_565' title='bbox 1593 5116 1834 5197; x_wconf 91' lang='lat' dir='ltr'><strong>Sophar</strong></span> <span class='ocrx_word' id='word_1_566' title='bbox 1893 5118 1984 5180; x_wconf 91' lang='lat' dir='ltr'><strong>sic</strong></span> <span class='ocrx_word' id='word_1_567' title='bbox 2043 5121 2337 5201; x_wconf 90' lang='lat' dir='ltr'><strong>sumpsit,</strong></span> 
     </span>
     <span class='ocr_line' id='line_1_89' title="bbox 853 5212 2342 5299; baseline -0.001 -20"><span class='ocrx_word' id='word_1_568' title='bbox 853 5216 1034 5299; x_wconf 91' lang='lat' dir='ltr'><strong>quasi</strong></span> <span class='ocrx_word' id='word_1_569' title='bbox 1068 5216 1182 5278; x_wconf 87' lang='lat' dir='ltr'><strong>Job</strong></span> <span class='ocrx_word' id='word_1_570' title='bbox 1225 5216 1303 5277; x_wconf 92' lang='lat' dir='ltr'><strong>dc</strong></span> <span class='ocrx_word' id='word_1_571' title='bbox 1343 5212 1480 5295; x_wconf 90' lang='lat' dir='ltr'><strong>pari</strong></span> <span class='ocrx_word' id='word_1_572' title='bbox 1523 5213 1712 5277; x_wconf 89' lang='lat' dir='ltr'><strong>vellet</strong></span> <span class='ocrx_word' id='word_1_573' title='bbox 1752 5235 1896 5278; x_wconf 91' lang='lat' dir='ltr'><strong>cum</strong></span> <span class='ocrx_word' id='word_1_574' title='bbox 1928 5217 2051 5279; x_wconf 92' lang='lat' dir='ltr'><strong>Deo</strong></span> <span class='ocrx_word' id='word_1_575' title='bbox 2081 5225 2342 5280; x_wconf 89' lang='lat' dir='ltr'><strong>conten-</strong></span> 
     </span>
     <span class='ocr_line' id='line_1_90' title="bbox 853 5312 2340 5391; baseline 0.001 -14"><span class='ocrx_word' id='word_1_576' title='bbox 853 5317 1023 5377; x_wconf 84' lang='lat' dir='ltr'><strong>dere.</strong></span> <span class='ocrx_word' id='word_1_577' title='bbox 1066 5314 1208 5376; x_wconf 89' lang='lat' dir='ltr'><strong>Ideo</strong></span> <span class='ocrx_word' id='word_1_578' title='bbox 1247 5312 1466 5374; x_wconf 85' lang='lat' dir='ltr'><strong>subdit</strong></span> <span class='ocrx_word' id='word_1_579' title='bbox 1498 5329 1511 5373; x_wconf 88' lang='lat'>:</span> <span class='ocrx_word' id='word_1_580' title='bbox 1557 5316 1650 5373; x_wconf 82' lang='lat' dir='ltr'><strong>Tu</strong></span> <span class='ocrx_word' id='word_1_581' title='bbox 1685 5326 1901 5375; x_wconf 73' lang='lat' dir='ltr'><strong>autem</strong></span> <span class='ocrx_word' id='word_1_582' title='bbox 1937 5318 2243 5391; x_wconf 76' lang='lat' dir='ltr'><strong>firmasti,</strong></span> <span class='ocrx_word' id='word_1_583' title='bbox 2278 5317 2340 5378; x_wconf 91' lang='lat' dir='ltr'><strong>id</strong></span> 
     </span>
    </p>
   </div>
   <div class='ocr_carea' id='block_1_21' title="bbox 2448 4328 3939 4400">
    <p class='ocr_par' dir='ltr' id='par_1_23' title="bbox 2448 4328 3939 4400">
     <span class='ocr_line' id='line_1_91' title="bbox 2448 4328 3939 4400; baseline 0.002 -10"><span class='ocrx_word' id='word_1_584' title='bbox 2448 4342 2508 4393; x_wconf 79' lang='lat' dir='ltr'><strong>ec</strong></span> <span class='ocrx_word' id='word_1_585' title='bbox 2550 4332 2678 4390; x_wconf 80' lang='lat' dir='ltr'><strong>eris</strong></span> <span class='ocrx_word' id='word_1_586' title='bbox 2711 4331 2987 4400; x_wconf 75' lang='lat' dir='ltr'><strong>stabilia,</strong></span> <span class='ocrx_word' id='word_1_587' title='bbox 3020 4336 3233 4391; x_wconf 82' lang='lat' dir='ltr'><strong>mente</strong></span> <span class='ocrx_word' id='word_1_588' title='bbox 3278 4328 3404 4392; x_wconf 86' lang='lat' dir='ltr'><strong>Deo</strong></span> <span class='ocrx_word' id='word_1_589' title='bbox 3447 4328 3695 4392; x_wconf 80' lang='lat' dir='ltr'><strong>fortiter</strong></span> <span class='ocrx_word' id='word_1_590' title='bbox 3732 4330 3939 4393; x_wconf 70' lang='grc'>81111111-</span> 
     </span>
    </p>
   </div>
   <div class='ocr_carea' id='block_1_22' title="bbox 2450 4426 3939 4706">
    <p class='ocr_par' dir='ltr' id='par_1_24' title="bbox 2450 4426 3939 4706">
     <span class='ocr_line' id='line_1_92' title="bbox 2452 4426 3938 4501; baseline 0.001 -12"><span class='ocrx_word' id='word_1_591' title='bbox 2452 4429 2678 4501; x_wconf 84' lang='lat' dir='ltr'><strong>rend03</strong></span> <span class='ocrx_word' id='word_1_592' title='bbox 2715 4446 2834 4489; x_wconf 90' lang='lat' dir='ltr'><strong>nec</strong></span> <span class='ocrx_word' id='word_1_593' title='bbox 2862 4446 2899 4489; x_wconf 91' lang='lat' dir='ltr'><strong>a</strong></span> <span class='ocrx_word' id='word_1_594' title='bbox 2925 4426 3140 4489; x_wconf 92' lang='lat' dir='ltr'><strong>medio</strong></span> <span class='ocrx_word' id='word_1_595' title='bbox 3171 4426 3424 4488; x_wconf 92' lang='lat' dir='ltr'><strong>virtutis</strong></span> <span class='ocrx_word' id='word_1_596' title='bbox 3459 4434 3582 4488; x_wconf 89' lang='lat' dir='ltr'><strong>tam</strong></span> <span class='ocrx_word' id='word_1_597' title='bbox 3612 4426 3739 4491; x_wconf 90' lang='lat' dir='ltr'><strong>cito</strong></span> <span class='ocrx_word' id='word_1_598' title='bbox 3770 4448 3938 4491; x_wconf 86' lang='lat' dir='ltr'><strong>rece-</strong></span> 
     </span>
     <span class='ocr_line' id='line_1_93' title="bbox 2450 4525 3939 4604; baseline 0.001 -17"><span class='ocrx_word' id='word_1_599' title='bbox 2450 4527 2582 4603; x_wconf 71' lang='grc'>1165,</span> <span class='ocrx_word' id='word_1_600' title='bbox 2618 4527 2727 4589; x_wconf 90' lang='lat' dir='ltr'><strong>sed</strong></span> <span class='ocrx_word' id='word_1_601' title='bbox 2760 4526 2826 4588; x_wconf 88' lang='lat' dir='ltr'><strong>in</strong></span> <span class='ocrx_word' id='word_1_602' title='bbox 2856 4526 3142 4589; x_wconf 90' lang='lat' dir='ltr'><strong>oratione</strong></span> <span class='ocrx_word' id='word_1_603' title='bbox 3182 4525 3447 4604; x_wconf 82' lang='lat' dir='ltr'><strong>gratiam</strong></span> <span class='ocrx_word' id='word_1_604' title='bbox 3488 4533 3549 4588; x_wconf 91' lang='lat' dir='ltr'><strong>te</strong></span> <span class='ocrx_word' id='word_1_605' title='bbox 3587 4525 3759 4588; x_wconf 91' lang='lat' dir='ltr'><strong>intus</strong></span> <span class='ocrx_word' id='word_1_606' title='bbox 3796 4546 3939 4589; x_wconf 92' lang='lat' dir='ltr'><strong>cor-</strong></span> 
     </span>
     <span class='ocr_line' id='line_1_94' title="bbox 2452 4622 3935 4706; baseline 0.002 -21"><span class='ocrx_word' id='word_1_607' title='bbox 2452 4624 2853 4687; x_wconf 88' lang='lat' dir='ltr'><strong>roborantem</strong></span> <span class='ocrx_word' id='word_1_608' title='bbox 2887 4622 3197 4705; x_wconf 88' lang='lat' dir='ltr'><strong>suscipies</strong></span> <span class='ocrx_word' id='word_1_609' title='bbox 3234 4640 3247 4684; x_wconf 90' lang='lat'>:</span> <span class='ocrx_word' id='word_1_610' title='bbox 3282 4622 3445 4685; x_wconf 92' lang='lat' dir='ltr'><strong>sicut</strong></span> <span class='ocrx_word' id='word_1_611' title='bbox 3478 4623 3565 4685; x_wconf 90' lang='lat' dir='ltr'><strong>ait</strong></span> <span class='ocrx_word' id='word_1_612' title='bbox 3596 4624 3935 4706; x_wconf 81' lang='lat' dir='ltr'><strong>Apostolus</strong></span> 
     </span>
    </p>
   </div>
   <div class='ocr_carea' id='block_1_23' title="bbox 2450 4721 4241 4885">
    <p class='ocr_par' dir='ltr' id='par_1_25' title="bbox 2450 4721 4241 4885">
     <span class='ocr_line' id='line_1_95' title="bbox 2450 4721 4241 4803; baseline 0.001 -18"><span class='ocrx_word' id='word_1_613' title='bbox 2450 4723 2528 4785; x_wconf 87' lang='lat' dir='ltr'><strong>ad</strong></span> <span class='ocrx_word' id='word_1_614' title='bbox 2570 4723 2881 4799; x_wconf 82' lang='lat' dir='ltr'><strong>HebraeOS‚</strong></span> <span class='ocrx_word' id='word_1_615' title='bbox 2924 4721 3245 4803; x_wconf 88' lang='lat' dir='ltr'><strong>Optimum</strong></span> <span class='ocrx_word' id='word_1_616' title='bbox 3286 4730 3382 4784; x_wconf 90' lang='lat' dir='ltr'><strong>est</strong></span> <span class='ocrx_word' id='word_1_617' title='bbox 3422 4721 3623 4801; x_wconf 86' lang='lat' dir='ltr'><strong>gratia</strong></span> <span class='ocrx_word' id='word_1_618' title='bbox 3660 4723 3933 4785; x_wconf 89' lang='lat' dir='ltr'><strong>stabiliri</strong></span> <span class='ocrx_word' id='word_1_619' title='bbox 3982 4740 4241 4787; x_wconf 53' lang='lat' dir='ltr'><strong>near-‚1122</strong></span> 
     </span>
     <span class='ocr_line' id='line_1_96' title="bbox 2450 4807 3989 4885; baseline 0 -2"><span class='ocrx_word' id='word_1_620' title='bbox 2450 4840 2580 4885; x_wconf 88' lang='lat' dir='ltr'><strong>cor.</strong></span> <span class='ocrx_word' id='word_1_621' title='bbox 2614 4821 2946 4884; x_wconf 87' lang='lat' dir='ltr'><strong>Peccatum</strong></span> <span class='ocrx_word' id='word_1_622' title='bbox 2976 4827 3187 4882; x_wconf 90' lang='lat' dir='ltr'><strong>autem</strong></span> <span class='ocrx_word' id='word_1_623' title='bbox 3218 4819 3418 4881; x_wconf 87' lang='lat' dir='ltr'><strong>menti</strong></span> <span class='ocrx_word' id='word_1_624' title='bbox 3434 4820 3933 4885; x_wconf 78' lang='lat' dir='ltr'><strong>,instabilitatem</strong></span> <span class='ocrx_word' id='word_1_625' title='bbox 3964 4807 3989 4843; x_wconf 82' lang='lat'><strong>⁹</strong></span> 
     </span>
    </p>
   </div>
   <div class='ocr_carea' id='block_1_24' title="bbox 2451 4919 3936 5002">
    <p class='ocr_par' dir='ltr' id='par_1_26' title="bbox 2451 4919 3936 5002">
     <span class='ocr_line' id='line_1_97' title="bbox 2451 4919 3936 5002; baseline 0.002 -19"><span class='ocrx_word' id='word_1_626' title='bbox 2451 4921 2718 4998; x_wconf 85' lang='lat' dir='ltr'><strong>inducit,</strong></span> <span class='ocrx_word' id='word_1_627' title='bbox 2762 4930 2824 4983; x_wconf 84' lang='lat' dir='ltr'><strong>et.</strong></span> <span class='ocrx_word' id='word_1_628' title='bbox 2866 4922 2942 4983; x_wconf 89' lang='lat' dir='ltr'><strong>ad</strong></span> <span class='ocrx_word' id='word_1_629' title='bbox 2988 4920 3217 4983; x_wconf 89' lang='lat' dir='ltr'><strong>illicita</strong></span> <span class='ocrx_word' id='word_1_630' title='bbox 3259 4938 3524 5002; x_wconf 87' lang='lat' dir='ltr'><strong>pronam</strong></span> <span class='ocrx_word' id='word_1_631' title='bbox 3573 4919 3747 4985; x_wconf 90' lang='lat' dir='ltr'><strong>facit.</strong></span> <span class='ocrx_word' id='word_1_632' title='bbox 3792 4922 3936 4986; x_wconf 82' lang='lat' dir='ltr'><strong>[deo</strong></span> 
     </span>
    </p>
   </div>
   <div class='ocr_carea' id='block_1_25' title="bbox 2450 5019 4239 5101">
    <p class='ocr_par' dir='ltr' id='par_1_27' title="bbox 2450 5019 4239 5101">
     <span class='ocr_line' id='line_1_98' title="bbox 2450 5019 4239 5101; baseline -0.002 -19"><span class='ocrx_word' id='word_1_633' title='bbox 2450 5020 2755 5101; x_wconf 89' lang='lat' dir='ltr'><strong>scriptum</strong></span> <span class='ocrx_word' id='word_1_634' title='bbox 2804 5028 2899 5082; x_wconf 91' lang='lat' dir='ltr'><strong>est</strong></span> <span class='ocrx_word' id='word_1_635' title='bbox 2935 5038 2947 5081; x_wconf 92' lang='lat'>:</span> <span class='ocrx_word' id='word_1_636' title='bbox 2982 5020 3309 5083; x_wconf 88' lang='lat' dir='ltr'><strong>Peccatum</strong></span> <span class='ocrx_word' id='word_1_637' title='bbox 3362 5019 3647 5099; x_wconf 89' lang='lat' dir='ltr'><strong>peccavit</strong></span> <span class='ocrx_word' id='word_1_638' title='bbox 3691 5020 3939 5083; x_wconf 85' lang='lat' dir='ltr'><strong>Jerusa-</strong></span> <span class='ocrx_word' id='word_1_639' title='bbox 3970 5036 4239 5083; x_wconf 56' lang='lat' dir='ltr'><strong>rmus.</strong></span> 
     </span>
    </p>
   </div>
   <div class='ocr_carea' id='block_1_26' title="bbox 2450 5116 3939 5400">
    <p class='ocr_par' dir='ltr' id='par_1_28' title="bbox 2450 5116 3939 5400">
     <span class='ocr_line' id='line_1_99' title="bbox 2452 5116 3939 5202; baseline 0.003 -23"><span class='ocrx_word' id='word_1_640' title='bbox 2452 5118 2598 5193; x_wconf 92' lang='lat' dir='ltr'><strong>lem,</strong></span> <span class='ocrx_word' id='word_1_641' title='bbox 2635 5126 2971 5199; x_wconf 84' lang='lat' dir='ltr'><strong>propterea</strong></span> <span class='ocrx_word' id='word_1_642' title='bbox 2999 5116 3320 5179; x_wconf 89' lang='lat' dir='ltr'><strong>instabilis</strong></span> <span class='ocrx_word' id='word_1_643' title='bbox 3350 5116 3515 5182; x_wconf 91' lang='lat' dir='ltr'><strong>facta</strong></span> <span class='ocrx_word' id='word_1_644' title='bbox 3546 5128 3661 5183; x_wconf 89' lang='lat' dir='ltr'><strong>est.</strong></span> <span class='ocrx_word' id='word_1_645' title='bbox 3690 5120 3939 5202; x_wconf 88' lang='lat' dir='ltr'><strong>Sophar</strong></span> 
     </span>
     <span class='ocr_line' id='line_1_100' title="bbox 2452 5217 3937 5297; baseline 0.003 -19"><span class='ocrx_word' id='word_1_646' title='bbox 2452 5226 2661 5279; x_wconf 90' lang='lat' dir='ltr'><strong>tamen</strong></span> <span class='ocrx_word' id='word_1_647' title='bbox 2680 5218 2780 5296; x_wconf 91' lang='lat' dir='ltr'><strong>(ut</strong></span> <span class='ocrx_word' id='word_1_648' title='bbox 2808 5217 3185 5297; x_wconf 73' lang='lat' dir='ltr'><strong>aestimatur)</strong></span> <span class='ocrx_word' id='word_1_649' title='bbox 3204 5218 3515 5281; x_wconf 81' lang='lat' dir='ltr'><strong>intellexit</strong></span> <span class='ocrx_word' id='word_1_650' title='bbox 3544 5220 3713 5281; x_wconf 90' lang='lat' dir='ltr'><strong>istud</strong></span> <span class='ocrx_word' id='word_1_651' title='bbox 3742 5221 3937 5283; x_wconf 88' lang='lat' dir='ltr'><strong>etiam</strong></span> 
     </span>
     <span class='ocr_line' id='line_1_101' title="bbox 2450 5315 3938 5400; baseline 0.004 -24"><span class='ocrx_word' id='word_1_652' title='bbox 2450 5316 2529 5377; x_wconf 91' lang='lat' dir='ltr'><strong>de</strong></span> <span class='ocrx_word' id='word_1_653' title='bbox 2570 5315 2915 5377; x_wconf 87' lang='lat' dir='ltr'><strong>stabilitate</strong></span> <span class='ocrx_word' id='word_1_654' title='bbox 2956 5315 3022 5377; x_wconf 91' lang='grc'><strong>111</strong></span> <span class='ocrx_word' id='word_1_655' title='bbox 3061 5315 3247 5378; x_wconf 91' lang='lat' dir='ltr'><strong>bonis</strong></span> <span class='ocrx_word' id='word_1_656' title='bbox 3294 5318 3581 5395; x_wconf 80' lang='lat' dir='ltr'><strong>terreniS,</strong></span> <span class='ocrx_word' id='word_1_657' title='bbox 3625 5338 3768 5400; x_wconf 77' lang='lat' dir='ltr'><strong>quae</strong></span> <span class='ocrx_word' id='word_1_658' title='bbox 3804 5338 3938 5383; x_wconf 87' lang='lat' dir='ltr'><strong>non</strong></span> 
     </span>
    </p>
   </div>
  </div>
 </body>
</html>
