4309 6259
846 499 964 562 328
1749 514 2096 561 mannum
2139 514 2201 559 m
2244 514 2381 559 cap.
2429 512 2450 558 1
2488 512 2615 558 son.
2662 530 2739 539 ——
2783 512 2924 557 aar.
2960 514 3021 559 vi

849 708 929 751 nc
973 688 1239 751 virtutes
1284 696 1346 749 ct
1387 689 1552 751 dona
1592 687 1835 766 egerint
1879 685 2084 747 mala?
2125 684 2201 746 Et
2242 703 2337 746 re-
2364 682 2415 745 A
2448 683 2801 745 dolentium
2854 703 2966 765 per
3006 684 3122 747 Job
3171 683 3699 765 significatorum,
3743 704 3933 765 ange-

847 787 1308 868 spondendum,
1328 788 1498 866 quod
1529 786 1712 848 donis
1745 794 1807 847 et
1837 783 2183 845 virtutibus
2204 782 2339 844 nul-

848 886 948 947 lus
984 884 1150 947 male
1180 883 1380 947 utitur
1418 885 1656 947 directe
1695 902 1767 946 ac
1804 882 2189 958 immediate,
2227 882 2337 943 sed

848 985 1160 1047 indirecte
1198 992 1260 1046 et
1299 983 1800 1046 occasionaliter.
1836 982 2029 1045 Actus
2059 1000 2336 1062 namque

849 1100 886 1143 a
929 1082 1164 1144 virtute
1207 1081 1481 1159 elicituS,
1532 1100 1782 1163 semper
1825 1089 1921 1142 est
1969 1080 2333 1153 virtuosus3

849 1181 956 1242 sed
988 1180 1190 1242 virtus
1231 1188 1295 1243 et
1333 1183 1567 1244 donum
1613 1179 1758 1243 fieri
1794 1187 2060 1261 possunt
2090 1178 2337 1241 occasio

849 1277 1288 1359 delinquendi,
1326 1298 1452 1341 non
1484 1299 1560 1343 ex
1591 1299 1679 1356 se,
1716 1279 1826 1341 sed
1856 1297 1931 1341 ex
1973 1276 2236 1339 rationis
2276 1284 2340 1339 et

849 1375 1196 1438 voluntatis
1257 1377 1760 1459 imperfectione,
1815 1384 2036 1457 utpote
2093 1376 2338 1439 ratione

849 1492 1113 1537 erronee
1163 1475 1598 1553 subsumente‚
1647 1483 1710 1538 et
1757 1494 1832 1538 eo
1873 1474 2045 1556 quod
2094 1473 2335 1535 bonum

851 1581 946 1635 est
994 1573 1477 1635 occasionaliter
1530 1574 1694 1635 male
1746 1580 1983 1648 utente,
2035 1571 2338 1652 quemad-

851 1670 1110 1732 modum
1141 1669 1341 1751 aliqui
1375 1671 1675 1733 dicuntur
1703 1689 1770 1733 se
1799 1690 1874 1731 ex
1905 1668 2185 1732 caritatis
2220 1666 2339 1729 fer-

851 1787 1002 1832 vore
1039 1788 1112 1832 ac
1159 1768 1356 1831 nimia
1391 1770 1728 1832 devotione
1757 1771 2081 1832 destruere
2117 1785 2131 1829 ε
2166 1768 2336 1849 quod

2448 782 2542 844 los
2573 782 2859 862 singulos
2892 783 3082 845 certis
3112 784 3362 847 vicibus
3394 785 3471 847 (16
3500 785 3661 848 coelo
3690 786 3769 846 ad
3812 795 3935 847 ter-

2448 900 2547 942 ras
2578 882 2983 958 descendere‚
3016 881 3295 963 hincque
3324 882 3477 946 illuc
3508 882 3736 960 redire,
3762 893 3933 961 vota,

2446 998 2665 1060 preces
2716 988 2777 1043 et
2825 979 3051 1043 merita
3102 980 3224 1043 sibi
3268 982 3750 1045 commissorum
3809 984 3937 1045 Deo

2446 1076 2705 1155 offerre,
2750 1098 2937 1161 opem
2977 1080 3369 1161 impendere.
3412 1081 3736 1144 Daemones
3777 1099 3940 1162 quo-

2447 1196 2573 1258 que
2604 1195 2732 1239 non
2762 1187 3011 1240 cessant
3042 1178 3277 1259 pariter
3317 1179 3384 1240 in
3422 1179 3809 1243 contrarium
3844 1178 3939 1240 ni-

2447 1276 2519 1352 ti,
2549 1276 2771 1356 culpas
2810 1275 3110 1357 objicere,
3145 1278 3223 1339 ad
3263 1279 3689 1341 accusandum
3730 1278 3939 1340 adsta-

2448 1394 2536 1451 re,
2563 1374 2844 1436 tentandi
2879 1374 3202 1438 licentiam
3227 1376 3587 1457 postulare:
3612 1377 3747 1439 etsi
3771 1377 3937 1438 Deus

2448 1491 2832 1554 quemquam
2874 1473 3219 1537 electorum
3264 1493 3521 1537 suorum
3573 1474 3696 1557 ipsi
3744 1475 3935 1537 Satan

2447 1572 2820 1648 laudaverit,
2841 1572 3239 1635 adversarius
3271 1574 3379 1635 ille
3411 1592 3537 1636 non
3566 1574 3795 1637 metuit
3827 1574 3941 1637 bo-

2448 1690 2531 1733 na
2589 1670 2791 1752 ipsius
2853 1670 3254 1753 interpretari
3302 1673 3381 1733 ad
3430 1672 3710 1748 malum,·
3744 1680 3939 1754 atque

2450 1788 2832 1852 praesumere
2863 1771 3033 1851 quod
3067 1770 3117 1832 si
3152 1790 3189 1831 a
3216 1771 3343 1834 Deo
3372 1771 3775 1853 permittatur
3804 1771 3941 1833 lau-

853 1885 980 1930 non
1012 1886 1160 1931 vere
1190 1868 1426 1931 directe
1457 1877 1520 1929 et
1549 1868 1828 1930 elicitive
1867 1867 2043 1929 venit
2073 1886 2148 1929 ex
2179 1866 2339 1929 cari·
2375 1860 2421 1922 B
2450 1869 2665 1930 datum
2714 1876 2981 1944 tentare,
3034 1870 3161 1931 cito
3210 1869 3467 1950 dejiciet
3518 1889 3664 1932 eum
3716 1870 3942 1933 adver-

849 1965 997 2028 tatis
1029 1966 1279 2029 fervore
1309 1974 1371 2028 et
1403 1966 1760 2043 devotione,
1797 1966 1907 2029 sed
1945 1965 2211 2027 rationis
2251 1963 2340 2025 in-

849 2064 1231 2127 discretione
1247 2073 1442 2146 atque
1461 2084 1682 2128 errore.
1699 2063 1912 2145 Itaque
1933 2064 2340 2126 metuendum

851 2170 946 2225 est
965 2164 1158 2244 justo,
1186 2182 1265 2225 ne
1296 2162 1563 2225 virtutes
1595 2171 1658 2225 et
1687 2164 1854 2225 dona
1885 2162 2009 2224 sibi
2040 2180 2341 2225 concessa

850 2261 1253 2343 peccaverint
1281 2262 1778 2335 occasionaliter,
1801 2261 1866 2323 id
1897 2270 2014 2337 est,
2038 2260 2206 2322 mala
2237 2260 2341 2321 ha-

852 2358 1042 2422 beant
1081 2359 1205 2422 sibi
1247 2360 1570 2439 adjuncta,
1604 2368 1668 2421 et
1706 2360 1808 2422 vel
1849 2359 2052 2437 magis
2093 2358 2192 2420 vel
2224 2358 2341 2418 mi-

853 2478 972 2520 nus
1015 2477 1208 2539 quam
1259 2457 1479 2521 debuit
1528 2458 1766 2519 factum
1811 2458 1914 2519 sit.
1963 2456 2341 2519 Maledicunt

852 2556 1116 2637 insuper
1137 2557 1454 2633 De0,dum
1487 2556 1740 2635 erigunt
1771 2555 2095 2618 hominem
2127 2556 2195 2617 in
2227 2555 2344 2637 spi-

853 2655 1147 2717 ritualem
1169 2654 1550 2737 superbiam,
1566 2654 1929 2730 vanitatem,
1945 2653 2337 2735 jactantiam,

855 2755 1135 2835 dumque
1183 2766 1454 2835 operans
1503 2754 1636 2815 suis
1681 2754 1926 2817 viribus
1970 2753 2192 2815 tribuit
2233 2761 2343 2815 aut

855 2852 1123 2928 meritiS‚
1157 2853 1329 2932 quod
1359 2871 1435 2913 ex
1467 2852 1571 2913 Dei
1614 2871 1774 2933 pura
1812 2851 2044 2933 pietate
2084 2851 2341 2914 sortitus

855 2960 971 3013 est.
1006 2950 1309 3011 Praetcrea
1347 2950 1549 3012 hostis
1587 2950 1890 3030 antiquus
1929 2951 2096 3013 bona
2127 2958 2343 3012 nostra

2450 1966 2560 2043 313,
2594 1966 2705 2046 661
2740 1968 2931 2029 Deum
2977 1967 3041 2029 16
3084 1967 3406 2049 prosperis
3442 1968 3651 2031 colere
3680 1967 3942 2032 videba-

2452 2072 2574 2126 tur.
2623 2066 2785 2127 Deus
2831 2073 3042 2127 autem
3084 2065 3283 2127 vallat
3324 2066 3558 2130 electos
3598 2066 3664 2127 in
3704 2065 3941 2128 saeculo

2451 2161 2573 2223 isto
2613 2162 2807 2225 variis
2846 2162 3057 2240 bonis,
3100 2163 3285 2225 donis
3330 2171 3571 2225 naturae
3612 2171 3675 2225 et
3716 2162 3943 2243 gratiae

2450 2278 2521 2321 66
2554 2259 2845 2337 fortunae,
2878 2260 3283 2339 generalibus
3316 2281 3387 2324 ac
3420 2260 3806 2342 specialibus
3838 2260 3943 2323 be-

2452 2356 2705 2420 neficiis
2744 2359 2965 2420 multis
3013 2380 3086 2422 ac
3128 2359 3373 2422 meritis
3416 2359 3691 2442 copiosis
3736 2376 3751 2421 :
3795 2379 3943 2441 quae

2450 2457 2694 2519 daemon
2742 2457 3003 2519 molitur
3047 2456 3322 2535 auferre,
3372 2478 3444 2521 ac
3492 2478 3603 2539 per
3640 2458 3762 2521 hoc
3804 2466 3942 2520 ten-

2452 2564 2649 2617 tatum
2702 2556 2779 2617 ad
2822 2556 3286 2638 impatientiam
3338 2557 3941 2620 murmurationem-

2449 2674 2575 2735 que
2595 2662 2815 2717 contra
2840 2656 3036 2718 Deum
3068 2656 3466 2718 succendere.
3486 2656 3648 2719 Deus
3673 2656 3941 2737 insuper

2451 2752 2686 2816 electos
2740 2771 2888 2814 suos
2940 2754 3251 2835 permittit
3305 2753 3499 2817 variis
3548 2754 3754 2816 modis
3803 2761 3943 2816 ten-

2453 2851 2595 2927 tari,
2628 2851 3067 2933 paulatimque
3096 2851 3353 2931 gravius
3398 2851 3728 2927 infestari3
3778 2872 3943 2913 nun-

2452 2969 2643 3031 quam
2691 2958 2901 3013 tamen
2944 2951 3254 3033 permittit
3292 2969 3401 3015 eos
3441 2949 3723 3014 finaliter
3763 2951 3941 3015 vinci

854 3049 1058 3111 tribus
1109 3048 1313 3109 modis
1365 3047 1745 3130 insequitur.
1798 3048 2119 3111 Interdum
2169 3047 2339 3110 enim
2378 3044 2421 3106 C
2453 3057 2561 3110 aut
2591 3067 2849 3130 prorsus
2888 3048 3117 3130 perire.
3153 3049 3370 3131 Itaque
3394 3050 3573 3129 juxta
3602 3050 3775 3112 hunc
3806 3068 3945 3113 mo-

854 3147 920 3208 in
966 3145 1284 3228 principio
1331 3147 1608 3210 maculat
1649 3146 2106 3220 intentionem;
2149 3147 2343 3209 inter-

852 3246 1006 3307 dum
1051 3263 1250 3325 quum
1303 3245 1475 3307 illam
1521 3246 1808 3328 polluere
1852 3245 2094 3325 nequit,
2130 3243 2345 3307 inficit.

853 3342 1168 3406 actionem
1215 3362 1326 3424 per
1369 3344 1824 3407 admixtionem
1873 3342 2241 3425 passionum
2283 3352 2346 3405 et

854 3443 1382 3523 negligentiarum
1415 3452 1804 3517 nostrarum3
1830 3443 2002 3523 quod
2038 3460 2236 3522 quum
2265 3442 2343 3503 fa-

853 3561 996 3605 cere
1029 3541 1272 3622 nequit,
1310 3542 1647 3605 insidiatur
1681 3542 1858 3622 operi
1897 3542 2027 3622 Jam
2066 3541 2345 3623 comple-

853 3649 934 3715 t0‚
954 3650 1025 3701 ut
1052 3639 1201 3703 inde
1221 3640 1461 3721 aliquid
1487 3640 1729 3722 proprii
1750 3640 2081 3715 commodi,
2105 3638 2342 3702 favoris

853 3747 962 3801 aut
992 3739 1197 3801 laudis
1231 3739 1607 3820 insipienter
1636 3757 2015 3819 quaeramuS.

945 3840 1060 3899 Sic
1115 3840 1394 3918 faciebat
1437 3838 1552 3899 Job
1603 3839 1852 3897 cuncti-s·
1899 3839 2142 3897 diebu&
2199 3837 2342 3900 Ideo

562 3949 822 4003 calamae.
851 3944 1069 4000 monet
1094 3936 1433 4019 Apostolus
1467 3953 1481 3997 :
1510 3935 1985 3998 Benefacientes
2017 3935 2215 3997 nolite
2244 3937 2345 3998 (16-

855 4035 1088 4111 ficere3
1141 4044 1423 4117 tempore
1470 4035 1644 4097 enim
1696 4052 1810 4097 suo
1855 4042 2166 4097 metemus
2212 4054 2339 4097 non

559 4146 824 4250 fiuant„
851 4133 1250 4196 deficientes.
1287 4132 1432 4195 Sola
1470 4151 1700 4213 nempe
1737 4132 2211 4212 perseverantia
2248 4134 2342 4195 di-

2453 3148 2627 3224 dum,
2672 3146 2977 3230 perfacile
3018 3156 3114 3209 est
3153 3155 3391 3210 textum
3436 3156 3810 3229 sequentem
3858 3149 3941 3211 ad

2451 3265 2921 3327 quemcumque
2949 3246 3188 3326 justum
3226 3265 3339 3327 per
3368 3254 3657 3308 sanctum
3688 3246 3807 3309 Job
3834 3247 3943 3309 de—

2452 3344 2769 3423 signatum
2806 3343 3214 3425 tropologice,
3239 3342 3561 3425 applicare
3591 3343 3943 3425 proportio-

2452 3440 2751 3503 nabiliter
2785 3441 3133 3503 secundum
3168 3440 3593 3528 expositiones
3629 3438 3940 3522 praehabi-

2454 3546 2567 3600 taS.
2616 3537 2763 3611 Quae
2809 3556 2957 3617 ergo
3008 3558 3083 3600 ex
3134 3537 3539 3620 praeinductis
3586 3538 3940 3603 clarissime

2450 3644 2689 3718 patent,
2737 3636 3039 3713 transilio,
3086 3656 3166 3699 ne
3209 3637 3409 3698 nimia
3456 3636 3786 3719 prolixitas
3830 3646 3941 3700 ta>-

2450 3736 2625 3797 dium
2652 3735 2891 3816 gignat..

2532 3838 2741 3903 Quum
2783 3844 2999 3895 autem
3036 3838 3321 3913 quadam
3360 3836 3469 3895 die
3504 3836 3639 3913 filii
3680 3846 3739 3897 et
3774 3838 3939 3914 filice

2448 3934 2589 4010 ejus
2618 3936 3033 4006 comederent,
3065 3944 3125 3995 et
3155 3935 3435 3994 biberent
3462 3935 3693 3995 vinum
3722 3936 3795 3995 in
3824 3938 3939 3995 do—

2450 4051 2549 4092 mo
2580 4032 2815 4109 fratris
2844 4034 2951 4091 sui
2970 4033 3398 4110 primogeniti
3425 4051 3448 4094 .·
3481 4032 3543 4094 id
3584 4040 3701 4109 est,
3734 4051 3935 4113 quum

2449 4138 2625 4192 actus
2657 4131 2966 4193 donorum
2998 4139 3189 4211 atque
3218 4130 3528 4194 virtutum
3560 4130 3627 4191 in
3658 4130 3935 4193 thalamo

851 4232 1016 4295 citur
1051 4230 1362 4307 coronari,
1385 4229 1536 4311 quia
1565 4230 1860 4292 videlicet
1892 4231 2031 4293 sine
2061 4250 2134 4293 ea
2164 4232 2340 4293 nulla
2370 4228 2419 4289 D
2449 4228 2945 4309 sapientiae,quae
2969 4228 3033 4289 in
3056 4228 3235 4309 apice
3256 4228 3605 4291 intellectus
3626 4228 3929 4302 consistit,

851 4330 1054 4392 virtus
1087 4328 1362 4391 feliciter
1401 4326 1790 4410 praemiatur.
1821 4328 2036 4409 Itaque
2075 4348 2202 4391 non
2244 4348 2339 4392 so-

848 4427 978 4489 lum
1032 4427 1096 4488 in
1143 4426 1310 4491 bono
1355 4444 1859 4508 perseveremuS,
1909 4425 2017 4489 sed
2069 4435 2131 4489 et
2176 4446 2334 4509 opus

845 4524 956 4588 Dei
991 4524 1280 4605 quotidie
1319 4522 1712 4604 diligentiUS,
1757 4522 2104 4606 perfectius
2143 4533 2335 4607 atque

845 4622 1169 4685 ardentius
1202 4622 1463 4703 exsequi
1497 4622 1886 4699 studeamuS,
1923 4630 1985 4685 et
2012 4642 2141 4705 quo
2173 4624 2331 4686 illud

841 4729 1045 4784 exstat
1092 4719 1514 4803 frequentiuS,
1559 4740 1634 4784 eo
1675 4722 1898 4804 purius
1936 4721 2333 4802 vigilantius-

839 4838 966 4902 que
1010 4820 1293 4884 solvatur
1337 4838 1350 4882 :
1404 4819 1645 4901 alioqui
1694 4828 1948 4901 torpore
1992 4828 2055 4881 et
2097 4821 2329 4883 damno

839 4918 1071 4981 mentis
1101 4919 1445 5001 multiplici
1477 4919 1930 5001 percutiemur.

921 5020 1217 5085 Quadam
1244 5028 1460 5079 autem
1479 5020 1606 5088 die,
1629 5038 1832 5096 quum
1858 5018 2177 5077 venissent
2197 5021 2332 5095 filii

839 5117 960 5176 Dei
1001 5126 1070 5175 ut
1110 5118 1490 5176 adsisterent
1524 5136 1740 5175 coram
1773 5117 2070 5185 Domine,
2105 5117 2330 5193 adfecit

841 5215 1011 5273 incer
1033 5234 1132 5273 eos
1161 5214 1357 5273 eciam
1381 5216 1610 5275 Satan.
1629 5212 1880 5274 Certum
1912 5213 2177 5275 omnino
2208 5222 2325 5291 est,

844 5310 1237 5391 singulorum
1268 5311 1584 5390 justorum
1627 5310 1692 5371 in
1732 5310 1852 5373 hoc
1893 5313 2132 5374 mundo
2161 5320 2331 5375 recte

2448 4326 2588 4409 ipso
2620 4346 2740 4389 usu
2768 4347 2842 4389 ac
2873 4326 3294 4390 delectatione
3326 4326 3655 4408 sapientiae
3682 4326 3935 4390 robora-

2448 4433 2687 4503 rentur,
2712 4445 2784 4487 ac
2812 4424 3347 4508 perfunderentur
3378 4426 3519 4489 luce
3548 4426 3935 4507 contempla-

2447 4523 2638 4585 tionis
2668 4524 2869 4605 ipsius
2895 4542 2909 4585 :
2937 4523 3250 4604 sapientia
3277 4523 3516 4606 quippe
3534 4532 3631 4587 cst
3650 4524 3934 4606 primum

2444 4631 2633 4703 atque
2664 4622 3109 4703 dignissimum
3141 4630 3385 4705 septem
3422 4624 3727 4687 donorum
3760 4626 3939 4687 ordi-

2446 4740 2525 4783 ne
2555 4720 2969 4803 perfectionis
2994 4746 3007 4795 3
3045 4724 3323 4782 nuncius
3346 4724 3521 4782 venit
3540 4726 3628 4783 ad
3650 4724 3783 4795 Job‚
3806 4728 3938 4803 qui

2440 4822 2679 4880 diceret
2708 4841 2731 4879 .·
2762 4824 2961 4880 Boves
2981 4823 3260 4881 arabant
3288 4842 3310 4880 .·
3341 4820 3405 4882 id
3438 4829 3553 4896 est,
3578 4821 3937 4885 considera-

2444 4918 2648 4981 tiones
2662 4918 2998 4998 judiciales
3030 4926 3219 4999 atque
3252 4917 3659 5000 sapientiales
3690 4919 3936 5001 quibus

2440 5018 2601 5080 ratio
2650 5016 2811 5097 regit
2848 5017 3197 5094 hominem,
3250 5017 3591 5099 cordisque
3627 5017 3931 5082 duritiam

2440 5116 2517 5177 ad
2558 5116 2999 5196 poenitentiam
3044 5113 3394 5195 frangendo
3443 5116 3707 5193 emollit,
3749 5136 3935 5179 men-

2442 5222 2567 5276 tem
2597 5214 2675 5275 ad
2719 5214 3067 5293 condignos
3114 5213 3509 5295 poenitentiae
3547 5213 3789 5277 fructus
3818 5234 3934 5296 pa-

2442 5312 2705 5386 rabant;
2749 5321 2809 5372 et
2856 5315 3079 5383 ase'noe,
3113 5312 3177 5373 id
3226 5319 3322 5375 est
3364 5312 3809 5395 occupationes
3862 5322 3932 5377 ct
