4309 6259
101 2973 218 3017 Jacob.
235 2988 262 3025 ι,
275 2978 312 3017 5.

1236 514 1584 561 manuario
1626 515 1690 560 m
1731 515 1867 561 car.
1914 513 1937 560 1
1976 514 2100 561 son.
2147 534 2229 545 —-
2268 516 2413 562 aar.
2456 516 2517 561 lv
3298 496 3414 559 317

322 693 428 748 tur
473 686 745 751 verbum
791 685 1152 763 inductum,
1205 687 1284 750 de
1331 694 1552 749 ventre
1598 686 1821 748 matris
1851 684 1902 747 Α
1931 695 2239 761 versetur,
2274 686 2353 747 ad
2401 686 2738 750 Dominum
2786 693 3212 751 convertatur.
3256 684 3415 749 Hinc

321 784 601 845 carnalis
632 803 818 867 posse
847 784 1129 866 exponi.
1163 794 1226 847 et
1254 786 1426 866 quod
1464 784 1573 860 ait,
1606 784 1821 846 Nudus

325 886 611 943 revertar
663 884 839 959 illuc,
875 882 1358 963 intelligendum
1408 883 1532 945 erit
1578 901 1706 945 non
1745 883 1822 944 de

323 988 550 1045 ventre
579 981 953 1064 hujusmodi
983 982 1227 1057 matriS‚
1263 983 1372 1044 sed
1408 982 1486 1044 de
1514 981 1734 1063 aliquo
1763 981 1822 1042 ei

324 1079 864 1161 proportionabili
893 1089 1001 1142 aut
1042 1080 1261 1157 simili,
1295 1088 1448 1162 puta
1488 1081 1567 1142 de
1605 1097 1824 1141 monu-

321 1185 566 1252 mento,
611 1176 679 1238 in
731 1194 860 1257 quo
907 1195 1138 1259 corpus
1187 1185 1330 1259 post
1376 1194 1700 1257 egressum
1747 1176 1824 1237 de

325 1276 570 1338 mundo
600 1276 752 1337 latet
790 1284 986 1357 atque
1026 1276 1322 1356 quiescit,
1355 1276 1519 1337 sicut
1555 1282 1702 1337 ante
1733 1274 1828 1335 in-

323 1391 620 1453 gressum
653 1373 719 1435 in
749 1374 1061 1435 mundum
1093 1374 1159 1435 in
1190 1382 1369 1435 utero
1391 1373 1612 1435 matris
1642 1372 1829 1434 latuit

324 1480 388 1533 et
438 1471 713 1552 quievit.
745 1470 986 1545 Quibus
1035 1472 1248 1534 verbis
1296 1480 1552 1534 sanctus
1589 1470 1706 1533 Job
1752 1489 1829 1534 ex

326 1568 841 1633 consideratione
861 1570 1250 1634 conditionis
1273 1590 1401 1633 suae
1423 1570 1708 1633 mortalis
1731 1588 1832 1631 na-

329 1679 489 1732 turae
531 1667 1000 1731 rationabiliter
1039 1668 1521 1745 demonstravit,
1555 1667 1724 1748 quod
1754 1669 1830 1730 de

329 1787 546 1830 rerum
586 1766 936 1830 amissione
984 1785 1113 1830 non
1161 1765 1386 1829 debuit
1435 1766 1692 1829 tristitia
1724 1764 1832 1827 ab·

1934 783 1997 845 in
2027 784 2241 846 Exodo
2271 784 2572 847 Dominus
2602 784 2690 846 ait
2720 783 3135 865 frequenter:
3168 783 3419 845 Indura·
3494 800 3691 844 exeam
3666 815 3707 853 v,

1930 881 2013 943 bo
2051 900 2161 944 cor
2196 882 2559 945 Pharaonis
2593 883 2670 943 Et
2705 883 3034 945 Psalmista
3072 883 3151 944 ad
3190 882 3411 958 Deum,
3447 866 3547 975 32¹2*
3531 866 3710 977 ¹¹¹’13'202

1932 979 2288 1055 Declinasti,
2310 980 2537 1062 inquit,
2559 981 2815 1042 semitas
2836 980 3262 1043 nostrasavia
3282 987 3410 1041 tua.
3447 992 3522 1041 2⁷;
3550 1004 3607 1039 ιιι,
3634 993 3707 1041 1οι

1932 1080 2008 1140 Et
2034 1079 2271 1142 Isaias:
2305 1078 2504 1153 Quare
2533 1098 2649 1142 nos
2688 1098 2898 1143 errare
2938 1078 3149 1144 fecisti
3186 1080 3267 1143 de
3294 1078 3415 1142 viis
3446 1067 3529 1158 Ἀ·
3530 1055 3708 1164 22⁷1„

1937 1177 2083 1254 tuiS‚
2117 1177 2429 1240 indurasti
2460 1180 2647 1242 corda
2688 1188 2900 1243 nostra
2930 1198 3011 1242 ne
3051 1179 3417 1241 timeremus
3446 1178 3509 1222 1⁸
3521 1191 3632 1231 ιω·
3646 1180 3711 1223 ¹⁷·

1935 1278 2032 1338 te?
2053 1276 2290 1356 Itaque,
2316 1277 2617 1357 quoniam
2641 1278 2802 1339 Deus
2828 1277 3196 1359 temporalia
3225 1275 3419 1356 gratis

1936 1373 2132 1452 dedit,
2166 1382 2374 1457 potest
2401 1395 2474 1438 ea
2513 1376 2593 1437 ad
2622 1376 2933 1458 placitum
2976 1373 3424 1457 irreprehensi-

1939 1474 2157 1537 biliter
2186 1475 2407 1538 tollere
2442 1493 2455 1537 τ
2488 1477 2628 1557 ejus
2659 1476 2831 1539 enim
2862 1476 3265 1539 suntomnia.
3292 1476 3427 1537 Pro-

1941 1580 2080 1655 pter
2126 1574 2297 1655 quod
2336 1574 2414 1636 de
2452 1592 2671 1636 earum
2710 1574 3066 1655 perditione
3106 1592 3222 1637 nec
3260 1592 3430 1635 mur-

1941 1690 2214 1747 murare,
2248 1691 2365 1735 nec
2411 1673 2740 1753 conqueri,
2783 1691 2899 1736 nec
2939 1672 3430 1735 immoderanter

1941 1767 2130 1831 debet
2159 1770 2350 1832 homo
2379 1769 2643 1831 tristari.

329 1865 602 1941 sorberi,
629 1864 805 1927 vinci
833 1873 943 1926 aut
972 1864 1188 1945 dejici,
1216 1884 1415 1945 quum
1449 1883 1658 1927 rerum
1689 1882 1832 1945 pos·
1868 1871 1914 1933 B
2021 1870 2209 1929 Sicut
2248 1870 2522 1929 Domino
2560 1872 2843 1947 placuit,
2870 1872 2967 1931 ita
3010 1871 3263 1947 factum
3309 1879 3425 1931 est.

331 1962 534 2025 sessio
591 1961 1030 2037 accidentaIIS,
1082 1981 1210 2024 non
1260 1962 1698 2024 substantialis
1749 1961 1832 2023 sit

329 2063 607 2127 homini.
639 2063 858 2143 Itaque
887 2080 1114 2142 magna
1146 2062 1213 2123 in
1246 2080 1457 2124 rerum
1487 2062 1832 2125 amissione

331 2170 428 2224 est
457 2161 837 2237 consolat-ic,
869 2160 1191 2243 sapienter
1221 2179 1488 2242 pensare
1528 2160 1698 2241 quod
1727 2159 1834 2221 ali-

333 2260 596 2342 quando
625 2260 790 2322 nibil
829 2280 1049 2324 earum
1091 2260 1454 2338 habuimm,
1487 2268 1551 2324 et
1581 2260 1834 2322 tandem

333 2360 501 2422 nihil
531 2359 612 2421 de
639 2358 733 2421 eis
754 2357 1156 2422 babebimus.
1175 2359 1646 2440 Consequenter
1668 2360 1834 2422 idem

332 2459 734 2522 demonstrat
761 2476 838 2520 ex
868 2465 1047 2539 parte
1077 2457 1208 2535 Dei,
1244 2457 1355 2539 qui
1394 2457 1606 2519 omnia
1635 2458 1831 2535 dedit,

334 2566 402 2619 et
429 2559 618 2638 cujus
657 2555 1062 2639 beneplacito
1100 2556 1290 2619 homo
1328 2555 1731 2619 conformare
1769 2574 1835 2618 se

335 2655 546 2719 debet.

422 2754 747 2815 Dominus
792 2754 995 2823 dedit,
1028 2752 1140 2833 qui
1177 2752 1466 2815 omnium
1503 2760 1599 2814 est
1644 2751 1841 2815 bono-

341 2872 485 2914 rum
533 2852 738 2932 origo,
772 2859 1039 2928 creator,
1072 2851 1358 2927 collator,
1392 2851 1506 2932 qui
1541 2850 1640 2932 (ut
1674 2849 1842 2914 Jaco-

343 2952 465 3014 bus
511 2952 630 3032 ait)
679 2951 788 3013 dat
834 2950 1134 3014 omnibus
1181 2949 1551 3028 affluenter,
1601 2959 1666 3013 et
1711 2969 1839 3013 non

1941 1967 2084 2029 Ideo
2110 1967 2311 2030 debeo
2339 1968 2715 2045 contentari,
2742 1976 2805 2031 et
2823 1969 2963 2049 ejus
2984 1969 3299 2032 voluntati
3330 1987 3433 2031 me

1943 2062 2364 2127 conformare.
2397 2064 2762 2129 Amicorum
2783 2084 3058 2147 namque
3087 2074 3183 2128 est
3208 2066 3429 2128 eadem

1944 2162 2108 2226 velle
2155 2169 2219 2225 et
2256 2163 2426 2227 nolle
2461 2181 2475 2225 ε
2510 2163 2748 2227 idcirco
2786 2164 3058 2245 diligens
3099 2165 3315 2241 Deum,
3350 2164 3429 2227 de

1944 2262 2083 2342 ejus
2111 2261 2531 2343 dispositione
2559 2264 2907 2325 secundum
2940 2263 3251 2326 rationem
3281 2281 3432 2326 con-

1947 2366 2157 2422 tentus
2185 2368 2302 2422 est.
2336 2359 2453 2423 Sed
2494 2362 2812 2441 quomodo
2852 2361 3093 2444 injusta
3132 2362 3429 2445 spoliatio

1946 2478 2163 2540 opum,
2187 2466 2379 2540 atque
2406 2458 2680 2521 crudelis
2709 2459 2948 2523 occisio
2977 2459 3265 2523 filiorum
3285 2460 3423 2538 Iob,

1949 2556 2191 2639 placuit
2218 2558 2365 2633 Deo,
2398 2556 2502 2620 cui
2531 2558 2623 2619 nil
2654 2557 2923 2640 impium
2952 2559 3203 2641 placet?
3234 2560 3311 2621 Et
3341 2578 3437 2621 re-

1949 2655 2415 2737 spondendum,
2448 2657 2620 2737 quod
2649 2655 2769 2718 ista
2798 2656 2922 2719 Deo
2951 2658 3330 2739 placuerunt
3361 2675 3437 2719 eo

1949 2756 2137 2818 modo
2167 2763 2231 2818 et
2258 2753 2415 2832 fine,
2447 2773 2577 2836 quo
2608 2755 2745 2837 ipse
2772 2774 2845 2819 ea
2876 2756 3187 2837 permisit,
3223 2756 3441 2821 videli-

1949 2862 2050 2917 cet
2095 2853 2162 2915 in
2202 2861 2513 2934 quantum
2551 2862 2731 2916 erant
2774 2854 2853 2915 ad
2901 2854 3261 2937 profectum
3297 2855 3435 2934 101),

1949 2960 2142 3033 atque
2189 2950 2271 3014 ob
2317 2951 2659 3015 utilitatem
2706 2952 3150 3035 multiplicem,
3193 2972 3321 3018 non
3371 2955 3439 3017 in

343 3052 762 3134 improperat.
795 3050 1066 3113 Joannes
1107 3068 1364 3131 quoque
1392 3050 1669 3132 Baptista
1699 3070 1844 3133 pro-
1874 3050 1919 3114 C
1952 3061 2262 3132 quantum
2291 3060 2739 3133 processerunt
2779 3071 2855 3114 ex
2885 3052 3080 3134 impia
3111 3054 3440 3117 voluntate

263 3185 316 3221 m,
345 3159 616 3213 testatur
649 3168 664 3212 ε
697 3150 833 3213 Non
863 3157 1074 3232 potest
1111 3150 1302 3212 homo
1341 3150 1628 3232 accipere
1659 3149 1838 3231 quid-

345 3268 562 3331 quam,
603 3248 732 3310 nisi
783 3248 979 3311 fuerit
1015 3248 1076 3311 ei
1122 3249 1340 3310 datum
1389 3248 1466 3309 de
1514 3248 1696 3311 coelo.
1729 3248 1842 3311 Per

345 3348 464 3411 hoc
491 3355 714 3409 autem
742 3348 916 3428 quod
941 3346 1056 3423 ait,
1079 3345 1384 3410 Dominus
1411 3345 1606 3424 dedit,
1634 3345 1842 3409 fassus

343 3456 439 3509 est
462 3447 608 3524 Job,
643 3445 1132 3529 prosperitatem
1161 3446 1550 3508 mundanam
1581 3446 1846 3529 opulen-

347 3547 632 3628 tiamque
663 3554 981 3608 terrenam
1003 3563 1129 3607 non
1151 3543 1512 3621 casualiter,
1541 3563 1750 3626 neque
1769 3564 1845 3607 ex

349 3644 499 3723 fat0,
535 3663 662 3708 nec
709 3662 785 3706 ex
833 3644 969 3706 solo
1017 3644 1298 3706 humano
1346 3644 1578 3720 studio,
1612 3644 1721 3706 sed
1769 3662 1845 3706 ex

346 3742 827 3827 dispensatione
857 3741 1072 3805 divina
1094 3741 1463 3805 hominibus
1485 3740 1840 3824 provenire.

349 3842 658 3906 Similiter
697 3841 1110 3905 adversitates
1141 3841 1288 3904 vitae
1326 3840 1656 3923 praesentis
1695 3840 1848 3902 insi-

350 3962 556 4005 nuans
586 3961 666 4005 ex
695 3941 932 4003 divinae
962 3940 1382 4024 providentiae
1403 3941 1580 4003 fonte
1609 3941 1850 4003 contin-

350 4058 517 4120 gere,
551 4024 775 4102 subdit
809 4058 822 4101 :
854 4042 1175 4101 Dominus
1202 4041 1488 4111 abstulit,
1510 4038 1575 4100 id
1602 4048 1715 4115 est,
1739 4057 1850 4101 au-

356 4138 507 4201 ferri
539 4138 858 4222 permisit.
891 4136 1190 4211 Quamvis
1219 4144 1433 4200 autem
1460 4136 1575 4200 Job
1603 4137 1851 4201 audivit

1950 3149 2258 3214 daemonis
2286 3160 2349 3213 et
2380 3150 2713 3212 bominum
2753 3169 2914 3231 quos
2956 3144 3211 3214 induxit
3238 3154 3317 3215 ad
3347 3153 3442 3216 vi-

1950 3248 2060 3312 tia.
2094 3248 2258 3312 Dicit
2293 3257 2505 3311 autem
2532 3247 2868 3328 Gregorius
2904 3266 2918 3310 :
2954 3248 3131 3311 Dum‘
3152 3242 3296 3331 quae
3335 3269 3442 3313 no-

1953 3347 2164 3410 lumus
2210 3347 2510 3429 patimur,
2552 3365 2812 3409 necesse
2858 3355 2956 3410 est
3000 3356 3072 3410 ut
3116 3349 3195 3411 ad
3243 3350 3441 3413 Deum

1955 3446 2067 3527 qui
2115 3446 2430 3528 injustum
2476 3446 2569 3508 nil
2618 3446 2775 3522 vult,
2818 3455 3101 3509 nostram
3148 3449 3441 3511 volunta-

1955 3553 2082 3607 tem
2111 3552 2454 3608 vertamus
2487 3544 2702 3624 Magna
2744 3544 2983 3627 quippe
3020 3554 3117 3608 est
3154 3548 3442 3610 consola-

1959 3644 2045 3706 tio
2075 3643 2141 3705 in
2172 3661 2245 3705 eo
2275 3643 2443 3723 quod
2464 3642 2779 3724 displicet,
2800 3644 2969 3725 quod
2990 3645 3116 3707 Deo
3136 3646 3440 3709 ordinan-

1960 3750 2020 3805 te
2058 3742 2227 3805 circa
2267 3760 2380 3804 nos
2426 3742 2655 3821 agitur,
2699 3741 2803 3805 cui
2849 3760 2978 3805 non
3024 3743 3149 3806 nisi
3193 3744 3441 3825 justum

1959 3841 2188 3923 placet.

2039 3944 2147 4003 Sit
2184 3960 2413 4001 nomen
2448 3940 2716 4000 Domini
2762 3940 3157 4003 nominatum
3200 3943 3450 4002 benedi-

1958 4051 2155 4109 ctum,
2172 4039 2235 4101 id
2256 4047 2368 4117 est,
2385 4037 2521 4121 ipse
2541 4038 2826 4101 omnium
2848 4038 3170 4116 DominuS,
3188 4040 3445 4105 nomine

1961 4138 2332 4201 nominante
2370 4137 2757 4218 designatuS,
2800 4137 2881 4200 ab
2919 4138 3215 4201 omnibus
3265 4138 3449 4202 bene-

354 4236 476 4299 sibi
505 4256 664 4320 opes
692 4236 940 4298 ablatas
981 4254 1017 4297 a
1046 4235 1282 4299 Sabaeis
1321 4244 1513 4317 atque
1541 4235 1848 4300 Chaldaeis
1882 4236 1931 4297 D
1960 4236 2233 4311 dicatur,
2266 4245 2328 4299 et
2367 4236 2432 4297 in
2472 4256 2540 4299 se
2583 4236 2718 4319 ipso
2757 4245 3034 4314 sanctuS,
3061 4236 3289 4315 bonUS,
3314 4256 3447 4301 om-

356 4334 726 4398 hominibus
755 4334 992 4417 pravis»,
1021 4334 1084 4396 id
1106 4343 1317 4397 tamen
1338 4335 1463 4397 Deo
1490 4334 1846 4416 adscripsit,

355 4434 492 4497 sine
539 4435 730 4514 cujus
769 4433 1086 4516 permissu
1127 4442 1191 4495 et
1229 4433 1626 4496 ordinatione
1665 4433 1852 4497 scivit

358 4552 470 4596 nec
501 4533 625 4595 ista
655 4551 773 4594 nec
801 4532 1018 4613 aliqua
1048 4530 1218 4594 fieri.
1253 4532 1514 4609 RursuS,
1547 4531 1850 4613 quoniam

357 4650 454 4693 res
480 4652 518 4693 a
549 4632 678 4693 Deo
709 4648 1042 4693 concessas
1073 4630 1290 4692 nullus
1332 4639 1524 4707 tenet,
1557 4630 1682 4692 nisi
1711 4649 1852 4693 con-

357 4738 647 4794 servante
675 4748 753 4792 eo
775 4729 888 4811 qui
917 4729 1112 4805 dedit,
1137 4727 1376 4792 ablatio
1401 4749 1608 4792 rerum
1641 4748 1854 4810 quam-

360 4830 456 4892 vis
483 4831 566 4892 sit
595 4850 632 4891 a
673 4828 957 4909 maligno
997 4828 1239 4891 directe
1277 4837 1340 4891 et
1368 4827 1692 4905 effective,
1727 4829 1853 4892 Deo

361 4936 566 4991 tamen
585 4925 995 5001 adscribitur,
1019 4928 1197 5007 juxta
1219 4926 1690 5009 Scripturarum
1712 4946 1852 4989 con-

361 5026 786 5100 suetudinem,
819 5044 961 5106 quae
992 5024 1324 5087 hominum
1358 5025 1848 5103 indurationem,

360 5140 660 5201 errorem,
677 5122 1080 5186 aversionem
1102 5124 1228 5185 Deo
1249 5122 1559 5200 attribuit,
1584 5141 1659 5185 eo
1683 5124 1852 5204 quod

366 5239 548 5284 nemo
585 5220 715 5283 nisi
754 5240 870 5303 per
903 5220 1406 5283 misericordiam
1448 5222 1556 5283 Dei
1593 5221 1674 5283 ad
1722 5240 1857 5303 poe-

371 5318 698 5383 nitentiam
729 5318 1070 5382 salubriter
1097 5320 1480 5398 emolliatur,
1504 5320 1674 5402 juste
1707 5338 1856 5383 con—

1961 4336 2158 4417 nique
2205 4333 2369 4398 bona
2410 4334 2689 4398 dictione
2734 4343 2797 4398 et
2831 4336 3260 4418 appellatione
3298 4357 3448 4402 con-

1959 4434 2190 4514 dignus
2238 4452 2376 4496 esse
2431 4442 2750 4496 noscatur.
2802 4432 2903 4497 Sic
2950 4452 3099 4515 ergo
3156 4434 3447 4499 finaliter

1961 4541 2217 4595 sanctus
2243 4531 2359 4595 Job
2386 4532 2581 4595 verba
2620 4551 2732 4594 sua
2776 4531 2838 4593 in
2870 4532 2978 4595 Dei
3008 4534 3195 4597 laude
3226 4543 3290 4597 et
3318 4553 3451 4616 gra-

1963 4630 2196 4692 tiarum
2224 4629 2474 4693 actione
2507 4629 2745 4707 finivit,
2778 4630 2845 4693 in
2882 4632 3167 4696 adversis
3197 4633 3448 4696 laetatus

1963 4730 2312 4792 secundum
2335 4730 2640 4809 quasdam
2664 4729 3069 4811 sapientiales
3090 4731 3452 4794 considera-

1963 4827 2191 4904 tioneS,
2243 4827 2542 4891 videlicet
2587 4836 2658 4890 ut
2702 4838 2883 4891 erant
2927 4847 3003 4891 ex
3050 4830 3449 4911 beneplacito

1961 4926 2094 5003 Dei,
2127 4934 2191 4989 et
2219 4945 2333 5008 pro
2360 4927 2577 5007 gratiae
2608 4926 3020 5004 incremento,
3054 4928 3348 5008 quamvis
3380 4929 3447 4990 in

1963 5044 2030 5087 se
2061 5025 2218 5107 ipsis
2248 5024 2710 5088 contristabilia
2751 5034 2964 5089 essent
2996 5043 3009 5087 :
3044 5027 3453 5106 quemadmo-

1963 5125 2116 5186 dum
2145 5141 2310 5202 aeger
2348 5124 2425 5185 de
2465 5123 2702 5205 poenali
2741 5124 3055 5186 medicina
3096 5126 3449 5188 secundum

1964 5222 2272 5283 rationem
2302 5222 2552 5301 gaudet,
2577 5228 2647 5283 ut
2674 5230 2771 5283 est
2798 5220 3099 5286 effectiva
3130 5222 3447 5302 sanitatis,

1963 5328 2027 5383 et
2055 5319 2259 5399 longae
2278 5319 2665 5402 poenalitatis
2684 5318 2985 5398 ablativa,
3006 5320 3297 5401 quamvis
3318 5340 3453 5387 sen-
