4309 6259
537 1658 724 1701 ,valach
729 1671 801 1708 11111

827 474 946 539 332

1717 498 2064 545 manuue
2105 498 2168 544 IN
2210 500 2347 545 GAP.
2392 499 2436 545 11
2477 499 2604 545 1013.
2648 518 2728 529 -·
2769 500 2913 547 ΛΒΤ.
2950 502 3032 546 vn

830 663 972 725 irati
1005 673 1114 727 aut
1147 666 1520 748 poenitentis
1559 686 1626 730 se
1654 667 1868 743 habet,
1906 667 1992 729 ita
2025 685 2196 728 nunc
2225 666 2315 747 di÷
2342 663 2395 727 A
2423 668 2579 749 quia
2606 670 2673 731 in
2702 670 2999 734 omnibus
3031 670 3303 734 intendit
3334 690 3403 734 se
3436 671 3665 753 ipsum.
3700 666 3913 731 Verba

827 762 992 824 citur
1021 766 1430 843 commoveri,
1457 766 1757 848 quoniam
1784 766 1982 829 instar
2012 765 2312 830 commoti

828 880 896 923 se
937 862 1180 941 habuit,
1217 866 1368 927 dum
1411 865 1489 927 ad
1531 865 1899 927 instantiam
1945 864 2188 927 Satanae
2226 864 2316 926 vi-

827 978 968 1021 rum
1011 961 1254 1041 justum
1305 962 1562 1025 tradidit
1610 963 1808 1045 impio
1857 963 2315 1026 tribulandum.

827 1058 1003 1121 Unde
1043 1062 1393 1144 secundum
1424 1062 1778 1139 Albertum,
1813 1080 2010 1144 quum
2055 1061 2311 1137 dicitur,

828 1156 1235 1223 Commovisti
1259 1180 1378 1237 me,
1395 1160 1969 1243 anthropospathos
1989 1168 2083 1222 est
2105 1177 2118 1221 :
2145 1167 2215 1221 ut
2235 1160 2318 1221 sit

829 1274 1069 1334 sensuS,
1089 1258 1357 1335 Movisti,
1379 1267 1447 1321 ut
1469 1268 1590 1321 tuae
1612 1280 1757 1323 eum
1783 1258 2114 1322 tentationi
2138 1277 2318 1340 expc-

831 1373 1070 1418 nerem.
1094 1356 1394 1420 Homines
1427 1358 1666 1440 quippe
1697 1358 1778 1421 ab
1805 1358 2020 1438 aliquo
2049 1375 2321 1420 commo-

829 1453 964 1516 veri
988 1454 1301 1533 dicuntur,
1328 1457 1479 1518 dum
1503 1465 1760 1539 propter
1783 1456 1964 1519 illum
1986 1455 2315 1537 quidpiam

830 1561 1045 1633 agunt.
1080 1554 1642 1618 Invariabilitatem
1680 1563 1890 1617 autem
1933 1574 2112 1618 suam
2157 1555 2319 1617 Deus

834 1651 1080 1728 fatetur,
1099 1653 1316 1716 dicens
1339 1654 1501 1736 :Ego
1523 1654 1839 1727 Dominus
1855 1662 1917 1716 et
1940 1671 2066 1715 non
2089 1661 2315 1715 mutor.

924 1756 1000 1813 Ul
1028 1756 1402 1831 affliyerem,
1425 1754 1488 1815 id
1519 1762 1636 1829 est,
1663 1773 1699 1815 a
1728 1763 1788 1817 te
1818 1752 2030 1835 affligi
2063 1753 2323 1835 permit-

2423 768 2558 831 haec
2600 778 2746 831 sunt
2788 770 3016 852 partim
3059 770 3353 833 intricata
3392 779 3453 833 et
3503 765 3911 832 resolutionis

2425 868 2696 948 egentia,
2725 888 2920 950 quum
2953 869 3102 932 etin
3123 868 3481 933 Proverbiis
3513 868 3789 931 increata
3810 865 3912 927 Sa-

2426 967 2669 1048 pientia
2698 967 3075 1049 Unigenitus
3094 968 3291 1031 Patris
3312 968 3477 1030 dicat
3504 983 3517 1028 :
3542 964 3911 1074 Delectabar
3938 982 4113 1096 κεῖ-ἔτ..
4130 994 4219 1031 m,

2425 1083 2540 1146 per
2586 1065 2868 1146 singulos
2914 1066 3070 1142 dies,
3106 1066 3331 1128 ludens
3376 1084 3589 1128 coram
3618 1083 3693 1127 eo
3728 1082 3905 1126 omn}

2430 1172 2731 1245 tempore,
2757 1164 2981 1227 ludens
3013 1164 3079 1226 in
3109 1165 3263 1228 orbe
3292 1172 3623 1227 terrarum.
3646 1162 3911 1225 Verum-

2430 1271 2638 1324 tamen
2670 1262 3003 1343 Gregorius
3033 1264 3257 1345 tangit,
3281 1264 3599 1345 quomodo
3628 1261 3798 1343 quod
3818 1260 3911 1322 di-

2428 1361 2615 1438 citur,
2652 1362 2927 1438 Frustra,
2970 1362 3171 1443 possit
3209 1360 3431 1425 referri
3478 1361 3554 1423 ad
3586 1360 3803 1435 Deum,
3841 1366 3913 1420 ut

2427 1460 2675 1522 dicatur
2703 1459 3018 1523 afflixisse
3038 1469 3326 1523 sanctum
3343 1458 3459 1522 Job
3482 1459 3734 1534 frustra,
3758 1457 3915 1539 quia

2428 1558 2568 1621 sine
2597 1560 2734 1640 ejus
2756 1559 3085 1634 demerito,
3112 1558 3356 1621 scilicet
3377 1558 3515 1621 sine
3534 1557 3741 1639 culpa,
3766 1574 3913 1637 quae

2429 1658 2590 1721 solet
2610 1675 2748 1720 esse
2769 1658 3127 1720 communis
3148 1676 3337 1720 causa
3356 1654 3783 1738 percussionis
3802 1655 3914 1716 hu-

2430 1775 2653 1819 manae.

837 1861 1054 1928 terem,
1081 1874 1228 1913 eum
1262 1855 1536 1930 frustra.
1584 1853 1939 1916 Secundum
1990 1852 2317 1915 Albertum
2355 1849 2401 1911 B
2514 1856 2634 1917 Cui
2662 1856 2987 1933 respondit
3016 1858 3248 1926 Satan,
3270 1864 3330 1915 et
3360 1856 3475 1915 ait.
3500 1851 3827 1934 Improbus
3849 1860 3913 1913 et

831 1959 893 2011 et
924 1950 1252 2027 Thomam‚
1284 1952 1454 2033 quod
1487 1952 1597 2029 ait,
1622 1952 1898 2027 Frustra,
1933 1970 2060 2013 non
2083 1951 2162 2013 ad
2184 1950 2315 2027 Dei,

831 2050 938 2111 sed
973 2048 1217 2113 Satanas
1264 2049 1680 2113 intentionem
1733 2049 2029 2113 refertur.
2063 2049 2218 2111 Nam
2259 2056 2322 2110 et

828 2148 1253 2230 Philosophus
1303 2149 1459 2213 dicit
1495 2168 1508 2211 ε
1544 2152 1706 2211 Deus
1738 2158 1800 2212 et
1840 2158 2066 2210 natura
2097 2147 2188 2209 nil
2232 2145 2320 2209 fa-

829 2247 1005 2309 ciunt
1062 2246 1322 2309 frustra.
1376 2248 1537 2311 Deus
1585 2248 1819 2311 etenim
1872 2246 2163 2329 permisit
2206 2245 2320 2309 Job

833 2346 1059 2408 tentari
1090 2346 1166 2408 ad
1191 2366 1320 2409 suae
1343 2347 1663 2435 patientiae
1693 2345 2315 2416 demonstrationem,

831 2444 1050 2525 gratiae
1081 2445 1565 2521 incrementum,
1599 2444 1810 2507 meriti
1846 2444 2195 2521 cumulum,
2235 2452 2321 2505 at-

834 2563 956 2625 que
995 2544 1074 2605 ad
1115 2551 1392 2605 nostram
1432 2543 1922 2606 aedificationem
1961 2560 1974 2604 :
2009 2545 2182 2624 quod
2227 2551 2319 2605 to-

835 2650 968 2704 tum
999 2642 1091 2704 sic
1121 2641 1372 2718 accidit,
1407 2641 1572 2704 sicut
1603 2642 1765 2703 Deus
1798 2640 2094 2711 intendit.
2131 2640 2319 2703 Satan

835 2759 986 2803 vero
1023 2739 1312 2817 tentavit,
1348 2748 1417 2802 ut
1455 2740 1663 2803 virum
1703 2747 1992 2802 sanctum
2031 2740 2110 2801 ad
2149 2758 2321 2801 mur-

840 2838 1263 2901 murationem
1305 2838 1896 2920 blasphemiamque
1938 2837 2265 2900 induceret
2302 2855 2315 2898 τ

807 2938 1006 3019 ‘quod
1045 2936 1305 2999 sortitus
1337 2955 1464 2999 non
1505 2945 1620 3013 est,
1658 2936 1786 2999 imo
1824 2935 2188 3019 oppositum
2224 2955 2322 2999 ac-

2432 1954 2767 2036 impudens
2817 1953 3237 2015 calumniator
3276 1952 3468 2015 semel
3510 1950 3801 2032 repulsus
3838 1969 3913 2013 ac

2430 2054 2660 2129 victu8,
2698 2070 2822 2115 non
2864 2059 3065 2115 cessat
3097 2051 3408 2127 insidiari,
3441 2050 3661 2113 volens
3704 2049 3914 2111 adhuc

2430 2150 2699 2234 probare
2730 2150 2899 2230 quod
2930 2149 3046 2211 Job
3078 2148 3449 2231 patientiam
3482 2166 3609 2210 non
3641 2146 3917 2210 servavit

2430 2268 2505 2311 ex
2536 2248 2643 2310 Dei
2688 2266 2924 2324 amore,
2960 2249 3067 2310 sed
3120 2265 3333 2309 amore
3379 2247 3647 2328 privato,
3680 2244 3917 2306 timens

2430 2346 2837 2428 sibimetipsi,
2864 2365 2945 2409 ne
2974 2346 3220 2409 scilicet
3250 2345 3304 2407 si
3334 2351 3755 2407 murmuraret
3774 2361 3919 2406 con-

2431 2455 2525 2508 tra
2565 2446 2784 2522 Deum,
2821 2443 3218 2525 contingeret
3262 2443 3387 2506 sibi
3436 2442 3603 2505 sicut
3649 2441 3918 2521 contigit

2433 2544 2589 2606 filiis
2630 2543 2802 2617 suis;
2837 2542 3055 2624 sicque
3104 2560 3229 2605 non
3279 2550 3537 2624 propter
3564 2540 3679 2621 Dei
3721 2540 3919 2602 hono-

2430 2663 2587 2720 rem,
2632 2644 2740 2705 sed
2773 2641 2857 2704 ob
2897 2640 3180 2723 corporis
3222 2641 3321 2703 sui
3352 2642 3549 2705 vitam
3580 2658 3653 2703 ac
3690 2638 3918 2701 sanita·

2432 2752 2557 2805 tem
2597 2742 2993 2819 servandam,
3030 2739 3183 2803 fecit
3224 2759 3367 2821 quae
3406 2739 3573 2802 bona
3610 2757 3917 2820 apparue-

2430 2848 2600 2917 runt,
2650 2839 2740 2902 ita
2787 2840 2955 2920 quod
3006 2838 3275 2901 intentio
3314 2838 3455 2919 ejus
3498 2836 3621 2899 fuit
3667 2854 3919 2918 semper

2429 2940 2692 3021 obliqua
2722 2947 2784 3001 et
2823 2939 2900 3002 ad
2950 2939 3351 3001 commodum
3391 2935 3741 3018 corporale.
3772 2935 3918 2999 Ideo

834 3034 1010 3099 cidit.
1039 3035 1180 3097 ldco
1211 3035 1350 3115 ejus
1382 3034 1650 3098 intentio
1671 3044 1767 3097 est
1797 3035 2117 3113 frustrata,
2143 3035 2207 3097 id
2228 3043 2323 3099 est
2356 3027 2400 3092 C
2431 3040 2619 3103 Satan
2652 3038 2739 3101 ait
2774 3056 2787 3099 :
2822 3041 3068 3101 Pellem
3088 3058 3210 3115 pro
3232 3040 3421 3115 pelle,
3456 3036 3520 3099 id
3550 3043 3665 3111 est,
3688 3034 3917 3117 pellem

837 3132 971 3196 fine
993 3134 1238 3197 intento
1259 3134 1506 3215 privata
1527 3151 1540 3196 z
1562 3134 1734 3215 quia,
1751 3142 1821 3195 ut
1841 3133 2074 3197 dicitur
2105 3153 2324 3197 secun-

837 3232 918 3295 do
951 3231 1382 3313 Physicorum,
1407 3232 1664 3294 Frustra
1685 3231 1782 3309 fit,
1814 3234 1983 3313 quod
2007 3231 2205 3294 finem
2231 3232 2326 3293 in-

839 3338 1080 3393 tentum
1113 3350 1241 3393 non
1270 3330 1536 3407 obtinet,
1562 3332 2096 3411 quemadmodum
2133 3331 2326 3394 medi-

836 3428 981 3492 cina
1011 3429 1088 3490 ad
1129 3448 1319 3509 quam
1351 3448 1478 3491 non
1518 3429 1808 3510 sequitur
1847 3429 2106 3491 sanitas.
2139 3429 2217 3491 Et
2257 3430 2322 3491 in

834 3528 955 3591 hoc
976 3526 1198 3590 differt
1229 3548 1266 3589 a
1295 3546 1480 3605 vano,
1497 3527 1799 3608 quoniam
1820 3548 2052 3590 vanum
2088 3548 2205 3591 nec
2230 3536 2325 3591 est

837 3628 914 3689 ad
945 3626 1169 3702 finem,
1207 3646 1321 3689 nec
1345 3626 1544 3690 finem
1567 3628 2000 3707 consequitur,
2026 3635 2095 3688 ut
2115 3636 2324 3689 motus

836 3725 1042 3807 digiti,
1069 3726 1324 3806 quando
1359 3734 1616 3807 propter
1641 3725 1799 3787 nihil
1834 3725 1972 3787 sine
2003 3726 2328 3787 adverten-

838 3824 928 3886 tia
957 3832 1266 3887 movetur.
1301 3823 1492 3885 Porro
1523 3842 1716 3905 opera
1756 3822 2034 3886 hominis
2067 3830 2325 3903 propter

837 3922 1082 4003 aliquid
1114 3921 1284 3983 fiunt
1315 3922 1601 4002 quinque
1630 3922 1856 3996 modiS‚
1894 3930 1964 3982 ut
1983 3920 2140 4009 dicit
2170 3920 2325 3982 Rab-

837 4021 902 4084 bi
934 4020 1169 4103 Moyses
1192 4021 1258 4081 in
1295 4020 1480 4083 tertia
1498 4019 1848 4083 Collatione
1868 4018 2054 4081 Ducis
2077 4028 2326 4083 neutro-

837 4119 1144 4181 rum.Aut
1173 4120 1346 4182 enim
1381 4117 1550 4181 fiunt
1580 4127 1839 4200 propter
1868 4118 2108 4180 bonum
2140 4119 2327 4181 hone-

2432 3158 2541 3201 seu
2574 3137 2859 3220 corporis
2889 3145 3136 3219 partem
3166 3135 3511 3212 duriorem,
3535 3132 3795 3216 exponit.
3814 3132 3918 3197 ho—

2430 3255 2534 3299 mo
2556 3235 2841 3317 periculo
2862 3253 2976 3317 pro
2998 3234 3164 3316 pelle
3186 3254 3294 3297 seu
3315 3231 3600 3315 corporis
3620 3231 3717 3294 sui
3738 3240 3919 3313 parte

2434 3334 2734 3399 teneriori
2771 3354 2845 3397 ac
2891 3334 3143 3409 cariori,
3179 3342 3249 3395 ut
3286 3350 3547 3395 manum
3586 3350 3701 3414 pro
3747 3329 3915 3393 oculi

2432 3432 2826 3496 defensione.
2861 3432 2975 3495 Vel
3018 3431 3109 3495 sic
3145 3450 3158 3493 :
3193 3431 3426 3495 Pellem
3472 3448 3587 3512 pro
3638 3428 3818 3511 pelle,
3852 3428 3917 3490 id

2433 3540 2549 3610 est,
2585 3550 2815 3613 corpus
2847 3530 3106 3593 alterius
3139 3529 3461 3612 permittet
3490 3528 3681 3592 homo
3712 3546 3920 3608 aequa-

2432 3629 2690 3693 nimiter
2720 3630 2988 3712 percuti,
3013 3638 3079 3691 ut
3104 3628 3433 3711 proprium
3465 3646 3695 3710 corpus
3717 3625 3919 3707 possit

2433 3749 2470 3790 a
2506 3729 2677 3792 eaede
2724 3747 2944 3792 eruere
2980 3746 2994 3790 :
3030 3747 3143 3809 per
3188 3727 3308 3790 hoc
3359 3726 3717 3800 insinuem,
3747 3724 3917 3805 quod

2430 3827 2545 3890 Job
2578 3826 2862 3890 filiorum
2893 3845 3152 3889 suorum
3182 3832 3449 3888 mortem
3484 3824 3795 3905 patienter
3828 3831 3921 3883 tu-

2434 3924 2528 4002 lit,
2561 3943 2643 3987 ne
2674 3924 2930 4006 propria
2968 3942 3083 3985 sua
3109 3940 3256 3985 caro
3300 3921 3609 3984 divinitus
3636 3919 3919 4001 plagare-

2436 4031 2557 4084 tur.
2594 4024 2680 4083 Et
2705 4033 2935 4083 cuncta
2962 4042 3105 4099 quoe
3134 4022 3315 4081 habel
3342 4024 3549 4090 home,
3584 4036 3803 4081 omnes
3834 4016 3920 4078 vi-

2434 4120 2665 4183 delicet
2709 4138 2884 4200 opeS,
2916 4120 3097 4179 dabit
3128 4137 3248 4195 pro
3286 4120 3509 4179 anima
3536 4138 3681 4186 sua,
3711 4115 3774 4177 id
3822 4122 3921 4177 est

838 4228 1027 4295 stum,
1061 4225 1170 4280 aut
1201 4225 1459 4299 propter
1503 4217 1740 4279 bonum
1787 4216 2185 4293 delectabile,
2218 4226 2326 4279 aut
2352 4216 2400 4277 D
2434 4237 2550 4301 pro
2579 4218 2711 4280 vita
2742 4237 2854 4280 sua
2884 4218 3119 4279 ‘tuenda
3138 4224 3200 4280 et
3221 4215 3675 4279 conservanda.
3700 4212 3919 4276 Liben-

837 4324 1096 4398 proptcr
1126 4314 1302 4391 utile,
1339 4323 1446 4377 aut
1487 4325 1743 4398 propter
1787 4315 2033 4391 ludum,
2068 4323 2131 4377 et
2176 4324 2326 4378 tunc

837 4420 1318 4493 consequuntur
1351 4411 1573 4475 finem.
1599 4413 1720 4474 Aut
1751 4412 1918 4474 fiunt
1939 4421 2199 4495 propter
2218 4411 2328 4474 ali-

839 4509 1019 4590 quid,
1061 4516 1123 4571 et
1167 4528 1295 4571 non
1331 4500 1810 4590 consequuntur
1856 4509 2038 4585 illud,
2083 4518 2146 4572 et
2177 4518 2327 4572 tunc

843 4607 1011 4669 fiunt
1053 4606 1310 4684 frustra,
1347 4616 1417 4669 ut
1463 4608 1608 4689 quis
1651 4608 1822 4671 vadit
1869 4608 1947 4670 ad
1999 4607 2208 4670 forum
2259 4616 2328 4669 ut

840 4714 1047 4767 sumat
1086 4706 1446 4787 pecuniam,
1479 4726 1670 4788 quam
1712 4706 1765 4768 si
1816 4724 1942 4769 non
1988 4706 2323 4787 acceperit,

841 4805 1076 4868 frustra
1107 4804 1244 4869 ivit.
1280 4805 1455 4867 Vana
1485 4824 1634 4868 vero
1663 4814 1832 4882 sunt,
1872 4805 1936 4866 in
1967 4804 2202 4885 quibus
2235 4804 2330 4865 ni-

839 4904 928 4966 hil
962 4903 1255 4967 intendit.
1288 4904 1356 4965 In
1396 4903 1694 4985 operibus
1722 4911 1934 4966 autem
1963 4902 2073 4965 Dei
2105 4911 2201 4965 est
2223 4903 2331 4965 ho-

843 5010 1092 5065 nestum
1153 5012 1216 5064 et
1262 5001 1640 5064 delectabile
1687 5020 1760 5064 ac
1809 5001 1994 5077 utile,
2050 5001 2329 5063 lusivum

843 5100 1004 5162 nihil
1041 5118 1055 5162 :
1089 5100 1242 5181 quia
1286 5100 1528 5162 lusivus
1573 5110 1670 5163 est
1713 5100 1946 5177 molliS,
1980 5109 2049 5161 ut
2097 5100 2332 5163 dicitur

843 5198 1113 5279 septimo
1145 5198 1536 5261 Ethicorum.
1572 5200 1829 5261 Frustra
1866 5217 1993 5262 non
2027 5207 2144 5276 est,
2182 5198 2335 5280 quia

844 5296 1062 5359 omnia
1081 5296 1275 5360 refert
1298 5297 1376 5359 ad
1399 5316 1466 5359 se
1487 5296 1694 5379 ipsum
1715 5321 1729 5372 3
1756 5297 2047 5378 nihilque
2069 5317 2329 5375 vanum,

2436 4317 2560 4379 tius
2611 4315 2847 4379 etenim
2889 4314 3200 4377 exteriora
3246 4313 3499 4383 amittit,
3534 4330 3725 4393 quam
3776 4329 3921 4393 pro-

2435 4416 2639 4498 priam
2696 4413 2920 4489 vitam,
2986 4430 3184 4493 quum
3244 4411 3353 4473 illa
3409 4409 3782 4473 ordinentur
3840 4409 3919 4470 ad

2436 4512 2783 4595 corporalis
2836 4512 2981 4574 vitae
3028 4509 3593 4585 sustentationem3
3626 4507 3919 4589 quamvis

2436 4612 2695 4694 quidam
2728 4631 2803 4673 ex
2836 4608 3186 4692 pertinacia
3214 4607 3440 4670 malint
3474 4606 3702 4683 occidi,
3726 4624 3917 4687 quam

2436 4731 2551 4773 sua
2583 4709 2774 4771 alicui
2807 4708 2977 4783 dare,
3004 4708 3156 4770 dum
3188 4725 3303 4788 per
3320 4705 3689 4769 violentiam
3721 4704 3921 4785 impe-

2439 4816 2683 4885 tuntur,
2726 4815 2790 4869 et
2828 4806 3041 4868 sciunt
3088 4824 3157 4869 se
3204 4823 3328 4867 non
3370 4821 3555 4885 posse
3586 4802 3914 4865 resistere:

2437 4907 2609 4989 quod
2654 4905 3033 4986 (secundum
3074 4902 3405 4983 Thomam)
3452 4909 3548 4963 est
3596 4898 3917 4974 vitiosum,

2439 5004 2738 5086 quoniam
2774 5002 2987 5064 minus
3020 5001 3260 5064 bonum
3297 5018 3411 5081 pro
3442 4996 3923 5061 conservatione

2441 5100 2700 5183 maj0ris
2730 5100 2884 5163 boni
2913 5108 3009 5161 est
3040 5098 3507 5180 exponendum.

2520 5202 2817 5279 Alioqui,
2847 5198 2907 5259 id
2944 5206 3059 5275 est,
3095 5196 3147 5258 si
3191 5206 3261 5258 ut
3298 5196 3461 5272 dico,
3493 5212 3621 5258 non
3656 5201 3772 5269 est,
3807 5210 3923 5255 nec

2442 5296 2719 5361 creditur
2750 5295 2931 5372 mihi,
2966 5296 3147 5357 mitte
3176 5314 3445 5355 manum
3478 5302 3683 5362 cuam,
3713 5290 3775 5352 id
3802 5297 3920 5366 est,
