4309 6259
596 988 660 1031 18.
673 1004 752 1041 ux,
768 993 805 1044 ¹,
819 993 858 1034 2.

594 2376 743 2419 Eccli.
760 2390 802 2427 x,
819 2380 859 2419 9.

629 3752 778 3795 Marc.
800 3766 855 3803 ιιι,

889 492 1010 555 522

1701 514 2050 559 manuario
2091 515 2154 561 m
2196 514 2334 561 cAl’.
2380 514 2462 561 XV
2501 515 2627 561 1013.
2672 534 2755 545 -
2794 515 2937 561 ΛΒΤ.
2983 516 3175 562 XXXVI

889 682 1016 745 Deo
1064 682 1297 762 gratias
1345 683 1720 759 referamuS‚
1753 684 1834 747 ab
1882 684 2022 767 ipso
2059 684 2375 747 consolari
2406 684 2456 745 A
2485 692 2691 767 potest
2738 685 3049 767 projicere
3098 686 3163 747 in
3211 684 3581 765 infernum3
3632 686 3743 767 qui
3792 693 3965 747 tanta

890 790 1201 864 petamus,
1233 782 1408 856 Quod
1449 783 1502 845 si
1557 783 1942 847 fiducialiter
1988 792 2180 865 atque
2229 802 2378 845 con-

890 888 1128 943 stanter
1157 883 1495 962 egerimu8‚
1513 882 1912 945 abundanter
1941 884 2371 959 exaudiemur,

888 981 1064 1061 juxta
1103 982 1274 1061 quod
1315 982 1544 1061 legitur
1588 982 1652 1043 in
1687 982 1842 1044 lsaia
1888 1000 1902 1044 :
1935 983 2094 1045 Ecce
2125 1002 2253 1045 non
2282 989 2377 1045 est

887 1079 1260 1143 abbreviata
1300 1100 1524 1143 manus
1564 1081 1836 1157 Domini,
1873 1090 1942 1173 ut
1982 1082 2227 1145 salvare
2274 1101 2377 1144 ne-

891 1187 1120 1260 queat;
1157 1198 1364 1260 neque
1402 1189 1737 1259 aggravata
1769 1188 1863 1243 cst
1899 1181 2072 1242 auris
2109 1181 2272 1260 ejuS,
2308 1190 2378 1243 ut

889 1296 1014 1339 non
1056 1278 1371 1340 exaudiat.
1417 1278 1533 1341 Sed
1568 1278 1937 1359 iniquitates
1969 1288 2192 1342 vestrae
2224 1280 2378 1342 divi-

889 1386 1108 1438 serunt
1137 1377 1304 1440 inter
1333 1377 1526 1439 Deum
1557 1386 1621 1439 et
1649 1386 1862 1454 vOS,et
1891 1388 2149 1460 peccata
2170 1387 2377 1443 vestra

886 1476 1358 1540 absconderunt
1397 1475 1624 1541 faciem
1655 1479 1793 1559 ejus
1823 1498 1860 1539 a
1889 1478 2092 1541 vobis.

971 1580 1145 1645 Quid
1177 1581 1456 1637 ceelevat
1483 1598 1590 1637 cor
1622 1588 1806 1638 cuum
1828 1580 1857 1637 ?
1887 1578 1951 1639 id
1981 1586 2093 1653 est,
2111 1580 2189 1640 ad
2224 1578 2377 1659 quid

889 1685 952 1740 et
993 1695 1106 1739 cur
1152 1674 1466 1756 superbiS,
1511 1693 1548 1737 o
1580 1676 1791 1751 homo,
1835 1694 1933 1738 res
1979 1675 2225 1757 fragilis
2259 1677 2380 1737 uti-

889 1794 1037 1857 que,
1081 1775 1157 1836 ad
1209 1774 1300 1835 tui
1349 1773 1550 1855 ipsius
1601 1774 2068 1854 perditionem?
2107 1776 2183 1837 Et
2230 1794 2379 1857 quo-

2485 783 2601 845 tibi
2662 784 2829 845 bona
2888 785 3201 867 impendit
3238 810 3253 859 ς
3305 785 3409 847 cui
3468 783 3967 867 profundissime

2484 882 2717 963 subjici
2748 890 2813 944 et
2840 882 3181 963 vigilanter
3212 902 3433 965 parere
3464 883 3719 945 teneris,
3750 884 3965 965 ltaque

2484 981 2789 1063 resipisce
2816 989 2879 1043 et
2912 982 3104 1064 imple
3126 982 3285 1044 illud
3316 982 3625 1064 principis
3644 982 3967 1064 Apostolo-

2487 1098 2625 1141 rum
2668 1100 2681 1143 :
2718 1080 3154 1142 Humiliamini
3186 1081 3305 1142 sub
3338 1080 3579 1162 potenti
3610 1100 3803 1143 manu
3834 1082 4219 1152 Det-mam.

2484 1177 2738 1259 Alioqui
2764 1178 3135 1260 implebitur
3156 1178 3221 1240 in
3254 1186 3313 1241 te
3336 1178 3493 1241 illud
3516 1178 3687 1241 lsaiae
3722 1178 3969 1241 :Incur-
4018 1193 4201 1243 1211,st

2488 1276 2738 1339 vabitur
2766 1276 3125 1339 sublimitas
3154 1277 3509 1352 hominum,
3528 1286 3591 1339 et
3612 1276 3970 1339 humiliabi-

2488 1384 2589 1437 tur
2616 1374 2889 1438 altitudo
2920 1376 3225 1439 virorum.

2569 1476 2742 1542 Quid
2787 1484 2877 1534 est
2914 1476 3096 1535 homo
3142 1484 3215 1534 ut
3263 1476 3717 1535 immaculatus
3762 1476 3873 1543 sit,
3908 1484 3971 1533 et

2471 1574 2697 1650 justus
2725 1584 3035 1649 appareat
3076 1584 3271 1633 natus
3296 1578 3379 1633 cle
3407 1577 3675 1633 muliere
3697 1576 3729 1634 ἒ
3764 1572 3971 1635 Multis

2489 1670 2692 1732 modis
2724 1670 2959 1733 dicitur
3000 1672 3189 1734 homo
3220 1672 3663 1734 immaculatus
3704 1672 3768 1735 in
3812 1672 3972 1735 divi-

2488 1769 2586 1831 nis
2628 1769 2991 1851 ScripturiS.
3034 1770 3169 1833 Uno
3218 1770 3427 1847 modo,
3468 1770 3619 1851 quia
3658 1770 3817 1833 nulli
3858 1791 3973 1833 un-

889 1874 1058 1935 niam
1102 1872 1422 1954 propriam
1463 1870 2036 1953 imperfectionem,
2075 1874 2379 1955 periculo·
2416 1873 2461 1933 B
2485 1886 2679 1948 quam
2711 1876 2970 1949 peccato
3010 1868 3352 1949 subjacuit,
3390 1887 3505 1931 nec
3544 1869 3819 1941 mortali,
3856 1888 3971 1931 nec

889 1971 1163 2047 sitatem,
1209 1970 1485 2052 culpam,
1533 1970 2030 2051 innumerasque
2064 1991 2378 2034 aerumnas

889 2088 1014 2131 non
1061 2088 1290 2151 pensas
1319 2070 1490 2149 (quae
1527 2069 1742 2132 omnia
1781 2069 1834 2130 si
1874 2070 1993 2132 rite
2031 2072 2381 2152 perpende-

887 2187 1010 2242 reS,
1057 2176 1118 2229 te
1147 2166 1528 2230 vilissimum
1569 2176 1632 2229 et
1675 2168 1954 2230 humana
1993 2169 2382 2231 communio·

890 2285 970 2328 ne
1012 2284 1301 2327 censeres
1337 2265 1736 2345 indignum);
1771 2266 1915 2329 ideo
1951 2267 2183 2330 clamat
2222 2266 2381 2329 Scri-

891 2372 1076 2447 ptura
1113 2384 1127 2427 :
1181 2362 1341 2437 Quid
1391 2364 1680 2445 superbit
1723 2373 1890 2426 terra
1929 2373 1994 2427 et
2042 2365 2257 2427 cinis?
2297 2370 2380 2427 Εε

889 2464 1080 2543 quasi
1109 2482 1347 2539 maqna
1367 2465 1676 2539 eoqt'tanS,
1702 2465 2003 2523 attonitos
2023 2466 2209 2523 habes
2239 2485 2381 2525 ocu-

894 2566 980 2622 los
1003 2566 1033 2622 ?
1061 2560 1322 2634 Quidam
1368 2570 1494 2622 tam
1535 2560 1796 2642 superbi
1836 2570 1898 2623 et
1927 2561 2074 2624 vani
2108 2572 2277 2638 sunt,
2311 2572 2381 2625 ut

889 2662 942 2723 si
987 2659 1149 2723 forte
1188 2660 1435 2741 egerint
1464 2660 1618 2741 quid
1649 2659 1824 2736 boni,
1873 2660 2030 2722 illud
2072 2662 2374 2742 pandant,

887 2761 1148 2841 jactent,
1200 2757 1478 2839 scirique
1529 2758 1840 2839 cupiant:
1875 2758 2002 2822 imo
2049 2779 2217 2840 saepe
2264 2760 2381 2821 vir-

891 2866 1054 2920 tutes
1091 2856 1327 2938 quibus
1357 2874 1482 2918 non
1515 2857 1914 2933 decorantur,
1951 2858 2074 2919 sibi
2112 2858 2380 2921 attribu-

889 2964 1027 3031 unt,
1057 2963 1169 3017 aut
1205 2962 1428 3035 optant
1464 2954 1750 3031 attribui,
1787 2955 1887 3018 vel
1927 2956 2251 3018 simulant.
2284 2957 2381 3018 In-

2487 1966 2745 2043 veniali,
2782 1985 2897 2029 nec
2944 1966 3202 2043 actuali,
3238 1986 3355 2031 nec
3404 1967 3699 2048 originali
3746 1986 3759 2029 :
3800 1969 3971 2049 quod

2486 2066 2791 2147 competit
2840 2066 3085 2129 bomini
3132 2066 3401 2129 Christo,
3457 2066 3767 2142 Secundo,
3820 2086 3974 2147 quo-

2486 2164 2657 2227 niam
2710 2183 3039 2246 nunquam
3088 2165 3396 2247 peccavit,
3451 2184 3567 2227 nec
3616 2165 3969 2237 venialiter,

2488 2282 2695 2343 neque
2726 2264 3097 2340 mortaliter,
3136 2263 3329 2325 etiam
3362 2263 3651 2326 babendo
3688 2272 3976 2345 tempora

2486 2361 2890 2423 discretionis
2936 2382 2949 2425 ε
2995 2363 3163 2442 quod
3214 2362 3519 2443 competit
3554 2362 3799 2441 Virgini
3851 2362 3976 2441 glo-

2487 2459 2693 2523 riosae.
2736 2459 2968 2536 Tertio,
3022 2460 3325 2541 quoniam
3364 2460 3445 2521 ab
3492 2460 3667 2522 omni
3716 2470 3975 2542 peccato

2488 2566 2793 2639 purgatus
2826 2567 2921 2620 est
2956 2576 2969 2620 :
3004 2559 3173 2640 quod
3210 2557 3510 2620 tribuitur
3539 2558 3603 2619 in
3630 2558 3971 2640 Baptismo.

2487 2656 2739 2729 Quarto,
2765 2658 3069 2737 quoniam
3102 2657 3243 2719 sine
3272 2657 3525 2721 mortali
3564 2665 3823 2738 peccato
3854 2666 3971 2733 est,

2488 2755 2659 2817 etde
2687 2754 3045 2818 venialibus
3087 2754 3373 2837 quotidie
3412 2774 3479 2817 se
3515 2756 3813 2833 custodit,
3852 2774 3977 2838 poe·

2490 2852 2650 2915 nitet
2669 2862 2731 2916 et
2751 2855 3047 2916 emendat
3072 2872 3085 2915 :
3111 2854 3329 2933 quales
3351 2872 3489 2917 esse
3516 2853 3753 2917 debent
3784 2855 3975 2936 potis-

2488 2953 2647 3014 sime
2678 2952 2980 3033 religiosi.
3017 2952 3246 3034 Sicque
3274 2952 3363 3014 ait
3391 2952 3721 3015 Psalmista
3748 2971 3761 3015 :
3796 2953 3967 3016 Beati
4000 2976 4225 3017 amnti.

889 3062 1189 3136 super‚ut
1221 3053 1700 3134 contemplativi
1733 3063 1840 3115 aut
1869 3055 2114 3135 magnis
2146 3056 2375 3117 intenti
2412 3055 2455 3119 C
2488 3050 2880 3113 immaculati
2926 3050 2989 3112 in
3032 3051 3155 3127 via,
3196 3050 3309 3131 qui
3352 3050 3682 3113 ambulant
3726 3052 3791 3113 in
3836 3052 3975 3133 lege

889 3160 1209 3234 putentur,
1225 3151 1430 3214 visum
1456 3150 1836 3233 confingunt
1863 3155 2218 3229 attonitum,
2236 3174 2380 3235 qua·

891 3251 1014 3312 lem
1051 3249 1287 3312 habent
1315 3250 1609 3330 supernis
1643 3250 1871 3313 intenti
1897 3268 1912 3315 ε
1939 3270 2209 3332 quorum
2239 3252 2378 3314 vul-

889 3358 988 3409 tus
1029 3356 1090 3409 et
1133 3348 1307 3410 visus
1354 3348 1671 3409 interdum
1716 3348 1808 3411 sic
1853 3350 2200 3426 variantur,
2235 3360 2303 3411 ut
2340 3370 2377 3412 a

887 3447 1110 3508 talium
1157 3446 1525 3528 inexpertiS,
1565 3446 1868 3508 insensati
1913 3447 2048 3510 sive
2094 3458 2377 3511 amentes

886 3546 1198 3607 dicantur.
1231 3545 1382 3606 Nam
1433 3553 1495 3606 et
1535 3544 1819 3607 Christus
1865 3546 2175 3608 altissima
2222 3566 2380 3629 prae—

885 3644 1126 3718 dicanS,
1149 3663 1186 3705 a
1214 3644 1348 3705 suis
1389 3642 1723 3725 discipulis
1755 3642 1966 3707 furere
2009 3645 2373 3727 putabatur,

884 3742 1062 3823 juxta
1117 3742 1278 3804 illud
1337 3742 1522 3804 Marci
1579 3758 1593 3803 :
1645 3742 1952 3805 Exierunt
1999 3744 2099 3805 sui
2163 3750 2378 3806 tenere

886 3860 1054 3904 eum.
1107 3840 1411 3903 Dicebant
1458 3841 1628 3903 enim
1679 3858 1692 3901 :
1737 3839 2044 3913 Quoniam
2097 3842 2163 3903 in
2216 3840 2380 3903 furo-

887 3958 1018 4001 rem
1059 3958 1281 4001 versus
1324 3947 1441 4001 est.
1477 3938 1653 4001 Circa
1703 3939 1836 4001 haec
1885 3940 2108 4002 scribit
2151 3939 2380 4020 Grego-

887 4038 1059 4099 rius:
1095 4037 1272 4119 Saepe
1317 4038 1632 4115 justorum
1679 4056 1858 4099 mens
1906 4037 1991 4099 ita
2037 4038 2114 4100 ad
2152 4037 2378 4100 altiora

885 4135 1378 4217 contemplanda
1413 4134 1844 4217 suspenditur,
1879 4143 1950 4196 ut
1977 4136 2255 4198 exterius
2284 4154 2380 4198 eo-

2489 3150 2759 3213 Domini.
2815 3149 3444 3232 Proportionabiliter
3490 3150 3725 3213 dicitur
3780 3152 3975 3217 homo

2488 3248 2682 3311 variis
2712 3249 2917 3311 modis
2942 3250 3174 3330 justus.
3197 3249 3315 3311 Sed
3337 3248 3533 3312 verba
3560 3249 3679 3311 ista
3712 3260 3976 3331 praeten-

2488 3348 2668 3424 dunt,
2706 3347 2874 3427 quod
2928 3348 3117 3409 homo
3167 3348 3760 3428 puruS,secundum
3807 3368 3979 3411 com-

2490 3464 2745 3508 munem
2782 3446 3008 3527 legem,
3034 3465 3161 3508 non
3192 3446 3366 3508 vivat
3396 3446 3534 3508 sine
3554 3454 3837 3528 peccato,
3858 3467 3977 3511 nec

2488 3544 2741 3624 penitus
2780 3544 2989 3623 justus
3030 3543 3134 3619 sit,
3170 3544 3280 3606 scd
3320 3543 3607 3625 quotidie
3648 3544 3713 3605 in
3754 3546 3976 3606 multis

2488 3642 2750 3704 deficiat
2799 3662 2873 3703 ex
2924 3640 3272 3704 infectione
3315 3650 3374 3704 et
3422 3641 3765 3722 fragilitate
3792 3652 3979 3706 natu-

2489 3760 2593 3813 rae,
2628 3750 2691 3803 et
2721 3750 2976 3822 propter
3006 3741 3451 3822 occupationes
3490 3760 3634 3803 suas
3666 3742 3979 3824 multipli-

2486 3858 2591 3901 ces
2618 3840 2788 3901 circa
2818 3838 3091 3915 diversa,
3119 3838 3205 3900 ita
3236 3846 3307 3900 ut
3337 3859 3453 3902 nec
3476 3840 3613 3921 ipse
3646 3840 3977 3903 universas

2487 3945 2549 3999 et
2579 3937 2861 4017 singulas
2894 3956 3039 3999 suas
3079 3937 3301 4019 culpas
3340 3945 3531 4018 queat
3558 3938 3978 4001 determinate

2486 4037 2835 4099 advertere.

2564 4137 2728 4195 Ecce
2757 4136 2928 4193 incer
2956 4142 3204 4193 sanctos
3224 4135 3365 4211 ejus
3394 4154 3575 4193 nemo
3608 4136 3979 4196 immutabi-

885 4252 1027 4294 rum
1064 4231 1258 4295 facies
1289 4232 1700 4314 obstupuisse
1735 4232 2047 4296 videatur.
2075 4234 2195 4297 Sed
2227 4235 2377 4314 quia
2412 4235 2458 4296 D
2488 4234 2595 4301 ἱεῖς,
2623 4242 2681 4292 et
2714 4234 2859 4292 cwli
2898 4252 3027 4291 non
3061 4243 3215 4292 sunt
3250 4234 3487 4291 mundi
3526 4234 3599 4291 in
3644 4244 3977 4310 conspectu

885 4331 1445 4413 contemplationis
1482 4331 1609 4394 vim
1644 4332 1710 4393 in
1741 4332 1991 4395 occulto
2020 4349 2209 4410 agere
2237 4352 2381 4415 pra-

883 4430 948 4492 vi
1009 4429 1319 4509 ignorant,
1373 4428 1492 4491 hoc
1539 4449 1576 4490 a
1623 4429 1814 4510 justis
1861 4438 1924 4492 et
1982 4430 2377 4511 sapientibus

889 4525 1031 4589 fieri
1066 4527 1265 4606 magis
1310 4546 1424 4608 per
1454 4526 1864 4609 hypocrisim,
1898 4547 2091 4609 quam
2131 4548 2245 4610 per
2277 4548 2381 4591 ve-

887 4625 1161 4698 ritatem,
1181 4624 1548 4686 existimant
1569 4642 1582 4685 :
1603 4624 1755 4705 quia
1787 4626 1956 4705 quod
1989 4626 2112 4707 ipsi
2142 4626 2379 4689 habere

887 4730 1233 4803 nequeunt,
1269 4722 1476 4784 inesse
1505 4722 1812 4785 veraciter
1843 4722 1988 4784 aliis
2020 4741 2146 4785 non
2178 4724 2381 4805 suspi-

887 4829 1133 4882 cantur.

970 4920 1142 4987 Quid
1174 4928 1370 4979 tumet
1399 4926 1623 4978 contra
1651 4921 1860 4979 Deum
1899 4921 2173 4995 spiritus
2207 4930 2375 4991 tuus,

888 5034 926 5077 o
973 5015 1245 5097 superbe
1289 5014 1709 5077 stultissime?
1753 5034 1952 5097 quum
1993 5016 2155 5078 Deus
2196 5016 2280 5077 sit
2322 5026 2380 5079 te

890 5114 958 5175 in
1008 5111 1337 5175 infinitum
1389 5112 1746 5189 sublimior,
1801 5112 2144 5195 perfectior
2192 5122 2381 5195 atque

891 5211 1258 5293 potentior:
1293 5230 1329 5272 a
1377 5230 1526 5292 quo,
1570 5211 1884 5293 quidquid
1935 5211 2130 5274 habes
2178 5221 2242 5275 et
2288 5232 2377 5289 eS,

590 5320 863 5371 muln-ms.
893 5310 1272 5392 suscepisti3
1313 5308 1428 5391 qui
1477 5317 1538 5371 te
1577 5329 1722 5373 cum
1763 5329 2028 5393 corpore
2065 5318 2129 5374 et
2170 5310 2385 5373 anima

2486 4332 2646 4406 φας.
2684 4329 2746 4392 Si
2792 4328 3099 4409 angelicae
3138 4337 3381 4393 mentes
3410 4338 3473 4391 et
3508 4330 3799 4393 coelestes
3826 4330 3979 4393 sub—

2487 4427 2736 4491 stantiae
2763 4427 3195 4489 immutabiles
3225 4446 3350 4489 non
3384 4436 3552 4503 sunt,
3580 4447 3695 4490 nec
3724 4430 3977 4491 mundae

2486 4526 2957 4608 comparatione
3006 4526 3303 4608 puritatis
3347 4544 3419 4588 ac
3464 4526 3977 4589 invariabilitatis

2487 4624 2720 4687 divinae
2770 4631 3009 4687 naturae
3046 4641 3060 4685 :
3098 4643 3234 4701 neS‚
3276 4624 3386 4705 qui
3442 4643 3685 4701 sumus,
3730 4625 3843 4707 qui
3891 4644 3979 4689 re-

2487 4730 2781 4804 putemus
2842 4741 2957 4784 nos
3014 4722 3287 4784 mundos
3334 4740 3408 4784 ac
3455 4720 3715 4783 stabiles
3764 4740 3975 4784 coram

2488 4821 2655 4883 Deo?
2696 4820 3020 4895 Praeterea,
3065 4820 3237 4883 solus
3270 4821 3431 4883 Deus
3461 4818 3978 4901 incomparabilis

2488 4927 2553 4981 et
2594 4918 2966 4994 immensuS,
2994 4918 3086 4980 sic
3130 4918 3407 4980 mundus
3451 4926 3514 4979 et
3556 4926 3813 4981 sanctus
3854 4926 3972 4990 est,

2490 5026 2559 5079 ut
2610 5036 2726 5079 nec
2774 5016 3112 5100 privative,
3150 5035 3265 5079 nec
3312 5016 3650 5089 contrarie,
3680 5036 3797 5079 nec
3830 5036 3979 5079 con-

2480 5116 2856 5191 tradictorie
2894 5114 3137 5196 aliquid
3182 5114 3413 5178 habeat
3452 5132 3582 5177 non
3625 5114 3977 5177 sanctitatis

2488 5222 2599 5275 aut
2640 5213 3083 5275 immunditiae.
3117 5212 3335 5275 Cetera
3374 5212 3589 5275 omnia
3627 5213 3843 5294 aliquo
3875 5213 3973 5276 vel

2490 5311 2815 5393 aliquibus
2844 5311 3074 5375 borum
3114 5310 3447 5375 modorum
3487 5311 3819 5392 quidpiam
3846 5329 3975 5374 non
