4309 6259
873 492 991 573 422

1715 526 2058 572 malumno
2101 526 2161 570 m
2206 526 2341 571 CAP.
2375 524 2481 569 vui
2522 524 2647 569 JOB.
2693 544 2773 553 —
2813 524 2953 570 AR?-
3002 524 3132 570 xxn

873 698 1349 779 operationibus
1378 696 1679 761 virtuosis
1710 706 2074 759 constanter
2111 696 2363 757 insiste-
2391 693 2441 755 A
2470 705 2575 758 net
2600 696 2979 777 Apostolus:
3004 693 3411 757 AEmulamlm
3428 694 3808 759 charismata
3826 714 3959 756 me-
3986 706 4243 813 ¹102&

878 816 966 873 re,
1004 797 1124 859 hoc
1156 805 1252 859 est
1283 798 1517 859 munde
1548 805 1610 859 et
1653 804 1822 859 recte
1861 795 2177 871 incedere,
2209 794 2363 857 Deo-

871 915 998 977 que
1029 895 1093 958 in
1124 897 1457 959 sanctitate
1480 905 1542 959 et
1569 896 1816 977 justitia
1843 895 2200 959 deservire·
2220 912 2363 974 quae

873 1014 1074 1075 quum
1107 994 1468 1076 impleverit
1497 994 1708 1070 home,
1734 993 1898 1056 Deus
1929 992 2138 1054 statim
2175 991 2365 1070 evigi-

875 1092 1034 1156 labit
1063 1093 1139 1155 ad
1179 1112 1347 1169 eum,
1383 1092 1590 1155 dando
1627 1092 1797 1174 quod
1829 1090 1988 1173 petit
2025 1090 2365 1152 salubriter

875 1198 938 1252 et
968 1198 1332 1252 constanter
1378 1208 1450 1251 ac
1499 1188 1688 1251 etiam
1720 1206 1836 1270 pro
1883 1208 1950 1250 se
1991 1188 2152 1269 ipso,
2187 1186 2365 1267 juxta

593 1302 848 1352 lanato.
876 1289 1034 1351 illud
1063 1286 1236 1351 lsaiae
1272 1305 1285 1349 :
1319 1288 1616 1349 Miserans
1655 1286 2060 1350 miserebitur
2103 1285 2239 1363 tui;
2285 1285 2362 1346 ad

877 1406 1096 1450 vocem
1157 1386 1452 1449 clamoris
1509 1380 1601 1448 tui
1652 1386 1895 1461 statim,
1947 1394 2018 1446 ut
2065 1383 2359 1459 audierit,

875 1484 1308 1568 respondebit.

956 1585 1298 1659 Postrem0,
1351 1585 1700 1646 secundum
1751 1583 2033 1647 diversas
2077 1580 2365 1644 conside-

876 1682 1176 1757 rationeS,
1210 1682 1443 1744 dicitur
1473 1684 1634 1744 Deus
1675 1701 1866 1763 super
1896 1680 2186 1743 eumdem
2226 1681 2365 1742 dor-

875 1780 1037 1843 mire
1066 1788 1129 1842 et
1157 1780 1441 1860 vigilare.
1479 1780 1679 1861 Super
1712 1780 1977 1862 impium
2023 1778 2195 1841 enim
2226 1778 2362 1840 dor-

2472 795 2652 857 liora.
2706 796 2783 857 Et
2832 795 3061 857 iterum
3116 793 3590 856 :Abundantes
3642 794 3708 855 in
3759 812 3956 876 opere
4060 804 4073 823 ⁹

2469 893 2721 956 Domini
2764 912 3035 975 Semper.
3070 896 3156 954 Et
3196 894 3544 953 novisszma
3581 902 3717 961 cua,
3752 892 3815 954 id
3854 902 3957 956 est

2472 993 2637 1056 dona
2662 992 2879 1073 gloriae
2902 990 3016 1053 tibi
3046 991 3111 1052 in
3139 990 3342 1073 patria
3365 989 3773 1067 conferenda,
3794 996 3958 1053 mul-

2475 1093 2851 1168 tiplicentur
2889 1092 3109 1151 nimis,
3155 1091 3316 1153 Deus
3354 1090 3549 1165 enim,
3592 1090 3755 1152 sieut
3794 1090 3959 1153 eitra

2472 1190 2858 1271 condignum
2893 1189 3194 1270 reprobos
3227 1189 3432 1270 punit,
3466 1188 3559 1250 sie
3586 1208 3778 1270 supra
3808 1208 3961 1252 con-

2472 1289 2734 1368 dignum
2762 1289 2995 1351 electos
3022 1287 3487 1349 remunerat.Et
3510 1286 3802 1367 quamvis
3822 1288 3961 1349 sint

2471 1397 2746 1467 quatuor
2788 1388 2965 1449 dotes
3007 1385 3289 1467 corporis
3328 1384 3693 1463 glorificati,
3726 1394 3787 1448 et
3826 1394 3961 1448 tres

2470 1485 2723 1561 animae,
2767 1493 3077 1566 quantum
3123 1485 3200 1545 ad
3246 1484 3631 1566 principales
3680 1485 3961 1566 pertinet

2471 1585 2651 1647 dotes
2692 1583 2970 1658 illorum,
3007 1591 3214 1645 tamen
3256 1583 3319 1643 in
3362 1583 3727 1664 particulari
3770 1582 3960 1646 innu-

2470 1682 2803 1746 merabilia
2856 1681 3039 1744 nobis
3093 1689 3241 1743 sunt
3292 1701 3557 1744 munera
3603 1700 3676 1744 ac
3725 1682 3961 1761 gaudia

2470 1782 2824 1844 Beatorum.
2861 1780 3013 1842 Nam
3047 1788 3109 1841 et
3140 1779 3640 1842 innumerabiles
3680 1779 3774 1841 eis
3806 1789 3960 1842 sunt

877 1877 1014 1954 mit,
1052 1877 1116 1939 in
1165 1885 1472 1959 quantum
1523 1896 1669 1939 eum
1707 1876 2036 1957 relinquit,
2084 1894 2200 1937 nec
2249 1894 2362 1956 per
2398 1879 2443 1939 B
2471 1878 2751 1941 materiae
2788 1877 3187 1958 gaudiorum.

875 1976 1142 2057 gratiam
1173 1975 1390 2039 visitat
1425 1993 1438 2037 :
1475 1995 1665 2057 super
1692 1995 1880 2058 quem
1907 1974 2096 2037 etiam
2120 1972 2358 2052 vigilat,

878 2074 943 2136 in
996 2082 1304 2155 quantum
1351 2073 1474 2135 sibi
1516 2090 1771 2155 poenam
1804 2091 1918 2154 pro
1957 2072 2146 2154 culpa
2190 2071 2361 2132 infli-

620 2193 846 2244 Jemm,
875 2173 991 2253 git.
1015 2172 1276 2253 Propter
1309 2173 1478 2253 quod
1517 2172 1604 2234 ait
1638 2191 1749 2253 per
1777 2171 2110 2234 Jeremiam
2141 2187 2154 2231 :
2190 2170 2363 2232 Sicut

583 2260 650 2300 ²⁸·
875 2269 1134 2350 vigilavi
1167 2289 1357 2351 super
1385 2288 1492 2332 eos
1524 2278 1594 2331 ut
1624 2270 1985 2345 evellerem,
2019 2268 2112 2331 sic
2142 2267 2365 2349 vigila-

873 2369 955 2431 bo
987 2386 1177 2450 super
1217 2387 1324 2430 005
1358 2376 1426 2429 ut
1455 2367 1769 2430 aedifieem
1801 2376 1861 2430 et
1907 2368 2211 2448 plantem.
2246 2365 2361 2439 Qui

872 2484 1022 2546 ergo
1053 2466 1231 2547 cupit
1259 2466 1565 2529 divinitus
1597 2466 1903 2542 exaudiri,
1931 2466 2179 2527 studeat
2202 2464 2364 2527 divi—

873 2583 971 2626 nae
997 2564 1308 2625 voluntati
1343 2584 1455 2645 per
1488 2564 1913 2627 obedientiam
1947 2562 2357 2639 conformari,

874 2662 1516 2743 irreprehensibiliter
1574 2662 1958 2739 conversari,
2021 2661 2361 2743 verbisque

873 2779 1066 2843 opera
1115 2762 1520 2823 concordare
1556 2760 1811 2843 Alioqui
1857 2761 2142 2823 advertat
2188 2761 2359 2841 quod

652 2876 789 2921 Pron.
873 2860 1182 2943 scriptum
1229 2867 1381 2921 est:
1424 2859 1539 2932 Qui
1591 2859 1868 2922 declinat
1912 2878 2127 2921 aurem
2180 2878 2357 2921 suam

581 2952 725 2990 '‘m''
747 2942 785 2984 ⁹·
874 2977 955 3021 ne
991 2958 1208 3019 audiat
1245 2958 1471 3036 legem,
1504 2957 1707 3020 oratio
1737 2958 1876 3039 ejus
1916 2957 2037 3019 erit
2073 2976 2360 3019 exsecra·

873 3055 1044 3119 bilis,
1079 3054 1212 3128 Quo
1249 3055 1545 3136 equidem
1588 3055 1822 3119 divinae
1859 3054 2174 3119 voluntati
2214 3056 2359 3135 quis
2396 3062 2439 3124 C
2470 3070 2571 3123 tur
2598 3060 2869 3123 :Oculus
2898 3079 3024 3123 non
3057 3060 3234 3136 vidit,
3252 3062 3431 3137 [)005,
3447 3060 3689 3141 absque
3720 3070 3953 3143 te,quae
4008 3081 4249 3124 lau-m.

873 3153 1370 3221 conformiorem
1399 3172 1466 3216 se
1495 3154 1704 3235 ipsum
1739 3154 2104 3235 praebuerit,
2137 3155 2363 3216 arden-

873 3253 1131 3333 tiusque
1165 3252 1356 3315 Deum
1387 3252 1700 3329 dilexerit,
1734 3261 1795 3315 et
1835 3252 2362 3334 irreprehensibi-

876 3352 1000 3413 lius
1031 3352 1091 3414 ei
1122 3352 1454 3431 servierit3
1487 3371 1562 3414 eo
1591 3351 1711 3414 erit
1739 3352 1966 3427 carior,
1993 3352 2279 3414 intimior
2300 3362 2361 3415 et

875 3450 1254 3513 familiarior
1284 3451 1432 3527 Deo,
1469 3459 1531 3513 et
1561 3470 1706 3514 eum
1741 3459 2038 3532 tanquam
2086 3451 2360 3513 amicum

874 3549 1272 3613 carissimum
1302 3549 1465 3612 Deus
1495 3549 1752 3631 copiose
1793 3550 1982 3613 etiam
2015 3550 2080 3611 in
2113 3550 2362 3630 magnis

875 3647 1168 3711 exaudiet
1204 3666 1217 3709 :
1255 3647 1382 3710 imo
1413 3648 1718 3711 affectum
1753 3649 1893 3730 ejus
1922 3658 2262 3729 antequam
2296 3648 2362 3710 in

877 3748 1072 3811 verba
1121 3756 1512 3829 prorumpat,
1565 3756 1672 3809 aut
1721 3747 1974 3829 incepta
2023 3748 2360 3828 compleat,

875 3846 1186 3928 adspiciet
1222 3854 1284 3908 et
1317 3845 1628 3927 implebit,
1663 3846 1826 3908 sicut
1859 3864 1970 3927 per
2011 3845 2229 3907 isaiam
2272 3855 2363 3909 te-

603 3960 844 4012 lamae
877 3954 1078 4007 statur
1106 3945 1184 4007 de
1219 3944 1448 4006 talibus
1487 3962 1500 4005 ε
1535 3944 1889 4025 Antequam
1930 3944 2229 4016 clament,
2262 3964 2365 4008 ex-

587 4026 757 4073 ²''¹¹'⁹'
876 4044 1130 4107 audiam
1180 4062 1338 4119 eos3
1396 4042 1603 4105 adhuc
1655 4042 1781 4104 illis
1833 4040 2359 4120 vociferantibuS,

873 4143 1103 4219 dicam,
1137 4142 1297 4204 Ecce
1323 4142 1571 4204 adsum.

2578 1982 2657 2039 In
2669 1989 2921 2054 terroya
2976 1980 3150 2037 enim
3204 1980 3679 2053 yeneratae‘onem
3730 1981 3961 2054 pristi-

2470 2098 2627 2137 nam
2654 2094 2677 2137 .·
2706 2076 2770 2139 id
2804 2083 2918 2152 est,
2956 2074 3320 2138 testimonio
3349 2075 3850 2139 Patriarcharum
3884 2097 3960 2140 ac

2470 2175 2920 2257 Prophetarum
2969 2174 3216 2255 antiqui
3262 2174 3561 2256 temporis
3602 2174 3722 2237 hoc
3757 2174 3962 2239 disce-

2473 2292 2539 2335 re
2575 2280 2773 2354 poteS.
2810 2273 2954 2335 Ideo
2996 2271 3289 2333 subditur
3322 2288 3337 2333 t
3369 2276 3509 2351 Ipsi
3534 2276 3843 2334 docebunt
3876 2285 3955 2335 ce.

2470 2372 2773 2434 Praedicta
2810 2372 2978 2433 enim
3021 2370 3234 2434 verbis
3275 2368 3527 2433 illorum
3578 2371 3953 2453 probantur.

2470 2470 2621 2532 Nam
2656 2478 2718 2532 et
2749 2471 2827 2532 de
2859 2470 3255 2531 abundantia
3292 2468 3675 2551 proficiendi
3717 2468 3783 2531 in
3814 2488 3957 2549 gra-

2472 2568 2557 2629 tia
2600 2567 2801 2630 fertur
2838 2568 2902 2629 in
2946 2568 3243 2630 Psalmo:
3276 2567 3461 2631 lbunt
3499 2569 3577 2631 de
3612 2568 3845 2631 virtute
3884 2570 3953 2633 in

2470 2667 2795 2729 virtutem.
2847 2667 2933 2729 De
2981 2665 3391 2729 exuberantia
3440 2684 3589 2729 vero
3639 2658 4011 2730 donorum⁸

2468 2766 2687 2846 gloriae
2728 2784 2947 2827 rursus
2992 2766 3079 2827 ait
3120 2765 3449 2827 Psalmista
3486 2783 3502 2827 :
3544 2766 3955 2829 inebriabun-
3998 2792 4251 2835 enum.

2470 2870 2572 2925 tur
2602 2862 2682 2925 ab
2715 2862 2999 2925 ubertate
3030 2863 3255 2925 domus
3290 2871 3431 2936 tuae,
3458 2872 3521 2925 et
3550 2872 3827 2927 torrente
3850 2884 3957 2928 vo-

2470 2961 2732 3043 luptatis
2762 2970 2886 3023 tuae
2916 2960 3166 3042 potabis
3198 2980 3327 3023 eos,
3362 2960 3435 3022 Et
3471 2962 3535 3022 in
3570 2961 3727 3024 lsaia
3764 2962 3955 3025 habe-

2471 3158 2837 3241 praeparasti
2889 3157 3403 3239 exspectantibus
3454 3166 3535 3220 te.
3586 3158 3693 3220 His
3740 3160 3951 3221 verbis

2440 3256 2727 3337 .superbi
2758 3264 2821 3318 et
2852 3254 3033 3317 scioli
3074 3256 3575 3331 confunduntur,
3610 3256 3721 3336 qui
3752 3276 3792 3319 a
3824 3276 3953 3319 ma-

2467 3353 2714 3436 joribus
2747 3362 2855 3415 aut
2882 3352 3241 3415 senioribus
3266 3353 3399 3415 suis
3425 3372 3535 3415 seu
3565 3354 3956 3417 doctioribus

2470 3452 2717 3515 discere
2756 3460 3200 3533 aspernantur.
3244 3450 3360 3524 Qui
3399 3460 3609 3514 autem
3649 3454 3958 3516 veraciter

2471 3550 2725 3631 sapiens
2766 3559 2882 3625 est,
2918 3568 3171 3631 semper
3201 3549 3445 3612 discere
3484 3549 3681 3631 cupit,
3716 3558 3787 3611 ut
3817 3569 3959 3632 pro-

2471 3648 2579 3710 bat
2615 3648 2910 3730 Cyrinus,
2954 3648 3214 3729 Propter
3252 3648 3424 3728 quod
3464 3648 3771 3730 seriptum
3810 3658 3905 3712 est
3938 3666 3952 3710 :

2472 3746 2858 3830 Sapientiam
2892 3746 3180 3809 omnium
3221 3746 3627 3826 antiquorum
3670 3748 3955 3829 exquiret

2472 3845 2749 3927 sapienS,
2784 3854 2846 3907 ct
2877 3846 2939 3906 in
2974 3844 3302 3925 Prophetis
3336 3844 3607 3907 vacabit.

2572 3946 2915 4023 Numquid
2956 3946 3169 4003 vivere
3201 3953 3403 4019 potest
3441 3946 3694 4022 scirpus
3730 3946 3958 4025 absque

2471 4044 2778 4103 humore?
2800 4051 2914 4101 aut
2938 4050 3259 4100 carectum
3288 4060 3558 4099 crescere
3580 4045 3721 4101 sine
3744 4048 3959 4121 aqua?

2470 4139 2557 4201 De
2578 4139 2676 4201 his
2699 4138 2913 4199 herbis
2936 4147 2999 4201 et
3016 4138 3171 4219 quid
3195 4137 3561 4216 designetur
3586 4157 3699 4219 per
3719 4158 3847 4214 eaS,
3874 4140 3959 4201 di-

943 4244 1026 4303 Ει
1045 4250 1351 4318 pacatum
1369 4242 1590 4300 reddet
1615 4242 2057 4300 habitaculum
2075 4242 2361 4317 justiciae
2394 4247 2445 4310 D
2472 4246 2642 4299 ctum
2666 4245 2762 4299 est
2782 4235 3164 4318 praecedenti
3186 4235 3474 4299 articulo.
3500 4235 3741 4309 Quibus
3768 4237 3953 4299 etiam

876 4351 1002 4401 tuce
1033 4360 1055 4399 .·
1095 4339 1158 4399 id
1203 4347 1319 4415 est,
1353 4356 1584 4419 corpus
1624 4346 1802 4399 tuum
1847 4337 1940 4415 (in
1980 4356 2108 4418 quo
2147 4338 2363 4401 anima

873 4446 983 4499 tua
1014 4437 1213 4518 degit)
1245 4436 1434 4499 saciet
1468 4436 1732 4498 rationis
1756 4435 1997 4517 judicio
2028 4456 2172 4498 cum
2202 4444 2363 4499 tran-

874 4534 1194 4616 quillitate
1241 4535 1621 4616 subjectum,
1670 4553 1750 4596 ne
1799 4536 1876 4597 de
1926 4543 2135 4597 cetero
2186 4554 2361 4600 more

873 4633 1061 4695 solito
1098 4633 1328 4695 militet
1366 4641 1585 4696 contra
1623 4632 1900 4694 animam
1936 4640 2126 4713 atque
2165 4634 2362 4697 recal-

873 4732 1099 4807 citret3
1145 4733 1218 4792 in
1259 4742 1539 4801 cantum,
1577 4741 1650 4792 uc
1679 4733 1912 4808 priora
1958 4741 2069 4791 tua
2103 4733 2361 4809 fuerint

863 4852 1104 4910 parva,
1151 4830 1212 4893 id
1255 4838 1372 4905 est,
1416 4828 1686 4911 pristina
1733 4828 2091 4910 spiritualia
2132 4831 2361 4909 gratia-

871 4948 1011 4991 rum
1051 4928 1432 4991 charismata
1479 4926 1729 4989 modica
1779 4926 2020 4989 fuerint
2067 4936 2356 5009 respectu

871 5026 1196 5108 sequentis
1241 5034 1364 5087 tuae
1411 5023 1823 5106 perfectionis
1873 5042 1886 5085 :
1934 5024 2108 5104 quia,
2157 5033 2228 5086 ut
2271 5026 2359 5087 ait

577 5138 820 5182 uanum
825 5120 1176 5199 Salvator,
1196 5122 1559 5186 Abundanti
1593 5122 1862 5199 dabitur,
1885 5131 1955 5185 ut
1985 5123 2129 5204 plus
2162 5122 2358 5186 abun-

577 5202 1096 5297 29’(101ςο1
1130 5221 1455 5304 profectus
1487 5221 1654 5303 parit
1685 5219 2065 5302 profectum,
2100 5240 2357 5301 unaque

863 5320 1028 5383 actio
1061 5320 1344 5382 virtuosa
1374 5318 1658 5399 disponit
1687 5318 1766 5379 ad
1795 5318 2008 5380 aliam.
2043 5319 2187 5381 ldeo
2223 5338 2357 5381 mo-

2470 4334 2682 4399 verbis
2712 4342 3019 4397 consonat
3050 4334 3116 4395 in
3146 4333 3490 4414 Evangelio
3519 4334 3828 4408 ChristuS‚
3864 4336 3957 4397 di-

2470 4452 2619 4497 cens
2667 4451 2882 4496 semen
2934 4432 3197 4508 aruisse,
3247 4431 3401 4511 quia
3448 4432 3778 4495 humorem
3830 4453 3955 4498 non

2468 4532 2713 4595 habuit.
2738 4533 2811 4594 Et
2844 4533 2922 4594 de
2950 4531 3210 4593 homine
3239 4530 3524 4593 virtuoso
3553 4530 3841 4613 loquitur
3866 4534 3957 4595 Je-

2470 4632 2698 4693 remias
2736 4649 2749 4693 :
2784 4630 2918 4692 Erit
2948 4638 3247 4711 tanquam
3282 4629 3524 4709 lignum
3554 4630 3729 4711 quod
3764 4639 3956 4693 trans·
3977 4654 4177 4695 lenm,

4000 2592 4141 2633 Pau

4038 3764 4193 3805 Eccln'.

3982 3840 4135 3877 xunx,
4154 3830 4191 3869 t.

4172 2606 4247 2631 Aa.

3982 4456 4095 4499 Luc.
4112 4471 4195 4499 uu.
4212 4460 4247 4497 6.

2470 4730 2791 4811 plantatur
2822 4748 3013 4811 super
3044 4746 3263 4807 aquaS‚
3299 4728 3467 4808 quod
3505 4729 3583 4789 ad
3622 4728 3949 4791 humorem
3982 4718 4021 4755 ⁷·

2468 4828 2665 4891 mittit
2706 4828 2946 4890 radices
2985 4846 3153 4903 suaS,
3196 4834 3259 4888 et
3298 4844 3424 4887 non
3468 4826 3717 4889 timebit
3758 4846 3949 4908 quum

2468 4927 2713 4989 venerit
2742 4935 2953 5003 aestus,
2991 4926 3051 4988 id
3084 4932 3180 4989 est
3220 4925 3432 4989 fervor
3460 4925 3859 4987 adversitatis
3892 4935 3950 4989 et

2467 5025 2634 5106 ignis
2676 5024 3084 5099 tentationis3
3128 5022 3251 5087 erit
3293 5023 3462 5086 enim
3506 5024 3667 5085 Deus
3717 5023 3949 5087 fiducia

2467 5125 2627 5206 ejus,
2664 5125 2747 5186 De
2778 5142 2907 5205 quo
2939 5123 3002 5184 in
3037 5118 3393 5185 Proverbiis
3426 5122 3733 5183 asseritur
3766 5140 3781 5184 :
3809 5122 3948 5184 Tur-

2465 5320 2665 5382 currit
2684 5320 2916 5401 justus,
2937 5328 2999 5381 et
3027 5318 3159 5381 exal
3172 5317 3427 5380 tabitur.
3455 5318 3694 5398 ltaque,
3721 5318 3799 5381 ad
3830 5336 3945 5380 ma-

3988 5142 4237 5188 Pmrmm.

2466 5221 2551 5283 ris
2601 5222 2951 5283 ‚fortissima
3000 5239 3231 5283 nomen
3282 5219 3572 5299 Domini3
3614 5220 3697 5282 ad
3746 5220 3945 5302 ipsum
3976 5210 4045 5249 ¹⁰·
