4309 6259
1215 481 1562 527 ENARRATIO
1605 482 1666 527 IN
1709 482 1844 527 CAP-
1879 482 1963 527 vu
2001 482 2127 527 1013.
2173 500 2255 511 -
2295 482 2437 528 ΛΒΤ.
2484 482 2571 528 XX

3316 455 3435 519 409

1453 893 2103 980 ARTICULUS
2177 894 2335 978 XX

941 1170 1018 1215 DE
1072 1168 1434 1214 INTELLECTU
1485 1165 1890 1212 TROPOLOGICO
1943 1166 2207 1212 EJUSDEM
2258 1168 2532 1213 camum
2585 1168 2843 1215 SEPTffll.

480 1448 897 1512 ENERALEM
921 1448 1200 1511 hominis
1225 1447 1680 1523 conditionem,
1700 1463 1838 1528 pro-
1865 1444 1916 1505 A
1949 1446 2363 1523 reluctantur,
2398 1447 2506 1509 sed
2544 1456 2607 1510 et
2646 1448 2724 1509 ad
2764 1448 3105 1531 explendas
3136 1448 3436 1531 concupi-

480 1549 818 1631 prietatem
843 1567 918 1610 ac
947 1554 1180 1609 statum
1213 1546 1548 1609 insinuans
1579 1551 1834 1607 sanctus

331 1647 476 1725 J0b‚
513 1648 798 1717 Militia,
833 1645 1062 1727 inquit,
1095 1656 1186 1707 est
1227 1648 1364 1706 vita
1407 1645 1689 1706 hominis
1733 1664 1836 1703 su-

325 1767 448 1825 per
480 1757 749 1807 terram.
781 1744 1179 1825 Quicumque
1206 1762 1357 1825 ergo
1389 1743 1698 1829 veraciter
1725 1741 1835 1804 Dei

332 1865 564 1909 servus
605 1852 724 1920 est,
759 1843 951 1907 etiam
983 1843 1168 1906 miles
1198 1851 1294 1905 est
1323 1842 1482 1922 ejuS,
1519 1849 1580 1904 et
1618 1848 1835 1904 contra

333 1943 740 2008 adversarios
771 1942 974 2024 ipsius
1011 1942 1248 2023 jugiter
1288 1940 1634 2023 praeliatur,
1669 1939 1838 2003 vide-

332 2044 484 2105 licet
543 2050 767 2105 contra
815 2041 1018 2104 aciem
1062 2040 1388 2117 vitiorum,
1423 2048 1641 2102 contra
1685 2038 1838 2100 insi-

329 2141 471 2205 dias
498 2148 1026 2221 tentamentaque
1044 2140 1402 2202 daemonum
1431 2156 1443 2200 :
1472 2138 1600 2201 imo
1624 2139 1839 2200 adver-

329 2262 440 2305 sus
471 2240 694 2304 omnia
725 2259 866 2321 quae
899 2238 1005 2301 Dei
1037 2246 1188 2301 sunt
1213 2236 1556 2314 ostensiva,
1583 2246 1646 2300 et
1673 2256 1837 2299 verae

331 2340 564 2403 salutis
609 2338 1006 2421 impeditiva.
1039 2337 1346 2411 Quoniam
1386 2354 1534 2417 ergo
1566 2336 1698 2399 vita
1729 2354 1840 2399 no-

329 2448 466 2501 stra
495 2438 734 2500 militia
763 2446 878 2515 est,
910 2436 1218 2499 debemus
1249 2435 1683 2498 indesinenter
1712 2436 1840 2517 spi-

329 2536 681 2599 ritualibus
739 2535 936 2597 armis
996 2554 1135 2597 esse
1191 2534 1439 2610 armati,
1493 2534 1838 2596 virtutibus

330 2635 646 2711 roborati,
683 2652 939 2696 omnem
987 2641 1304 2715 torporem
1351 2632 1650 2714 abjicere,
1684 2633 1839 2694 stul-

329 2744 460 2795 tam
513 2733 924 2796 securitatem
976 2732 1313 2815 expellere,
1347 2733 1425 2794 ad
1467 2731 1682 2813 praelia
1729 2730 1836 2793 Dei

329 2850 592 2915 semper
642 2831 848 2913 parati
905 2831 1276 2907 consistere,
1328 2838 1523 2892 totam
1574 2828 1640 2891 in
1694 2846 1838 2908 rege

329 2940 560 2993 nostro
605 2931 734 2993 Deo
781 2929 1096 2992 altissimo
1145 2948 1322 3011 spem
1375 2928 1657 3005 firmare,
1698 2929 1837 3009 ejus

327 3029 652 3092 auxilium
699 3027 982 3090 fideliter
1022 3028 1388 3109 implorare,
1422 3028 1561 3108 ejus
1592 3027 1839 3107 adjuto-

329 3130 428 3192 rio
458 3128 710 3211 ubique
745 3127 955 3204 inniti,
981 3126 1272 3191 hostibus
1303 3128 1443 3208 ejus
1473 3126 1850 3207 nullatenus⁴

330 3226 757 3290 conformari.
779 3226 900 3289 Sed
930 3227 1064 3289 haec
1095 3244 1222 3289 non
1254 3225 1392 3288 sine
1412 3224 1635 3305 grandi
1671 3224 1838 3287 labo-

79 3342 104 3385 ιι
117 3345 300 3397 rinna.
331 3347 400 3390 re
433 3327 796 3408 implentur
822 3350 836 3401 3
880 3345 1098 3389 verum
1133 3326 1322 3405 (teste
1348 3324 1680 3407 Apostolo)
1709 3342 1834 3386 non

329 3434 707 3502 coronatur,
744 3424 869 3486 nisi
911 3424 1194 3504 legitime
1235 3431 1508 3486 certans,
1541 3424 1672 3486 Imo
1712 3421 1838 3485 fre-

331 3532 614 3606 quenter
643 3522 978 3603 contingit,
1003 3530 1073 3583 ut
1105 3530 1254 3584 tunc
1284 3521 1466 3603 plura
1497 3520 1838 3604 proficien-

325 3624 390 3685 di
413 3622 754 3687 obstacula
786 3620 971 3685 nobis
1001 3629 1356 3696 occurrant,
1377 3620 1558 3703 plura
1583 3620 1836 3683 turban-

326 3724 418 3784 tia
465 3721 740 3786 obvient
787 3729 918 3783 tam
967 3740 1002 3782 a
1051 3719 1471 3797 daemonibuS‚
1515 3738 1706 3800 quam
1754 3720 1835 3782 ab

1949 1546 2223 1608 scentias
2258 1566 2403 1608 suas
2432 1556 2766 1623 conantur,
2802 1548 2882 1609 ad
2914 1546 3434 1609 satisfaciendum

1949 1644 2225 1727 propriis
2273 1644 2710 1727 voluptatibus
2752 1664 3008 1727 operam
3052 1645 3431 1725 largiuntur,

1946 1744 2027 1805 ad
2085 1743 2466 1808 obtinendos
2524 1745 2747 1808 mundi
2803 1745 3097 1821 honoreS,
3152 1744 3429 1819 divitiaS‚

1948 1841 2340 1924 deliciasque
2385 1844 2614 1907 intenti
2654 1853 2823 1907 sunt.
2858 1844 2962 1905 Isti
3010 1851 3157 1907 sunt
3200 1843 3435 1906 milites

1949 1940 2210 2017 diaboli,
2244 1941 2588 2023 hostesque
2620 1943 2752 2019 Dei,
2774 1942 2885 2024 qui
2919 1942 3300 2026 pepigerunt
3330 1961 3436 2024 pa·
3504 1966 3725 2017 mmm,

1948 2048 2120 2102 ctum
2166 2059 2309 2103 cum
2354 2050 2577 2119 morte,
2626 2049 2690 2104 et
2729 2062 2873 2104 cum
2921 2041 3173 2105 inferno
3224 2040 3433 2104 foedus
3462 2035 3529 2075 ¹⁵·

1950 2137 2251 2217 inierunt,
2296 2139 2551 2203 diabolo
2591 2140 2658 2202 in
2700 2141 2999 2203 omnibus
3049 2141 3435 2203 concordan-

1951 2244 2042 2299 tes
2087 2254 2100 2298 :
2154 2237 2296 2301 ideo
2348 2248 2517 2301 tenet
2562 2258 2670 2302 eos
2724 2239 3045 2321 superbia,
3092 2239 3434 2320 proditque
3503 2256 3726 2305 eamn,

1949 2336 2132 2415 quasi
2171 2356 2245 2399 ex
2279 2338 2465 2420 adipe
2503 2337 2808 2419 iniquitas
2848 2357 3066 2401 eorum
3104 2358 3117 2402 :
3162 2356 3431 2419 quorum
3462 2320 3504 2369 ⁶⁹
3526 2321 3567 2361 ⁷·

1950 2433 2084 2496 dies
2117 2453 2246 2497 non
2285 2435 2510 2499 diebus
2550 2438 3111 2512 mercenariorum,
3146 2437 3255 2499 sed
3286 2436 3437 2499 otio-

1950 2550 2189 2610 sorum,
2244 2533 2785 2598 infructuosorum
2840 2544 3029 2617 atque
3077 2534 3434 2598 ludentium

1873 2632 1918 2695 B
1949 2641 2421 2714 comparantur.

2033 2733 2219 2792 Sicut
2246 2753 2469 2793 cervus
2488 2736 2811 2794 desiderat
2840 2736 3162 2803 umbram,
3178 2740 3325 2810 etc„
3344 2736 3439 2794 sic

1947 2839 2006 2889 ec
2033 2850 2142 2905 eqo
2174 2832 2378 2891 habui
2415 2852 2655 2893 menses
2693 2852 2945 2893 vacuo&
2978 2832 3105 2895 Hoc
3146 2840 3437 2913 peccator

1949 2930 2267 3011 poenitens
2299 2931 2512 2993 dicere
2540 2939 2772 3013 potest,
2807 2932 2920 3012 qui
2957 2940 3206 3015 tempus
3250 2950 3435 2994 suum

1950 3026 2349 3091 infructuose
2396 3030 2717 3111 expendit,
2766 3030 2985 3111 sicque
3032 3049 3281 3093 menses
3330 3030 3439 3092 ha-

1948 3125 2088 3188 buit
2115 3146 2150 3187 a
2187 3127 2371 3190 bonis
2409 3128 2711 3210 operibus
2749 3148 3004 3205 vacuoS,
3049 3129 3328 3192 vanitate
3374 3138 3438 3191 et

1950 3224 2122 3288 vitiis
2153 3228 2322 3307 (quae
2353 3227 2514 3289 nihil
2546 3229 2722 3306 sunt)
2752 3227 2994 3309 plenos,
3014 3228 3157 3290 ldeo
3186 3228 3275 3289 ait
3294 3228 3439 3290 Am-

1947 3323 2198 3387 brosius
2246 3342 2260 3385 :
2309 3325 2773 3389 plenitudinem
2824 3326 2954 3388 vita
2997 3325 3152 3407 justi
3198 3326 3433 3402 ‚habet3

1949 3422 2169 3485 inanes
2211 3432 2420 3485 autem
2466 3432 2616 3485 sunt
2657 3425 2791 3487 dies
2822 3425 3188 3507 impiorum.
3222 3426 3434 3504 Porr0,

1946 3521 2117 3601 quod
2146 3520 2256 3598 ait,
2293 3520 2469 3585 Sicut
2498 3541 2722 3585 cervus
2761 3522 3079 3585 desiderat
3120 3522 3431 3600 umbram,

1947 3620 2025 3681 de
2082 3620 2341 3682 homine
2399 3620 2682 3683 virtuoso
2740 3630 2949 3703 potest
3008 3622 3260 3703 exponi,
3323 3622 3435 3702 qui

1947 3726 2206 3800 propter
2252 3719 2599 3799 agilitatem
2650 3720 3126 3786 devotissimam
3174 3721 3252 3782 ad
3298 3720 3436 3782 uni—

327 3820 712 3884 hominibus
761 3819 1093 3901 improbiS‚
1137 3820 1288 3881 dum
1335 3818 1592 3880 firmius
1639 3818 1835 3882 vitam
1868 3815 1912 3878 C
1945 3836 2128 3880 versa
2166 3838 2308 3899 quae
2347 3818 2456 3881 Dei
2498 3826 2666 3895 sunt,
2702 3838 2926 3882 cervus
2956 3826 3259 3899 vocatur3
3302 3838 3436 3881 um-

327 3920 680 3983 emendare
729 3918 1132 3982 decrevimus
1179 3927 1288 3979 aut
1333 3916 1666 3998 coepimus
1715 3916 1834 3979 Sed

325 4037 460 4081 non
495 4016 837 4079 vincamur
871 4033 885 4077 z
917 4015 1078 4097 quin
1119 4015 1331 4098 potius
1362 4023 1537 4077 tanto
1567 4014 1836 4078 affectu-

325 4118 508 4179 osius
551 4133 956 4179 recurramus
995 4114 1074 4177 ad
1112 4115 1332 4190 Deum,
1368 4133 1494 4195 quo
1524 4113 1834 4176 sentimus

327 4234 446 4279 nos
479 4212 918 4296 importunius
949 4212 1247 4295 impediri
1274 4232 1348 4275 ac
1379 4211 1762 4294 impugnari.

412 4317 500 4375 Ec
527 4315 702 4373 sicut
730 4314 868 4371 dies
900 4313 1285 4371 mercenarii
1311 4313 1449 4371 dies
1477 4312 1636 4388 ejus.
1656 4310 1834 4374 Circa

325 4412 450 4475 hoc
483 4410 874 4493 praecedenti
903 4408 1174 4473 articulo
1207 4408 1358 4471 satis
1389 4409 1630 4472 dictum
1663 4409 1836 4472 vide-

325 4520 452 4573 tur.
489 4511 828 4584 Praeterea,
860 4527 954 4571 vae
983 4507 1076 4571 eis
1107 4508 1221 4589 qui
1260 4508 1428 4570 viam
1471 4508 1634 4572 hanc
1678 4527 1836 4590 prae-

323 4627 616 4690 sensque
645 4606 943 4670 exsilium
975 4625 1092 4688 pro
1121 4606 1326 4689 patria
1362 4607 1678 4687 diligunt3
1723 4608 1834 4688 qui

322 4707 592 4771 aeternis
639 4714 836 4786 atque
876 4704 1114 4769 divinis
1163 4704 1513 4787 praeferunt
1555 4706 1834 4770 carnalia
1869 4758 1872 4761 .

324 4807 448 4869 ista
475 4803 866 4879 vanissima3
898 4803 1012 4885 qui
1043 4803 1228 4866 vanis
1257 4823 1333 4867 ac
1363 4803 1613 4868 frivolis
1643 4804 1832 4868 rebus

323 4901 1004 4983 immundissimisque
1034 4901 1566 4967 delectationibus
1604 4904 1828 4984 magis,

1945 3915 2253 3997 bramque
2285 3917 2945 3999 desiderat,quoniam
2979 3926 3119 3999 post
3149 3918 3434 3980 tentatio-

1945 4015 2044 4076 nis
2078 4014 2416 4091 fervorem,
2450 4015 2792 4097 operisque
2831 4016 3148 4093 sudorem,
3181 4025 3433 4080 aeternae

1947 4112 2273 4177 felicitatis
2325 4113 2728 4195 refrigerium
2777 4114 3025 4196 quaerit,
3074 4134 3217 4178 cum
3266 4115 3433 4178 Psal-

1944 4212 2130 4275 mista
2162 4213 2563 4295 proclamans
2589 4232 2602 4275 :
2628 4213 3167 4287 Quemadmodum
3189 4214 3433 4278 deside-

1945 4320 2041 4374 rat
2069 4330 2295 4376 cervus
2320 4313 2399 4373 ad
2422 4311 2631 4375 fontes
2660 4331 2992 4393 aquarum,
3010 4314 3095 4375 ita
3116 4313 3432 4377 desiderat

1943 4410 2160 4472 anima
2189 4430 2329 4472 mea
2359 4411 2437 4472 ad
2475 4419 2556 4486 te,
2592 4412 2777 4474 DeuS.
2810 4414 2905 4473 Ec·
2926 4421 3132 4471 noctes
3163 4414 3435 4473 laborio-

1943 4530 2046 4569 sas
2071 4512 2452 4570 enumeravi
2482 4511 2669 4571 milei.
2704 4510 2818 4572 Per
2848 4519 3096 4573 noctem
3132 4510 3433 4592 intelligi-

1945 4615 2047 4669 tur
2075 4608 2241 4670 actio
2271 4607 2525 4685 vitiosa,
2546 4608 2825 4670 tenebris
2856 4609 3089 4672 erroris
3120 4610 3429 4687 immixta,

1941 4708 2119 4788 juxta
2158 4706 2319 4768 illud
2363 4705 2845 4769 proverbiorum
2883 4726 2895 4769 :
2930 4706 3044 4769 Via
3087 4708 3432 4790 impiorum
3464 4727 3723 4777 emmae.

1943 4804 2318 4880 tenebrosa3
2364 4804 2657 4868 nesciunt
2699 4805 2808 4868 ubi
2849 4814 3176 4869 corruunt,
3214 4806 3435 4869 Pecca-

1943 4912 2109 4966 tores
2141 4902 2357 4984 itaque
2378 4910 2596 4965 noctes
2626 4902 2864 4965 habent
2893 4902 3261 4979 laboriosas,
3282 4904 3433 4984 quia

3486 4238 3566 4280 Pa.
3583 4250 3665 4288 ιιι,
3684 4238 3724 4280 2.

325 5022 528 5085 quam
572 4999 1150 5083 superdignissimo
1192 5001 1317 5064 Deo
1359 5000 1619 5065 infinito
1647 5011 1709 5064 et
1740 5002 1834 5064 in-
1861 5005 1910 5066 D
1944 5003 2010 5064 in
2043 5000 2201 5085 ipsis
2232 5020 2451 5064 eorum
2482 5001 2729 5064 vitiosis
2759 5001 3061 5084 operibus
3096 5000 3287 5063 variae
3324 5020 3434 5063 an-

323 5098 780 5166 commutabili
829 5098 1022 5176 benc,
1075 5099 1427 5174 inhaerent3
1470 5100 1584 5183 qui
1631 5100 1698 5163 in
1746 5102 1833 5163 la-

63 5215 296 5271 etamus.
323 5201 485 5263 bore
517 5198 858 5263 hominum
890 5216 1018 5261 non
1047 5206 1217 5275 sunt,
1239 5217 1356 5262 nec
1383 5218 1527 5262 cum
1558 5199 1832 5262 homini-

325 5297 449 5361 bus
483 5296 936 5377 flagellantum
972 5295 1084 5377 qui
1104 5294 1276 5358 vitiis
1306 5315 1435 5360 non
1465 5297 1670 5360 solum
1702 5316 1829 5361 non

1942 5101 2227 5176 xietates,
2250 5099 2675 5180 fatigationeS,
2696 5118 2900 5181 poenae
2924 5109 2987 5161 et
3011 5098 3431 5163 difficultates

1941 5197 2319 5261 consistunt.
2351 5197 2609 5278 Propter
2650 5197 2822 5278 quod
2862 5196 2927 5258 in
2970 5196 3133 5259 libro
3174 5196 3433 5279 Sapien-

1944 5298 2045 5359 tiae
2076 5294 2354 5358 fatentur
2388 5312 2402 5357 ε
2435 5294 2673 5357 Lassati
2715 5314 2935 5358 sumus
2967 5294 3033 5357 in
3063 5295 3165 5359 via
3199 5296 3431 5378 iniqui·
3485 5319 3712 5376 swan.
