4309 6259
879 463 1000 527 208

1311 484 1660 530 ENARRATIO
1702 484 1764 529 IN
1806 484 1943 530 cu.
1989 484 2053 529 lx
2096 483 2255 529 unm
2297 484 2549 529 SECUNDI
2588 483 3119 531 PARALIPouENoN.
3159 503 3240 513 -
3280 483 3424 529 ΛΒΤ.
3468 482 3535 529 11

872 651 1026 715 dum
1058 671 1243 715 suum
1273 672 1561 718 socerum
1580 655 1990 731 Pharaonem,
2016 661 2126 716 aut
2155 653 2359 735 praelii
2388 654 2439 716 A
2467 653 2755 731 historia,
2820 653 3115 720 Salomon
3160 655 3328 717 ultra
3374 651 3543 716 fines
3580 659 3769 713 terrae
3814 668 3963 731 pro·
4044 665 4167 709 nin.
4192 667 4255 709 is.

869 768 1080 827 causa,
1117 753 1219 815 vel
1249 753 1494 816 ratione
1534 752 1766 815 solatii.
1801 752 2059 834 Nempe,
2093 760 2165 814 ut
2191 751 2361 816 Iose-

869 848 1033 930 phus
1076 860 1482 932 protestatur,
1515 860 1578 915 et
1619 851 1686 913 in
1719 851 2106 916 Scholastica
2154 849 2360 914 fertur

2467 752 2791 815 missionis
2827 752 3017 817 urbes
3056 752 3364 835 plurimas
3394 748 3746 831 occupavit,
3782 766 3959 809 auxi-

2466 851 2663 916 liante
2690 851 2751 915 ei
2782 851 3103 915 Pharaone
3132 851 3419 935 praefatO.

1985 1267 2636 1355 ARTICULUS
2714 1270 2827 1354 IX

978 1544 1291 1592 Exposrrlo
1335 1544 1610 1591 cAPrruu
1653 1543 1798 1591 Nom
1842 1542 1857 1587 2
1904 1541 2133 1587 REGINA
2183 1540 2419 1595 QUOQUE
2461 1541 2643 1601 SABA,
2687 1541 2851 1596 Qum!
2892 1544 3187 1591 AumssE'r
3227 1548 3447 1595 lunum
3488 1550 3845 1598 SALouoms.

875 1830 882 1837 ’
1019 1829 1296 1921 ΙΞὈῘΝΑ
1329 1845 1577 1906 quoque
1601 1826 1801 1893 Saba,
1823 1843 2029 1903 quum
2076 1822 2361 1882 audisset
2396 1818 2441 1879 B
2470 1839 2613 1879 cum
2662 1824 2863 1883 servis
2907 1826 3271 1887 Salomonis
3316 1832 3677 1891 attulerunt
3715 1852 3955 1893 aurum

1031 1930 1283 2006 famam
1323 1926 1711 1994 Salomonis,
1747 1926 1921 1983 venit
1967 1931 2039 1982 ut
2091 1927 2361 1981 tentaret

869 2045 1016 2085 eum
1062 2027 1134 2085 in
1183 2024 1635 2099 oeniqmatibus
1669 2024 1742 2083 in
1788 2023 2172 2087 Jerusalem,
2213 2036 2359 2077 cum

871 2124 1128 2200 maynis
1167 2124 1415 2199 opibus,
1447 2131 1507 2182 et
1553 2121 1814 2181 camelis
1860 2120 1979 2199 qui
2010 2117 2360 2194 portabant

869 2232 1163 2283 aromata
1211 2230 1270 2280 et
1317 2221 1472 2281 auri
1509 2220 1902 2296 plurimum,
1948 2232 2361 2293 yemmasque

861 2322 1197 2399 pretiosas.
1249 2322 1586 2397 Quumque
1631 2318 1895 2377 venisset
1945 2317 2034 2375 ad
2072 2316 2362 2374 Salomo-

871 2440 1042 2488 nem,
1060 2422 1269 2478 locuta
1289 2427 1378 2477 est
1396 2419 1458 2476 ei
1487 2435 1899 2496 quaecumque
1915 2422 2104 2474 erant
2133 2414 2207 2471 in
2227 2429 2363 2471 cor-

871 2520 950 2579 de
977 2538 1112 2577 suo.
1137 2520 1217 2579 Et
1245 2518 1538 2593 eoeposuit
1557 2517 1619 2573 ei
1641 2517 1946 2576 Salomon
1966 2512 2188 2572 omnia
2218 2530 2361 2587 quae

860 2624 1283 2693 proposuerat
1295 2638 1320 2686 ,·
1348 2634 1461 2675 nec
1480 2615 1840 2693 quidquam
1859 2612 2018 2688 fuit,
2037 2611 2209 2689 quod
2230 2626 2359 2667 non

862 2716 1284 2793 perspicuum
1304 2714 1366 2771 ei
1384 2713 1630 2788 fecerit.
1653 2712 1804 2779 Quoe
1817 2718 2157 2788 postquam
2189 2707 2358 2765 vidit

867 2813 1260 2889 sapientiam
1307 2812 1697 2881 Salomonis,
1747 2818 1806 2869 et
1852 2811 2117 2868 domum
2164 2825 2359 2885 quam

866 2912 1332 2987 aedificaverat,
1343 2928 1587 2970 necnon
1601 2918 1660 2967 et
1675 2908 1924 2968 cibaria
1947 2924 2175 2965 mensoe
2190 2904 2357 2980 ejus,

2468 1920 2547 1977 de
2579 1921 2801 1996 Ophir,
2834 1932 2894 1983 et
2926 1924 3110 2000 liqna
3140 1927 3398 2003 thyina,
3425 1936 3485 1989 et
3505 1948 3795 2004 yemmas
3818 1951 3957 2009 pre-

2473 2019 2846 2080 tiosissimas
2874 2042 2897 2081 .·
2927 2025 3006 2081 de
3032 2025 3264 2102 quibus
3290 2026 3445 2101 fecit
3470 2046 3610 2097 rex,
3638 2030 3719 2087 de
3757 2030 3955 2105 liquis

2468 2118 2709 2178 scilicet
2752 2121 3027 2196 thyinis,
3048 2125 3299 2197 ργασία-ς
3340 2126 3413 2183 in
3456 2127 3641 2185 domo
3686 2128 3955 2186 Domini

2470 2224 2527 2273 et
2558 2216 2625 2275 in
2657 2219 2842 2278 domo
2882 2224 3087 2296 reyia,
3114 2224 3398 2282 citharas
3435 2242 3681 2303 quoque
3704 2236 3769 2285 et
3786 2230 3957 2302 psal-

2474 2316 2639 2373 teria
2677 2320 3065 2378 cantoribus.
3108 2322 3463 2399 Nunquam
3505 2323 3646 2382 visa
3684 2334 3841 2383 sunt
3884 2325 3955 2383 in

2474 2423 2645 2474 terra
2672 2418 2849 2475 Juda
2895 2418 3078 2493 liqna
3122 2420 3305 2479 talia.
3342 2422 3480 2481 Rea:
3523 2431 3738 2481 autem
3778 2425 3959 2483 Salo—

2472 2532 2619 2572 mon
2646 2515 2826 2574 dedit
2853 2518 3094 2591 reyinoe
3125 2518 3295 2578 Saba
3322 2528 3555 2579 cuncta
3582 2540 3725 2598 quoe
3756 2523 3957 2581 voluit

2468 2620 2527 2670 et
2550 2615 2923 2689 postulavit,
2954 2624 3014 2674 et
3042 2619 3244 2676 multo
3267 2621 3468 2695 plura
3500 2638 3697 2696 quam
3726 2622 3957 2679 attule-

2470 2719 2574 2769 rat
2600 2713 2689 2770 ad
2712 2732 2881 2772 eum.
2918 2716 3072 2781 Quae
3115 2734 3388 2787 reversa,
3421 2716 3583 2775 abiit
3613 2718 3684 2775 in
3716 2726 3953 2777 temam

2465 2827 2653 2868 suam
2680 2830 2826 2870 cum
2855 2812 3055 2871 servis
3085 2815 3241 2873 suis.

2548 2908 2711 2967 Erat
2741 2918 2959 2969 autem
2980 2912 3241 2986 pondus
3268 2904 3423 2972 auri
3454 2914 3625 2990 quod
3652 2914 3955 2989 affereba-

867 3020 927 3071 et
970 3012 1342 3070 habitacula
1381 3027 1735 3077 servorum,
1775 3016 1835 3066 et
1877 3006 2084 3081 officia
2129 3003 2358 3062 minis·
2392 3002 2435 3064 C
2469 3014 2577 3064 tur
2604 3008 2941 3067 Salomoni
2960 3028 3079 3083 per
3105 3010 3393 3084 sin-,qulos
3412 3030 3636 3081 annos,
3658 3021 3956 3072 seoecenta

871 3118 1118 3168 trorum
1147 3108 1314 3184 ejus,
1341 3116 1401 3167 et
1433 3108 1806 3165 vestimenta
1833 3124 2082 3172 eorum,
2111 3102 2357 3179 pincer-

867 3226 989 3266 nas
1035 3226 1282 3286 quoque
1327 3215 1387 3266 et
1433 3214 1625 3265 vestes
1660 3224 1904 3273 eorum,
1944 3211 2005 3262 et
2054 3201 2355 3261 victimas

869 3325 1032 3384 quas
1061 3305 1433 3365 immolabat
1457 3304 1529 3362 in
1548 3306 1733 3363 domo
1753 3302 2045 3372 Domini,
2067 3318 2197 3359 non
2216 3304 2356 3357 erat

859 3422 1002 3481 prae
1029 3412 1284 3479 stupore
1311 3406 1490 3463 ultra
1519 3402 1592 3461 in
1621 3421 1695 3460 ea
1723 3400 2012 3477 spiritus,
2037 3396 2357 3475 Dixitque

866 3503 956 3561 ad
995 3520 1206 3577 reqem
1235 3520 1257 3559 .·
1293 3502 1484 3562 Verus
1520 3508 1609 3559 est
1650 3517 1852 3559 sermo
1896 3516 2084 3575 quem
2126 3494 2358 3555 audie-

864 3620 1013 3659 ram
1041 3600 1113 3657 in
1146 3608 1318 3659 terra
1348 3618 1485 3658 mea
1523 3600 1603 3657 de
1633 3598 1983 3656 virtutibus
2013 3604 2072 3653 et
2101 3593 2357 3669 sapien-

869 3699 962 3759 tia
993 3706 1128 3757 tua.
1161 3698 1310 3757 Non
1337 3698 1666 3756 credebam
1687 3694 2132 3763 narrantibus,
2155 3694 2352 3751 donec

867 3798 1010 3874 ipsa
1051 3798 1383 3866 venissem,
1427 3804 1487 3855 et
1537 3796 1846 3855 vidissent
1886 3794 2062 3852 oculi
2105 3790 2255 3859 mei,
2294 3797 2355 3848 et

860 3897 1246 3975 probassem,
1281 3896 1398 3955 via:
1429 3896 1832 3955 medietatem
1857 3892 2193 3968 sapientiae
2230 3898 2355 3948 tuce

866 3996 1034 4055 milii
1059 3996 1263 4071 fuisse
1293 4002 1656 4054 narratam.
1701 3992 1924 4050 Vicisti
1952 3993 2205 4070 famam
2224 3988 2356 4047 vir-

867 4095 1111 4155 tutibus
1153 4094 1304 4153 tuis.
1334 4093 1525 4153 Beati
1565 4091 1700 4149 viri
1732 4090 1856 4158 tui,
1883 4098 1942 4148 et
1985 4088 2151 4147 beati
2183 4085 2355 4145 servi

2462 3106 2805 3181 seoeayinta
2823 3126 2935 3167 sem
2958 3110 3197 3167 talenta
3218 3109 3374 3167 auri
3380 3118 3671 3185 ,excepta
3690 3128 3765 3169 ea
3784 3130 3956 3169 sum-

2466 3223 2597 3272 ma,
2624 3224 2820 3282 quam
2866 3207 3063 3281 leyati
3099 3206 3508 3267 diversarum
3550 3210 3847 3284 yentium
3890 3218 3955 3267 et

2463 3304 2881 3379 neyociatores
2925 3308 3157 3381 afferre
3202 3315 3685 3374 consueverant,
3712 3324 3956 3367 omnes-

2463 3420 2587 3479 que
2632 3420 2803 3477 reqes
2849 3402 3137 3472 Arabiae,
3178 3411 3239 3462 et
3274 3411 3550 3480 satrapoe
3598 3412 3949 3476 terrarum,

2463 3500 2580 3577 qui
2603 3501 3081 3576 comportabant
3111 3521 3353 3561 aurum
3378 3511 3439 3561 et
3466 3511 3809 3579 arqentum
3840 3504 3955 3563 Sa-

2464 3599 2723 3658 lomoni.
2746 3599 2922 3659 Fecit
2944 3599 3151 3675 iyitur
3170 3602 3480 3660 Salomon
3502 3619 3619 3659 rem
3642 3603 3954 3661 ducentas

2462 3698 2679 3755 hastas
2706 3716 2960 3768 aureas,
2982 3699 3063 3755 de
3080 3717 3335 3758 summa
3365 3708 3803 3759 sexcentorum
3833 3720 3955 3759 au—

2462 3814 2742 3865 reorum,
2788 3796 2905 3873 qui
2949 3796 3024 3854 in
3072 3797 3351 3873 sinyulis
3398 3799 3600 3857 hastis
3644 3800 3954 3875 expende-

2464 3894 2722 3953 bantur.
2764 3897 3062 3954 Trecenta
3104 3914 3350 3973 quoque
3384 3905 3562 3956 scuta
3600 3916 3801 3955 aurea
3830 3906 3953 3956 tre-

2461 4003 2791 4054 centorum
2853 4012 3229 4063 aureorum,
3282 3995 3515 4073 quibus
3582 3996 3954 4071 teyebantur

2460 4093 2725 4167 sinyula
2750 4101 2952 4152 scuta.
2987 4093 3335 4170 Posuitque
3374 4112 3448 4153 ea
3475 4113 3595 4152 νοω
3636 4094 3709 4153 in
3739 4112 3955 4153 arma—

867 4194 967 4253 tui
996 4194 1069 4252 Izi
1095 4193 1212 4272 qui
1242 4192 1564 4252 adsistunt
1592 4208 1808 4249 coram
1839 4198 1895 4248 te
1923 4188 2101 4247 omni
2124 4195 2351 4261 tempo·
2385 4187 2435 4247 D
2465 4191 2803 4261 mentariO,
2827 4192 2998 4269 quod
3026 4198 3166 4249 erat
3195 4192 3512 4251 consitum
3538 4210 3814 4252 nemore.
3840 4192 3955 4251 Fe-

864 4310 953 4362 re,
985 4300 1045 4351 et
1087 4292 1372 4350 audiunt
1419 4288 1811 4365 sapientiam
1849 4296 2050 4347 tuam.
2095 4285 2202 4345 Sit
2230 4286 2355 4344 Do-

865 4390 1084 4450 minus
1113 4391 1285 4448 Deus
1315 4397 1462 4447 tuus
1490 4388 1873 4456 benedictus,
1907 4386 2023 4463 qui
2053 4384 2257 4443 voluit
2300 4392 2355 4442 te

864 4489 1173 4549 ordinare
1197 4506 1389 4564 super
1429 4488 1735 4546 thronum
1774 4505 1968 4545 suum
1995 4502 2204 4559 reyem
2231 4485 2356 4544 Do-

867 4586 1037 4645 mini
1065 4586 1188 4645 Dei
1219 4586 1340 4645 tui.
1377 4584 1546 4653 Quia
1584 4584 1809 4658 diliyit
1841 4585 2006 4642 Deus
2037 4585 2263 4652 Israel,
2295 4590 2355 4641 et

867 4687 1010 4743 vult
1038 4703 1292 4743 servare
1317 4702 1466 4743 eum
1497 4684 1570 4742 in
1608 4690 1948 4750 oeternum,
1976 4682 2219 4740 idcirco
2240 4699 2356 4756 po—

861 4782 996 4841 suit
1029 4790 1292 4857 tes-uper
1320 4801 1468 4840 eum
1497 4799 1729 4857 reyem‚
1750 4790 1822 4839 ut
1849 4779 2060 4855 facias
2077 4778 2346 4855 judicia

863 4889 1055 4957 atque
1066 4879 1428 4956 justitiam.
1463 4881 1657 4940 Dedit
1684 4888 1900 4939 autem
1928 4878 2068 4953 re9i
2096 4887 2352 4937 centum

865 4978 1106 5054 viqinti
1135 4982 1376 5039 talenta
1405 4979 1581 5049 auri,
1614 4986 1674 5037 et
1698 4985 1993 5037 aromata
2025 4980 2233 5035 multa
2257 4976 2355 5035 ni-

863 5079 1014 5147 mis,
1040 5088 1100 5138 et
1134 5097 1419 5155 ‚qemmas
1457 5076 1970 5153 pretiosissimas.
2021 5076 2165 5135 Non
2215 5075 2357 5152 fue-

861 5185 1020 5237 runt
1049 5185 1344 5238 aromata
1374 5175 1562 5243 talia,
1579 5183 1650 5233 ut
1671 5173 1803 5233 koec
1823 5193 1965 5250 quoe
1984 5175 2166 5233 dedit
2195 5174 2355 5249 reqi-

863 5295 954 5336 na
972 5278 1147 5337 Saba
1165 5275 1304 5352 reqi
1321 5273 1676 5337 Salomoni.
1696 5274 1827 5332 Sed
1844 5280 1904 5331 et
1922 5272 2094 5331 servi
2114 5273 2354 5334 Hiram

2462 4290 2523 4347 ci
2528 4297 2549 4347 t
2579 4307 2826 4367 quoque
2844 4308 2962 4348 rem
2980 4288 3217 4347 solium
3236 4290 3589 4348 eburneum
3601 4290 3875 4363 qrande,
3891 4296 3955 4349 et

2464 4386 2717 4445 vestivit
2748 4387 2921 4445 illud
2959 4406 3120 4446 auro
3162 4388 3612 4446 mundissimo,
3648 4388 3779 4446 Sex
3806 4406 3956 4465 quo-

2462 4503 2583 4561 que
2594 4486 2843 4560 ⁴qradus
2863 4485 3093 4563 quibus
3111 4485 3572 4543 ascendebatur
3591 4486 3679 4543 ad
3694 4484 3954 4553 solium,

2460 4591 2520 4641 et
2574 4584 2917 4642 scabellum
2975 4602 3275 4652 aureum,
3322 4592 3383 4641 et
3440 4582 3769 4642 brachiola
3822 4584 3952 4641 duo

2462 4682 2867 4751 altrinsecus,
2918 4690 2978 4741 et
3026 4683 3186 4741 duos
3234 4684 3436 4741 leones
3474 4690 3709 4741 stantes
3740 4681 3951 4757 juxta

2462 4781 2938 4846 brachiola,sed
2966 4788 3025 4839 et
3052 4780 3215 4839 alios
3240 4780 3577 4839 duodecim
3598 4782 3945 4850 leunculos,

2459 4887 2696 4938 stantes
2722 4897 2915 4954 super
2940 4898 3052 4936 sex
3064 4879 3314 4954 yradus
3341 4898 3421 4937 ex
3450 4886 3723 4956 utraque
3732 4886 3941 4953 parte.

2465 4979 2611 5040 Non
2643 4976 2777 5053 fuit
2809 4979 2933 5036 tale
2964 4977 3201 5035 solium
3240 4977 3311 5035 in
3357 4976 3679 5036 universis
3708 4977 3941 5051 reynis.

2465 5076 2699 5137 Omnia
2738 5094 2984 5152 quoque
3026 5094 3181 5134 vasa
3220 5075 3506 5133 convivii
3554 5075 3721 5149 reqis
3760 5082 3949 5133 erant

2463 5193 2685 5243 aurea,
2710 5182 2769 5233 et
2799 5186 2950 5232 vasa
2969 5175 3197 5232 domus
3216 5174 3441 5232 Saltus
3460 5172 3701 5232 Libani
3728 5191 3811 5231 ea>
3836 5191 3949 5231 au-

2462 5292 2534 5333 ro
2568 5272 2945 5349 purissima
2979 5274 3341 5347 Arqentum
3384 5270 3561 5330 enim
3608 5271 3681 5329 in
3725 5271 3949 5331 diebus

3986 794 4065 834 25.

3910 747 3925 758 ·
3986 727 4051 771 111
4082 729 4197 785 neg.
4224 744 4286 799 a}
