4309 6259
673 516 1022 565 mammo
1065 516 1129 562 m
1173 517 1308 563 car.
1357 517 1550 563 xxviii
1593 515 1750 561 uam
1791 516 1960 561 rann
2002 516 2533 565 mmmmm-:Nom
2579 540 2660 549 —
2698 521 2841 567 aar.
2890 520 3083 568 xxviii
3302 503 3419 567 179

337 688 442 753 11111
473 688 834 772 specialiter
852 694 1175 771 operatur,
1210 686 1302 751 ibi
1333 686 1696 770 specialiter
1725 706 1821 749 63-
1849 682 1902 745 A
1932 691 2105 750 caria
2153 711 2317 761 mea,
2362 690 2662 753 videlicet
2708 691 2904 754 altare
2952 689 3307 754 holocausti
3356 698 3420 753 et

335 808 418 864 se,
479 786 786 863 habitare,
840 786 1251 867 residereque
1308 786 1560 849 dicitur.
1614 784 1818 859 Quum
1926 786 2120 850 altare
2152 788 2582 870 thymiamatis
2619 806 2632 851 τ
2667 808 2943 871 quorum
2978 788 3257 871 primum
3289 786 3415 850 fuit

333 904 474 967 ergo
501 886 664 948 Deus
696 884 865 947 intra
895 884 1126 948 Sancta
1163 892 1526 948 sanctorum
1560 900 1820 965 respon·
1926 886 1992 948 in
2021 887 2206 965 atrio,
2250 890 2601 951 secundum
2637 888 2705 951 in
2752 897 2931 972 parte
2977 888 3201 971 templi
3250 896 3420 951 exte-

333 1005 398 1047 sa
440 985 610 1061 dare,
645 991 710 1047 et
757 983 984 1047 solitus
1035 982 1232 1047 fuerit
1277 1002 1584 1066 apparere
1629 1000 1820 1063 super
1928 985 2102 1049 riori.
2151 990 2379 1065 Ipsum
2428 990 2607 1049 enim
2650 990 2813 1066 eleyi
2860 990 3029 1049 milii
3074 990 3152 1048 in
3197 989 3420 1066 filium

331 1083 651 1147 oraculum
701 1102 816 1147 seu
857 1082 1396 1165 propitiatorium,
1446 1082 1674 1145 merito
1722 1080 1820 1142 (11-
1925 1082 2319 1165 adoptivum,
2356 1095 2417 1146 et
2455 1105 2564 1163 eqo
2604 1106 2709 1146 ero
2752 1086 2815 1145 ei
2859 1086 2933 1146 in
2964 1095 3240 1163 patrem.
3288 1084 3417 1147 Hoc

331 1182 583 1245 cehatur
639 1180 730 1244 ibi
780 1182 1000 1244 sedere
1035 1199 1049 1243 :
1106 1180 1219 1263 qui
1261 1188 1474 1244 tamen
1533 1180 1612 1242 ad
1666 1178 1821 1241 insi·
1925 1181 2090 1242 Deus
2120 1180 2281 1243 dixit
2310 1182 2387 1243 ad
2408 1181 2674 1259 Nathan,
2694 1190 2757 1244 et
2788 1200 2901 1264 per
2930 1182 3173 1244 Nathan
3205 1182 3283 1244 ad
3306 1181 3421 1243 Da-

333 1282 654 1344 nuandum
713 1300 844 1344 suae
892 1280 1244 1362 majestatis
1295 1279 1813 1356 immensitatem,
1928 1276 2056 1355 vid,
2092 1279 2171 1341 (16
2202 1278 2345 1343 filio
2376 1279 2571 1342 David
2615 1298 2986 1343 successuro
3024 1278 3083 1342 ei
3125 1280 3191 1341 in
3222 1296 3418 1359 regno

119 1383 306 1434 lauw-
331 1398 439 1461 per
465 1378 692 1442 Isaiam
723 1386 1109 1462 protestatur
1135 1396 1148 1440 ε
1175 1378 1422 1442 Coelum
1443 1376 1603 1440 mihi
1636 1377 1816 1439 sedes
1928 1374 2437 1454 indeterminate,
2461 1378 2640 1459 juxta
2669 1378 3133 1442 continentiam
3163 1377 3413 1441 litterae.

331 1486 441 1556 est,
475 1484 644 1541 terra
695 1485 909 1541 autem
959 1478 1312 1541 scabellum
1364 1478 1596 1560 pedum
1649 1493 1820 1538 meo·
1928 1474 2048 1538 Sed
2083 1476 2281 1540 David
2311 1475 2592 1558 applicat
2627 1476 2748 1539 hoc
2799 1477 2867 1538 in
2916 1476 3289 1559 particulari
3338 1477 3417 1541 ad

334 1595 490 1638 rum.
513 1576 826 1659 Loquitur
855 1584 1068 1639 autem
1098 1575 1423 1657 Scriptura
1442 1575 1521 1638 de
1546 1575 1670 1637 Deo
1692 1592 1822 1635 mo-
1930 1573 2361 1652 Salomonem,
2414 1574 2567 1656 quia
2614 1576 2913 1655 cognovit
2960 1576 3029 1653 in
3078 1576 3307 1659 spiritu
3356 1575 3421 1638 id

332 1693 396 1736 re
421 1675 726 1751 humane,
750 1674 1050 1756 quamvis
1082 1674 1221 1756 ipse
1253 1674 1320 1735 in
1353 1672 1612 1756 propria
1643 1679 1822 1733 natu·
1927 1691 2068 1735 esse
2096 1672 2471 1755 praedictum
2502 1673 2581 1735 (16
2621 1673 2801 1755 ipso;
2833 1674 2935 1736 vel
2975 1682 3204 1756 praeter
3248 1692 3423 1737 reve-

331 1792 396 1835 ra
429 1791 561 1837 non
600 1773 833 1837 habeat
877 1774 1234 1855 corporalia
1274 1772 1663 1836 lineamenta
1712 1776 1821 1833 aut
1931 1770 2232 1834 lationem
2282 1770 2515 1834 factam
2566 1771 2690 1853 ipsi
2742 1771 2940 1835 David
2989 1791 3103 1854 per
3151 1772 3417 1849 Nathan,

331 1870 615 1935 membra
639 1871 944 1934 humana.
1549 1946 1554 1949 Ι
1858 1866 1903 1928 Β
1928 1870 2092 1933 1)6113
2123 1871 2513 1935 revelatione
2543 1870 2788 1935 coelesti
2826 1871 3116 1951 angelica
3156 1869 3423 1934 manife-

407 1973 576 2031 Deus
617 1980 838 2033 autem
883 1972 1062 2031 dix-ic
1091 1971 1261 2031 mihi
1299 1972 1494 2033 :Non
1537 1969 1820 2045 aedifica·
1929 1969 2120 2031 stavit
2149 1970 2271 2032 hoc
2303 1970 2515 2052 ipsum
2545 1969 2740 2033 David
2770 1970 2925 2050 regi,
2962 1977 3031 2031 ut
3061 1978 3269 2033 textus
3301 1970 3422 2032 iste

109 2074 304 2127 anr-xvn.
329 2069 444 2138 bis,
470 2076 596 2131 etc.
627 2067 802 2131 Istud
833 2087 1027 2150 supra
1056 2067 1416 2150 expositum
1449 2074 1566 2131 631.
1602 2070 1730 2128 Sed
1759 2077 1818 2125 ec
1927 2066 2180 2130 videtur
2223 2068 2636 2150 praetendere.
2672 2067 2809 2145 Vel,
2846 2068 2900 2129 si
2946 2068 3110 2131 Deus
3156 2086 3269 2150 per
3308 2068 3421 2131 Na-

97 2137 305 2243 {nQ'u'
326 2168 506 2244 eleyit
535 2170 858 2229 Dominus
885 2170 1058 2229 Deus
1085 2171 1296 2229 Israel
1333 2188 1428 2229 me
1449 2170 1528 2227 de
1559 2166 1818 2227 univer·
1929 2166 2077 2228 than
2118 2166 2430 2248 expressit
2458 2165 2626 2228 istud
2659 2166 2738 2229 de
2769 2166 3104 2230 Salomone
3126 2165 3193 2228 in
3224 2166 3419 2248 parti-

1925 2264 2148 2341 culari,
2182 2265 2303 2327 1106
2333 2263 2658 2346 Scriptura
2696 2264 3045 2341 subticuit3
3082 2284 3199 2328 nec
3244 2264 3417 2327 vide-

327 2286 396 2327 εα
427 2268 616 2328 domo
661 2267 876 2344 patris
917 2267 1074 2336 mei,
1105 2276 1178 2327 ut
1223 2286 1434 2327 essem·
1467 2285 1582 2325 νοω
1623 2283 1817 2343 super

327 2368 526 2425 Israel
555 2366 634 2425 in
660 2366 1152 2443 sempiternum.
1177 2367 1272 2426 De
1299 2368 1476 2426 Juda
1502 2366 1680 2424 enim
1699 2366 1818 2422 ele-
1926 2370 2050 2439 tur,
2068 2363 2240 2444 quod
2270 2362 2361 2425 ita
2388 2362 2787 2444 expresserit,
2808 2382 3008 2444 quum
3032 2363 3217 2427 tertio
3248 2362 3414 2426 libro

1925 2462 2165 2541 Regum
2202 2462 2445 2524 Nathan
2485 2461 2728 2541 legatur
2770 2460 3006 2524 dixisse
3052 2462 3131 2524 ad
3161 2460 3356 2526 David
3394 2478 3407 2523 z

320 2464 416 2538 9ῖί
441 2464 809 2541 Principe&-
821 2482 1017 2539 porro
1037 2466 1116 2523 de
1137 2465 1322 2524 domo
1340 2465 1819 2533 Juda,domum

317 2562 526 2636 patris
557 2563 712 2623 mei.
736 2560 918 2624 Circa
947 2561 1068 2624 hoc
1097 2560 1362 2642 quidam
1393 2559 1640 2636 scribit,
1663 2558 1822 2641 quia
1925 2559 2242 2642 Numquid
2284 2579 2322 2621 a
2365 2559 2623 2623 domino
2667 2578 2808 2623 meo
2856 2576 3001 2639 rege
3048 2559 3245 2623 exivit
3290 2560 3414 2623 hoc
3473 2586 3529 2630 111
3547 2587 3709 2643 3„OE

1924 2658 2214 2735 verbum,
2257 2667 2329 2720 ut
2374 2658 2619 2721 scilicet
2665 2658 2940 2722 Adonias
2990 2666 3303 2740 regnaret,
3352 2665 3416 2721 et
3444 2652 3514 2695 ²⁷·

327 2656 390 2719 in
420 2658 697 2721 transitu
725 2658 921 2723 maris
962 2658 1158 2720 Rubri
1191 2658 1394 2720 tribus
1424 2658 1586 2719 Juda
1609 2658 1816 2739 primo

119 3461 198 3505 Gea-
212 3478 302 3511 xux.

325 2765 534 2819 secuta
552 2765 652 2820 631
672 2757 949 2840 Moysen,
975 2754 1468 2820 formidantibus
1490 2755 1655 2833 aliis,
1673 2756 1816 2819 ideo

324 2854 550 2918 meruit
610 2855 852 2936 regiam
909 2855 1311 2936 dignitatem.
1362 2855 1813 2919 Verumtamen

325 2953 531 3033 potius
573 2961 675 3017 est
719 2954 1088 3030 tenendum,
1125 2954 1298 3035 quod
1339 2953 1502 3015 Deus
1541 2954 1620 3016 de
1657 2953 1820 3014 Juda

1924 2757 2083 2819 mihi
2116 2776 2243 2821 non
2276 2757 2569 2821 indicasti
2608 2757 2755 2839 quis
2798 2776 3089 2820 sessurus
3120 2764 3289 2821 esset
3318 2776 3417 2818 su-

1925 2874 2038 2937 per
2066 2856 2369 2919 thronum
2398 2855 2645 2919 domini
2674 2856 2802 2919 mei
2847 2856 3012 2937 regis
3041 2865 3194 2939 post,
3224 2858 3417 2919 eum?

1927 2954 1990 3017 Si
2019 2962 2231 3017 autem
2262 2954 2504 3017 Nathan
2531 2954 2663 3035 jam
2694 2962 2841 3017 ante
2884 2954 3228 3017 indicasset
3257 2952 3413 3034 regi,

323 3051 508 3132 elegit
539 3069 722 3133 reges
753 3060 818 3115 61
837 3052 1188 3134 principeS,
1216 3051 1368 3133 quia
1397 3070 1474 3114 ex
1506 3050 1678 3113 tribu
1706 3050 1818 3113 illa
1853 3049 1897 3112 C
1926 3052 2098 3134 quod
2129 3052 2425 3115 Salomon
2458 3071 2535 3115 ex
2564 3052 2783 3117 divina
2811 3052 3213 3117 ordinatione
3250 3058 3419 3115 esset

326 3149 643 3215 incarnari
691 3150 997 3214 decrevit.
1051 3150 1312 3233 Propter
1357 3149 1529 3231 quod
1580 3148 1819 3212 tribum

327 3246 497 3310 illam
527 3247 756 3310 multis
786 3246 1144 3329 privilegiis
1187 3246 1554 3321 decoravit3
1601 3254 1665 3308 et
1709 3246 1819 3307 diu

327 3355 468 3409 ante
487 3346 834 3409 transitum
855 3344 1050 3408 maris
1071 3344 1266 3407 Rubri
1286 3344 1578 3427 praedixit
1597 3364 1711 3427 per
1729 3345 1823 3408 Ja-

328 3446 442 3508 cob
469 3445 926 3529 patriarcham,
950 3444 1087 3508 Non
1119 3442 1466 3521 auferetur,
1496 3444 1816 3526 inquienS,

330 3554 652 3627 sceptrum
701 3544 782 3607 (16
818 3544 999 3605 Juda.
1034 3546 1120 3605 Ec
1147 3547 1226 3604 de
1255 3546 1420 3621 filiis
1449 3546 1666 3621 patris
1695 3546 1824 3605 mei

321 3645 572 3721 placuit
601 3646 687 3715 ei,
713 3653 786 3704 ut
815 3664 915 3705 me
943 3645 1203 3720 eliqeret
1225 3663 1437 3721 reyem
1459 3663 1655 3721 super
1671 3664 1824 3705 cun-

329 3753 496 3805 ctum
533 3746 772 3805 Israel.
824 3744 956 3803 Sed
992 3752 1052 3802 et
1087 3744 1168 3801 de
1203 3744 1367 3819 filiis
1420 3743 1576 3803 meis
1621 3744 1822 3821 (filios

329 3843 498 3903 enim
541 3843 716 3903 milti
761 3844 994 3903 multos
1030 3841 1210 3901 dedic
1248 3842 1600 3918 Dominus)
1635 3843 1824 3918 eleyit

327 3942 728 4001 Salomonem
742 3940 962 4017 filium
983 3948 1296 4007 mummi
1309 3941 1549 3999 sederet
1569 3940 1642 4000 in
1665 3941 1824 3999 thro-

327 4058 409 4099 no
441 4040 634 4117 reyni
671 4038 946 4099 Domini
983 4056 1180 4113 super
1208 4038 1436 4097 Israel.
1480 4036 1660 4100 Circa
1703 4037 1822 4101 hoe

325 4136 524 4218 aliqui
546 4136 796 4213 dicunt,
814 4136 987 4218 quod
1009 4135 1306 4199 Salomon
1333 4134 1360 4196 f
1363 4135 1457 4197 uit
1488 4144 1820 4218 promotus

1931 3159 2327 3230 regnaturuS,
2364 3169 2493 3214 non
2531 3150 2785 3214 videtur
2822 3152 2993 3232 quod
3032 3151 3125 3214 sic
3165 3152 3419 3215 locutus

1930 3248 2158 3312 fuisset
2189 3250 2341 3330 regi,
2377 3249 2487 3312 sed
2517 3248 2721 3330 magis
2739 3247 3004 3312 dixisset
3023 3250 3279 3313 :Nonne
3298 3246 3419 3313 tibi

1931 3366 2006 3410 ex
2037 3347 2425 3411 revelatione
2468 3346 2687 3410 divina
2724 3347 3010 3430 praedixi,
3045 3347 3217 3430 quod
3248 3346 3420 3419 Salo-

1931 3464 2083 3509 mon
2131 3446 2497 3509 succederet
2546 3445 2663 3508 tibi
2708 3445 2774 3508 in
2821 3450 3063 3526 regno't
3092 3446 3425 3510 Verumta-

1931 3564 2078 3608 men
2109 3546 2189 3607 de
2209 3544 2347 3607 istis
2367 3552 2604 3608 temere
2626 3545 2723 3607 nil
2737 3543 3023 3609 affirmo.
3040 3548 3129 3608 Ec
3147 3548 3421 3625 firmabo

1929 3664 2204 3722 reqnum
2232 3645 2373 3722 ejus
2414 3664 2613 3723 usque
2652 3646 2727 3705 in
2766 3654 3106 3715 oeternum,
3138 3646 3198 3705 si
3224 3666 3427 3724 perse·

1931 3745 2252 3804 veraverii
2278 3743 2492 3820 facere
2523 3754 2847 3822 praecepta
2875 3764 3017 3804 mea
3053 3754 3114 3805 et
3128 3744 3427 3822 judicia,

1929 3843 2096 3902 sicu!
2125 3851 2186 3902 ei
2216 3843 2425 3901 hodie.

2014 3940 2209 4003 Nunc
2235 3937 2628 4020 eryosscoram
2658 3940 2955 3998 universo
2998 3947 3162 3999 (κείω
3189 3940 3423 4011 Israel,

1931 4039 2237 4098 audiente
2279 4040 2408 4099 Deo
2448 4056 2581 4097 meo
2613 4056 2635 4095 .·
2664 4034 2778 4117 qui
2829 4034 3121 4116 quamvis
3172 4035 3257 4097 sit
3294 4054 3428 4103 om-

1934 4134 2116 4197 nium
2154 4135 2315 4198 Deus
2362 4135 2505 4216 jure
2536 4133 2881 4197 creationis
2913 4141 2976 4196 ct
3006 4133 3423 4216 providentiae

327 4236 404 4297 ad
435 4253 730 4316 regnum,
765 4252 892 4298 non
926 4234 1131 4297 solum
1159 4234 1485 4297 voluntate
1515 4234 1814 4313 humana,
1860 4243 1909 4305 D
1933 4234 2272 4311 generaliS,
2297 4232 2659 4316 specialiter
2686 4241 2899 4295 tamen
2920 4232 3084 4295 Deus
3104 4240 3201 4297 est
3227 4232 3427 4297 homi-

330 4335 432 4397 sed
482 4334 685 4399 etiam
743 4333 984 4410 divina,
1029 4340 1093 4395 61
1141 4333 1306 4396 116116
1353 4333 1822 4398 ordinationem

321 4432 650 4497 nuntiavit
699 4430 944 4495 Nathan
994 4431 1125 4512 regi
1178 4431 1396 4509 David,
1432 4432 1821 4495 ut·habetur

113 4544 542 4665 fffflss'ssisupm’
595 4540 660 4595 et
707 4531 992 4595 secundo
1039 4530 1204 4594 libro
1255 4530 1514 4610 Regum.
1559 4530 1652 4593 Ad
1700 4531 1823 4594 hoc

111 4671 311 4773 sequan-

331 4630 490 4708 dico,
522 4631 702 4713 quod
731 4629 958 4712 utique
987 4628 1389 4693 ordinatione
1419 4637 1483 4691 et
1511 4629 1824 4694 electione

330 4730 566 4809 divina,
603 4730 904 4793 Salomon
926 4730 1003 4791 ad
1036 4744 1300 4807 regnum
1331 4737 1660 4810 promotus
1691 4730 1775 4791 sit
1805 4753 1820 4805 ς

331 4828 572 4893 Nathan
601 4846 864 4912 quoquc
893 4826 1187 4910 praedixit
1225 4826 1349 4908 ipsi
1380 4826 1577 4890 David
1620 4828 1687 4889 in
1729 4846 1825 4908 ge-

142 4938 286 4991 ιιωω.
334 4928 550 5005 nerali,
585 4928 760 5009 quod
795 4926 974 4989 filius
999 4945 1153 4988 suus
1184 4933 1327 5008 post
1358 4925 1568 5008 ipsum
1605 4943 1825 5006 regna-

335 5033 444 5103 ret,
487 5045 619 5090 non
669 5034 884 5089 tamen
933 5024 1002 5087 in
1061 5024 1326 5107 speciali
1375 5024 1687 5107 expressit
1744 5027 1822 5088 de

333 5121 686 5187 Salomone.

405 5224 722 5304 Dixitque
747 5223 920 5282 milii
949 5242 972 5281 .·
999 5224 1310 5283 Salomon
1328 5223 1510 5300 filius
1537 5224 1824 5301 ‹edifica-

331 5320 418 5380 bie
443 5324 712 5382 domum
748 5340 986 5391 meam,
1013 5319 1081 5386 id
1123 5327 1222 5382 est
1255 5320 1590 5401 templum,
1625 5330 1684 5381 ec
1727 5326 1823 5381 al—

1936 4352 2090 4395 num
2121 4331 2573 4414 perfectorum,
2604 4350 2769 4414 quos
2801 4330 2938 4414 ipse
2964 4331 3423 4411 gratiosissime
3510 4340 3521 4353 '

1932 4430 2173 4510 dirigit,
2208 4438 2273 4493 et
2300 4450 2338 4493 a
2367 4429 2600 4512 quibus
2630 4430 2768 4511 ipse
2810 4429 3221 4493 devotissime
3268 4431 3427 4494 coli-

1931 4535 2057 4591 tur.
2091 4528 2327 4610 Itaque,
2362 4528 2696 4605 Audiente,
2726 4529 2849 4591 hoc
2870 4536 2990 4591 ,631
3032 4527 3321 4592 intuente
3360 4536 3425 4597 et

1933 4636 2376 4708 cognoscente,
2409 4647 2522 4691 seu
2549 4626 2943 4710 approbante
2965 4628 3110 4705 Deo,
3136 4645 3249 4691 vos
3280 4628 3426 4691 hor-

1933 4736 2031 4789 tor
2067 4744 2080 4788 :
2119 4728 2461 4799 Custodite,
2494 4746 2608 4809 per
2638 4725 3011 4789 memoriam
3040 4733 3105 4789 et
3122 4725 3426 4808 adimple-

1931 4824 2195 4902 tionem,
2226 4836 2287 4886 ει
2322 4827 2705 4905 perquirite,
2749 4824 2814 4887 id
2863 4832 2979 4902 est,
3024 4823 3307 4905 perfecte
3361 4832 3426 4888 et

1931 4923 2271 5004 diligenter
2305 4922 2705 5005 investigate,
2740 4930 2802 4985 et
2849 4922 3206 5002 intelligere
3250 4924 3426 4986 labo·

1932 5032 2087 5100 rate,
2119 5034 2351 5085 cuncta
2382 5027 2695 5085 mandata
2722 5024 2992 5084 Domini
3022 5024 3144 5083 Dei
3168 5023 3380 5084 nostri
3400 5040 3423 5082 :

1929 5122 2042 5204 qui
2073 5130 2225 5184 tunc
2255 5120 2381 5183 fuit
2412 5121 2772 5204 specialiter
2802 5122 2965 5183 Deus
2994 5120 3417 5199 Hebraeorum,

1929 5220 2158 5284 ceteris
2189 5220 2486 5301 gentibus
2517 5221 2595 5281 ad
2628 5218 3053 5282 idololatriam
3083 5218 3303 5301 lapsis,
3333 5218 3421 5282 ita

1928 5319 2099 5402 quod
2129 5327 2239 5381 aut
2269 5336 2397 5381 non
2428 5327 2539 5381 aut
2565 5317 2673 5380 vix
2702 5326 2835 5379 erat
2866 5316 3083 5399 aliqua
3112 5325 3243 5382 tota
3262 5336 3421 5403 gens
