4309 6259
70 2512 165 2569 Sap.
176 2515 329 2563 unii).

83 4876 336 4977 {mm

1176 546 1523 593 ENARRATIO
1565 549 1627 594 IN
1670 548 1806 595 GAP.
1854 546 2047 594 xxvm
2084 546 2212 595 1013.
2257 563 2336 577 --
2378 548 2519 594 ΛΒΤ.
2567 548 2662 594 mv

3341 527 3462 591 619

361 718 437 780 ti.
476 716 660 780 Unde
691 717 1104 799 subjungitur
1139 735 1152 779 :
1188 739 1303 779 nec
1337 723 1737 797 appendetur
1765 740 1866 781 ar·
1893 717 1946 780 A
1975 738 2147 781 mum
2181 719 2422 781 habens
2463 718 2737 799 nigrum,
2771 718 3049 780 medium
3094 716 3456 794 candidum,

348 827 635 893 „qentum
666 820 735 877 in
775 820 1271 879 commutatione
1307 818 1472 893 esua,
1509 826 1579 880 ut
1618 838 1733 900 pro
1774 838 1867 881 ar-

354 923 559 995 gento
588 915 774 996 quasi
804 933 921 997 pro
952 914 1159 997 pretio
1191 915 1396 977 valeat
1426 916 1803 998 comparari.

442 1016 594 1075 Non
616 1014 1007 1091 conferetur,
1022 1013 1085 1076 id
1107 1022 1223 1089 est,
1246 1031 1372 1076 non
1396 1015 1865 1097 comparabitur

356 1111 704 1192 sapientia,
730 1114 949 1173 tinctis
970 1114 1184 1174 Indice
1213 1116 1545 1185 coloribuS,
1562 1112 1713 1193 quia
1736 1113 1866 1194 pul·

356 1208 582 1272 chrior
626 1219 723 1272 est
773 1210 1095 1272 coloribus
1144 1210 1294 1272 illis.
1328 1210 1509 1273 Circa
1556 1213 1726 1293 quod
1775 1212 1865 1273 ait

356 1306 666 1370 Albertus
701 1324 715 1369 :
752 1307 1007 1372 Colores
1041 1310 1461 1372 tincturarum
1485 1329 1559 1373 eo
1592 1309 1864 1391 pulchri-

356 1425 508 1469 ores
534 1415 706 1485 sunt,
740 1425 868 1488 quo
901 1416 1069 1470 terra
1105 1408 1170 1469 in
1209 1427 1335 1489 qua
1378 1406 1567 1485 fiunt,
1598 1408 1863 1471 calidior

357 1514 483 1581 est,
538 1514 601 1567 et
650 1506 728 1568 ad
778 1505 1290 1586 aequinoctialem
1349 1506 1468 1568 sub
1518 1526 1645 1587 quo
1694 1528 1864 1569 sum-

356 1622 543 1665 mum
576 1610 673 1667 est
701 1612 1291 1687 temperamentum,
1311 1605 1606 1669 vicinior.
1622 1606 1697 1668 Et
1717 1624 1863 1688 quo-

358 1702 540 1764 niam
573 1702 752 1765 India
782 1703 902 1766 sub
934 1704 1366 1785 aequinoctiali
1396 1713 1512 1782 est,
1532 1704 1862 1786 aequaliter

356 1800 609 1863 distans
642 1821 677 1864 a
708 1802 875 1883 polis
908 1802 971 1864 in
994 1803 1229 1884 quibus
1262 1804 1438 1866 locus
1464 1802 1718 1883 frigoris
1740 1810 1855 1881 est,

1974 818 2368 900 superiorem
2419 818 2687 880 rubeum
2738 835 2752 879 τ
2806 825 2867 879 et
2919 817 3038 879 iste
3086 824 3182 878 est
3223 816 3459 897 pretio-

1974 915 2123 978 sior.
2151 916 2475 997 Sardonyx
2507 916 2698 978 etiam
2729 915 3038 979 humilem
3071 914 3247 977 facit.
3271 915 3462 977 Porro

1972 1014 2336 1096 sapphiruS,
2359 1015 2634 1078 coelestis
2661 1024 2725 1077 et
2754 1013 2923 1077 aerei
2952 1023 3048 1077 est
3071 1013 3325 1077 coloris.
3345 1013 3461 1088 Qui

1970 1131 2204 1195 corpus
2233 1114 2581 1176 humanum
2613 1121 2884 1193 vegetat,
2909 1120 2971 1176 et
3000 1114 3288 1176 membra
3314 1131 3465 1176 con-

1973 1211 2226 1289 solidat,
2280 1220 2612 1293 tactusque
2661 1212 2856 1274 radiis
2905 1211 3080 1288 soliS,
3134 1212 3460 1274 ardentem

1970 1328 2047 1373 ex
2078 1330 2145 1373 se
2167 1311 2363 1373 mittit
2393 1310 2726 1391 fulgorem.
2761 1310 2904 1373 Ideo
2944 1310 3258 1392 pretiosus
3297 1326 3465 1371 asse-

1972 1408 2151 1469 ritur.

2050 1507 2499 1570 Verumtamen
2541 1507 2602 1569 S.
2643 1507 2982 1589 Gregorius
3021 1507 3112 1569 ait
3155 1506 3260 1569 hic
3297 1506 3464 1568 sard-

1970 1605 2283 1687 onychum
2323 1615 2385 1668 et
2431 1606 2802 1688 sapphirum
2841 1606 3150 1688 pretiosos
3191 1624 3319 1668 non
3365 1624 3464 1667 es-

1972 1721 2059 1779 se,
2098 1704 2226 1767 imo
2262 1705 2531 1767 aliarum
2563 1705 3040 1787 comparatione
3067 1722 3458 1784 gemmarum

1972 1802 2318 1865 vilissimos
2357 1820 2370 1865 t
2406 1805 2576 1884 quod
2609 1804 2753 1866 ideo
2783 1803 2958 1879 dicit,
2986 1811 3056 1864 ut
3086 1804 3464 1884 persuadeat

358 1907 426 1961 et
482 1900 815 1981 aequaliter
865 1921 901 1963 a
952 1902 1212 1983 tropicis
1272 1902 1336 1963 in
1396 1902 1633 1984 quibus
1683 1902 1859 1965 locus
1897 1899 1942 1961 B
1971 1921 2225 1964 sensum
2269 1902 2608 1965 litteralem
2653 1903 3169 1983 relinquendum,
3206 1921 3464 1983 praeser-

359 1999 602 2059 summi
639 2000 870 2062 caloris
905 2007 1021 2076 est,
1058 2000 1157 2062 bis
1190 2000 1433 2063 habens
1473 2009 1752 2063 aestatem
1793 2000 1859 2062 in

358 2115 559 2173 ann0,
597 2098 899 2161 videlicet
943 2099 1010 2160 in
1040 2096 1253 2162 Ariete
1296 2107 1359 2162 et
1402 2099 1467 2161 in
1511 2098 1733 2173 Libra3
1770 2099 1858 2161 ibi

358 2194 664 2258 tincturae
708 2195 1155 2277 pulcherrimae
1198 2205 1366 2259 sunt.
1410 2196 1573 2271 Quos
1616 2199 1859 2262 colores

360 2293 851 2375 pulchritudine
870 2304 1127 2377 superat
1147 2296 1473 2377 sapientia,
1502 2295 1654 2377 quia
1672 2316 1861 2359 omne

361 2393 701 2475 corporale
743 2402 1000 2475 superat
1033 2394 1385 2476 spiritualis
1426 2394 1855 2476 pulchritudo.

362 2491 709 2573 Propterea
756 2493 835 2555 de
880 2492 1193 2575 sapientia
1241 2491 1472 2572 legitur
1515 2510 1529 2555 :
1577 2494 1717 2556 Haec
1764 2503 1860 2556 est

360 2589 719 2671 speciosior
762 2590 916 2667 sole,
962 2599 1023 2654 et
1065 2609 1257 2672 super
1298 2608 1549 2653 omnem
1590 2591 1863 2672 disposi-

358 2688 607 2751 tionem
644 2688 994 2766 stellarum,
1032 2688 1159 2752 luci
1209 2698 1570 2771 comparata
1615 2690 1863 2751 inveni-

358 2794 467 2849 tur
497 2786 700 2868 prior.
737 2787 1032 2864 ThomaS,
1066 2807 1179 2869 per
1210 2788 1440 2850 tinctos
1472 2788 1662 2851 Indiae
1693 2789 1861 2853 colo-

357 2905 485 2961 reS,
544 2885 850 2966 intelligit
910 2885 1152 2968 lapides
1203 2886 1537 2969 pretioSOS,
1590 2886 1859 2950 diversis

353 2984 687 3047 coloribus
726 2985 1103 3047 naturaliter
1144 2985 1396 3060 tinctOS,
1430 2984 1540 3066 qui
1582 2986 1857 3051 maxime

354 3084 771 3166 reperiuntur
803 3083 869 3145 in
900 3083 1097 3146 India.

354 3228 395 3240 ..
445 3183 735 3264 lnsuper,
788 3182 1105 3265 sapientia
1154 3201 1279 3245 non
1332 3182 1700 3246 conferetur
1745 3202 1858 3243 nee

352 3282 576 3359 lapidi
617 3285 1020 3359 sardonycho
1054 3285 1547 3359 pretz'osissimO,
1578 3286 1676 3342 vel
1716 3302 1860 3359 sap-

342 3382 569 3457 phae'm.
596 3378 1040 3461 Sardonychus
1066 3398 1178 3443 seu
1209 3381 1543 3462 sardonyx,
1572 3379 1733 3461 lapis
1764 3389 1859 3441 est

352 3478 591 3539 similis
636 3478 1193 3541 rubicundissimae
1229 3487 1429 3555 terrae,
1466 3488 1527 3541 et
1566 3480 1862 3561 splendo-

352 3579 445 3640 ris
492 3578 749 3641 videtur
792 3580 1099 3661 purpurei
1136 3596 1149 3639 :
1183 3578 1366 3659 cujus
1406 3578 1636 3659 lapidis
1680 3578 1861 3640 deco-

354 3696 493 3739 rem
525 3697 600 3740 ac
643 3677 1019 3757 dignitatem
1058 3676 1372 3759 sapientia
1412 3676 1635 3741 vincit.
1676 3676 1858 3757 Lapis

357 3773 481 3837 iste
502 3775 882 3853 (secundum
908 3774 1243 3854 Thomam)
1262 3774 1549 3837 accendit
1581 3781 1857 3837 mentem

354 3873 434 3935 ad
466 3872 800 3953 gaudium,
835 3873 1133 3954 acuitque
1165 3874 1516 3953 ingenium,
1552 3881 1741 3954 atque
1760 3874 1858 3952 (ut

353 3972 625 4051 dicitur)
675 3972 992 4034 luxuriam
1044 3972 1246 4054 pellit,
1302 3971 1625 4034 hominem
1677 3970 1861 4053 pudi-

353 4088 505 4133 cum
556 4071 827 4133 reddens
869 4079 929 4134 et
973 4078 1239 4133 castum.
1285 4071 1427 4133 Ideo
1476 4069 1860 4151 pretiosissi-

354 4187 502 4229 mus
534 4168 917 4250 appellatur.
949 4168 1102 4231 Nam
1134 4177 1196 4231 et
1226 4167 1546 4230 tristitiam
1583 4188 1655 4231 ac
1685 4168 1859 4231 timo-

1970 1999 2083 2061 tim
2113 2000 2418 2081 quoniam
2459 2000 2700 2083 lapides
2743 2001 2880 2062 istis
2915 2000 3322 2082 pretiosiores
3355 2000 3462 2064 hic

1972 2098 2336 2161 reticentur.
2372 2098 2586 2161 Potius
2633 2108 2841 2162 tamen
2886 2098 3138 2161 videtur
3175 2118 3322 2161 cum
3362 2099 3463 2161 lit-

1971 2205 2103 2259 tera
2142 2198 2460 2273 standum,
2497 2206 2560 2261 et
2597 2197 3083 2274 affirmandum,
3119 2199 3289 2278 quod
3333 2216 3464 2259 sar-

1969 2295 2297 2377 donychus
2316 2296 2510 2375 (sicut
2538 2296 2642 2359 hic
2663 2296 2924 2376 dicitur)
2941 2295 3359 2378 pretiosissim
3369 2316 3456 2367 ιιε,

1971 2392 2033 2455 id
2064 2402 2160 2456 est
2190 2395 2373 2456 valde
2403 2394 2718 2476 pretiosus
2753 2394 2895 2471 fuit,
2931 2394 3152 2457 saltem
3198 2394 3262 2455 in
3298 2402 3464 2457 terra

1968 2491 2083 2554 Job
2113 2499 2179 2555 et
2210 2500 2494 2574 tempore
2525 2510 2662 2555 suo.
2701 2491 3027 2573 Siquidem
3069 2492 3274 2573 pretia
3303 2492 3463 2574 lapi-

1974 2590 2121 2651 dum
2152 2609 2280 2653 non
2313 2599 2460 2652 sunt
2491 2591 2707 2653 eadem
2744 2592 2807 2651 in
2829 2589 3130 2653 omnibus
3159 2590 3337 2666 lociS‚
3358 2608 3462 2652 ne-
3559 2652 3568 2663 ,

1972 2707 2097 2769 que
2142 2688 2207 2750 in
2253 2688 2500 2751 cunctis
2544 2689 2958 2770 temporibus,
2995 2688 3159 2751 sicut
3208 2700 3270 2751 et
3301 2688 3463 2751 Tho-

1970 2808 2105 2849 mas
2151 2788 2255 2850 hic
2298 2788 2520 2868 tangit.
2563 2788 2768 2851 Verba
2803 2789 2868 2851 B.
2909 2788 3191 2868 Gregorii
3230 2789 3458 2851 arctari

1970 2894 2217 2967 queunt
2247 2888 2322 2948 ad
2357 2886 2601 2964 loca,in
2633 2887 2869 2968 quibus
2891 2886 2958 2949 hi
2987 2887 3228 2969 lapides
3259 2888 3459 2968 magis

1969 2984 2319 3062 abundant,
2375 2986 2463 3047 ita
2506 2994 2576 3047 ut
2619 2986 2833 3048 minus
2881 2995 3205 3049 curentur.
3251 2986 3460 3049 Nihilo

1896 3083 1939 3147 C
1970 3085 2206 3161 minuS,
2243 3085 2528 3148 absolute
2559 3085 2902 3165 loquendo,
2937 3085 3367 3167 sardonychus
3399 3092 3461 3147 et

1970 3183 2309 3265 sapphirus
2343 3183 2635 3266 pretiosae
2665 3193 2815 3245 sunt
2841 3201 3108 3264 gemmae
3143 3200 3158 3245 τ
3186 3185 3355 3265 quod
3385 3202 3462 3245 ex

1968 3281 2274 3345 canonica
2307 3282 2610 3364 probatur
2642 3281 2988 3364 Scriptura.
3017 3282 3334 3363 Scriptum
3365 3291 3462 3346 est

1969 3380 2139 3442 enim
2191 3380 2606 3461 Apocalypsis
2652 3380 2956 3444 vicesimo
3000 3380 3257 3462 primo:
3300 3380 3462 3443 Fun-

1968 3480 2263 3541 damenta
2308 3478 2473 3539 muri
2517 3478 2796 3541 civitatis
2832 3478 3008 3539 omni
3057 3477 3271 3560 lapide
3320 3498 3462 3561 pre-

1970 3577 2131 3639 tioso
2161 3584 2404 3639 ornata.
2439 3576 2515 3636 Et
2548 3576 2636 3637 ibi
2674 3583 3138 3658 consequenter
3169 3576 3334 3639 inter
3374 3579 3461 3641 la-

1969 3676 2147 3758 pides
2182 3674 2492 3757 pretiosos
2524 3675 2864 3756 sapphirus
2895 3675 3460 3757 sardonychusque

1968 3783 2316 3856 ponuntur.
3017 3856 3023 3863 ἱ

2049 3875 2197 3934 Non
2237 3875 2691 3951 adcvquabitur
2729 3874 2792 3932 ei
2818 3894 3085 3942 aurum,
3120 3872 3186 3933 in
3229 3873 3459 3953 pretio-

1969 3970 2177 4047 sitate,
2227 3971 2325 4034 vel
2379 3971 2739 4053 splendore,
2793 3990 2904 4033 seu
2953 3969 3452 4053 pulchritudine,

1969 4074 2069 4130 vel
2098 4073 2370 4139 vitrum,
2403 4069 2466 4131 in
2509 4068 2961 4151 perspicuitate
3001 4088 3110 4132 seu
3143 4070 3452 4133 claritate.

1968 4168 2203 4231 Horum
2245 4168 2415 4231 enim
2450 4168 2740 4232 decorem
2771 4176 2835 4230 et
2869 4168 3260 4232 luciditatem
3293 4170 3460 4252 sapi-

357 4283 494 4327 rem
526 4283 564 4325 a
593 4263 805 4347 lapide
846 4266 1164 4347 onychino
1206 4266 1509 4329 excitatos
1552 4266 1851 4329 refrenat..
1890 4271 1939 4332 D
1967 4266 2140 4329 entia
2173 4266 2393 4330 vincit.
2416 4266 2592 4330 Unde
2615 4274 2862 4329 constat
2890 4266 3056 4329 istud
3081 4268 3158 4329 ad
3180 4267 3454 4331 litteram

357 4361 809 4444 Sardonychus
840 4363 1083 4446 quippe
1113 4366 1491 4444 (secundum
1523 4365 1859 4445 Thomam)

358 4478 437 4522 ex
477 4461 804 4543 lapidibus
850 4462 1101 4525 duobus
1139 4464 1563 4546 componitur,
1598 4473 1753 4546 puta
1783 4484 1857 4527 ex

361 4558 601 4635 sardic,
626 4559 963 4640 praedictas
996 4561 1416 4643 proprietates
1449 4561 1859 4625 efficientias-

364 4678 493 4741 que
532 4657 829 4735 habente,
883 4678 1025 4740 quae
1072 4668 1135 4721 et
1182 4660 1264 4723 ob
1313 4660 1375 4722 id
1425 4660 1860 4723 attribuuntur

366 4756 802 4838 sardonych03
842 4756 928 4840 [et
957 4758 1323 4840 onychinOJ.
1352 4760 1637 4840 Denique
1668 4780 1860 4843 super

368 4856 815 4937 Apocalypsim
850 4857 928 4919 de
968 4857 1362 4939 sardonycho
1403 4858 1630 4939 scripsi
1663 4878 1739 4922 ex
1768 4859 1861 4921 di-

368 4955 487 5018 ctis
520 4956 877 5018 doctorum.
914 4954 1099 5037 Lapis
1142 4956 1261 5018 istc
1300 4957 1611 5019 candidus
1651 4958 1863 5039 perhi-

366 5052 577 5129 betur,
621 5052 688 5114 in
741 5052 1006 5115 rubeum
1052 5053 1327 5116 colorem
1372 5074 1714 5137 parumper
1758 5058 1862 5119 de-

367 5150 641 5213 clinanS.
691 5150 845 5232 Ejus
897 5158 1111 5215 tamen
1157 5152 1359 5214 multa
1406 5162 1555 5215 sunt
1600 5172 1855 5233 genera.

366 5249 519 5311 Nam
543 5248 707 5311 alius
740 5248 975 5312 rubeus
1008 5248 1247 5325 fertur3
1286 5250 1451 5313 alius
1491 5252 1756 5329 bicolor,
1795 5260 1862 5314 ut

367 5346 611 5410 dictum
641 5356 767 5429 est3
787 5348 952 5410 alius
988 5346 1362 5413 triformiter
1382 5350 1722 5427 coloratur,
1743 5350 1863 5433 pri-

1968 4383 2155 4446 posse
2186 4364 2438 4447 exponi,
2477 4382 2604 4426 non
2635 4364 2926 4428 obstante
2964 4365 3155 4429 verbo
3186 4367 3456 4430 dicentis

1966 4464 2355 4546 oppositum.
2388 4464 2482 4525 Ad
2522 4464 2773 4526 diversa
2804 4465 2975 4526 enim
3021 4464 3098 4527 sit
3135 4486 3459 4549 compara-

1970 4564 2079 4639 tio,
2116 4580 2244 4625 non
2278 4562 2355 4624 ad
2389 4562 2554 4624 idem
2588 4563 2935 4625 secundum
2969 4563 3454 4641 incrementum,

1966 4670 2037 4724 ut
2067 4661 2179 4725 ille
2209 4660 2444 4724 sentire
2473 4679 2540 4722 se
2569 4660 2800 4723 innuit.
2829 4664 2960 4725 Nec
2978 4667 3461 4724 commutabun-

1972 4773 2079 4823 tur
2102 4781 2223 4839 pro
2251 4782 2348 4832 ea,
2367 4761 2547 4841 juxta
2575 4759 3002 4841 {equalitatem
3032 4762 3284 4839 valoris,
3308 4784 3459 4823 vasa

1970 4861 2126 4921 auri
2173 4862 2420 4919 excelsa
2468 4868 2526 4918 ec
2571 4860 2948 4929 eminentia,
3003 4858 3067 4920 id
3125 4868 3220 4921 est
3267 4878 3456 4922 aurea

1969 4977 2119 5021 vasa
2150 4964 2739 5038 quantumcumque
2779 4956 3223 5037 praevalida‚et
3261 4977 3460 5038 quan-

1972 5056 2150 5118 titate
2207 5075 2280 5118 ac
2338 5054 2646 5136 qualitate
2704 5054 3028 5134 praeclara.
3080 5054 3458 5119 Artificialia

1972 5173 2246 5236 namque
2296 5151 2624 5235 sapientiae
2665 5162 2992 5233 nequeunt
3041 5156 3395 5236 comparari
3442 5174 3456 5218 ζ

1970 5255 2099 5316 imo
2130 5252 2371 5315 nullius
2411 5268 2573 5332 pene
2611 5257 2761 5312 sunt
2801 5251 3220 5332 reputationis
3254 5273 3460 5336 respe-

1969 5359 2075 5414 ctu
2118 5348 2344 5433 ipsius,
2386 5346 2529 5410 Ideo
2575 5345 2828 5409 additur
2861 5365 2874 5409 :
2912 5351 3058 5410 Non
3097 5368 3461 5413 commemo-

3491 3466 3556 3514 ¹9,
3577 3464 3644 3505 20.
