4309 6259
63 1403 131 1446 Pa.
152 1419 235 1456 cm,
252 1408 323 1450 10.

82 2394 151 2437 1³2.
166 2410 237 2447 m,
254 2400 323 2448 103

1176 536 1523 584 ENARRATIO
1564 538 1627 586 IN
1670 537 1805 584 CAP-
1851 535 2045 582 xxvm
2084 534 2212 581 1013.
2255 554 2336 565 —-
2375 536 2518 581 ΛΒΤ.
2565 535 2662 581 mv

3338 516 3455 579 617

361 706 433 769 in
470 705 685 769 fontes
713 723 1045 785 aquarum.
1080 706 1459 772 Naturaliter
1489 726 1743 791 quoque
1773 706 1863 767 in·
1889 704 1941 767 A
1976 706 2054 767 tis
2079 707 2262 769 datae.
2281 706 2588 787 Loquitur
2608 706 2822 786 itaque
2851 706 2930 768 de
2959 706 3294 788 sapientia,
3314 723 3456 786 quae

358 806 623 868 terdum
679 823 792 886 per
839 812 1021 867 terrae
1068 815 1310 869 motum
1358 808 1636 890 erumpit
1684 807 1857 871 rivus

355 903 663 966 defluens
707 904 875 966 inter
914 904 1179 985 lapideS,
1214 906 1325 987 qui
1378 906 1553 988 prius
1602 905 1857 969 latebat.

358 1001 678 1063 Similiter
712 1002 1031 1064 interdum
1064 1004 1342 1066 medium
1375 1005 1687 1067 montium
1720 1022 1861 1085 per-

358 1107 702 1163 transeunt
728 1120 931 1182 aquae,
951 1101 1134 1183 quasi
1158 1102 1375 1164 divina
1393 1104 1629 1166 virtute
1648 1111 1859 1166 essent

355 1198 595 1261 excisae
625 1200 705 1261 de
736 1200 955 1281 petriS.
977 1198 1227 1280 sicque,
1252 1201 1320 1262 In
1350 1202 1547 1283 petris
1580 1201 1769 1279 τίνος,
1797 1201 1859 1262 id

359 1305 460 1359 est
492 1306 739 1360 meatus
772 1298 1078 1375 rivorum,
1112 1298 1366 1375 excidit,
1401 1300 1748 1363 secundum
1791 1300 1861 1360 il-

361 1396 477 1458 lud
524 1395 757 1457 Psalmi
794 1412 807 1457 :
840 1394 954 1469 Qui
996 1396 1236 1460 emittis
1268 1397 1477 1461 fontes
1510 1398 1575 1459 in
1607 1398 1862 1461 conval-

361 1495 581 1575 libus3
635 1494 803 1556 inter
850 1494 1131 1557 medium
1181 1496 1493 1559 montium
1544 1504 1861 1579 pertrans-

358 1595 553 1657 ibunt
571 1596 866 1674 aquae.Et
885 1614 1069 1654 omne
1081 1596 1434 1671 pretiosum
1458 1598 1599 1655 vidi
1604 1605 1625 1655 c
1642 1600 1859 1655 oculus

357 1694 526 1769 (ἤτω.
563 1690 886 1771 Quidquid
932 1692 1105 1753 enim
1150 1692 1215 1753 in
1259 1692 1558 1755 universo
1603 1693 1860 1775 praecla-

358 1811 505 1853 rum
536 1799 601 1854 et
628 1809 849 1853 carum
890 1798 985 1853 est
1025 1790 1091 1851 in
1132 1790 1567 1873 corporalibus
1596 1800 1708 1853 aut
1738 1792 1861 1873 spi-

1972 824 2121 867 vcre
2150 812 2214 867 et
2243 805 2498 887 proprie
2527 803 2839 887 sapientia
2876 803 3254 887 appellatur,
3288 803 3458 865 vide-

1973 903 2123 966 licet
2180 904 2258 966 de
2316 902 2628 983 sapientia
2687 902 3154 984 supernaturali
3212 900 3449 976 infusa,

1971 1021 2114 1085 quae
2163 1011 2256 1065 est
2308 1021 2506 1064 unum
2551 996 2617 1064 et
2665 1002 2942 1083 primum
3000 1000 3165 1063 int-er
3212 1008 3454 1081 septem

1973 1104 2138 1166 dona
2160 1102 2430 1183 Spiritus
2455 1100 2687 1178 Sancti,
2715 1119 2856 1181 quae
2885 1099 3036 1163 solis
3066 1108 3128 1162 et
3157 1097 3456 1161 omnibus

1972 1201 2300 1264 caritatem
2363 1198 2748 1263 habentibus
2811 1199 2975 1261 inest
3018 1224 3032 1275 3
3093 1216 3204 1280 per
3264 1216 3455 1278 quam

1972 1318 2153 1362 mens
2185 1307 2425 1361 rectum
2460 1298 2722 1361 sortitur
2739 1298 3052 1379 judicium
3083 1297 3162 1359 de
3193 1295 3452 1370 divinis,

1972 1400 2051 1461 de
2082 1400 2208 1462 Deo
2241 1405 2302 1459 et
2331 1396 2801 1478 pertinentibus
2825 1397 2901 1458 ad
2925 1396 3158 1477 ipsum,
3186 1395 3348 1459 bene
3367 1396 3460 1477 ju·

1973 1498 2191 1562 dicans
2223 1516 2337 1580 per
2367 1513 2658 1577 saporem
2698 1514 2809 1557 seu
2848 1503 3105 1577 gustum
3137 1495 3458 1559 internum

1971 1605 2034 1661 et
2080 1594 2679 1659 connaturalitatem
2731 1592 3005 1655 affectus
3054 1594 3132 1655 ad
3185 1593 3396 1674 ipsum
3439 1610 3452 1655 :

1971 1714 2113 1777 quae
2145 1692 2458 1775 sapientia
2485 1692 2738 1767 dicitur,
2773 1691 2957 1772 quasi
2997 1691 3216 1773 sapida
3253 1692 3458 1755 scien-

1970 1794 2078 1869 tia,
2116 1792 2180 1855 id
2214 1799 2309 1855 est
2338 1790 2600 1854 caritate
2632 1788 2928 1866 formata,
2961 1799 3022 1852 et
3070 1790 3256 1853 bonis
3304 1790 3458 1853 acti-

3512 1017 3575 1061 Is.
3599 1032 3654 1070 ιι,
3677 1022 3716 1061 2.

358 1889 711 1952 ritualibus
760 1889 973 1966 rebuS,
1020 1908 1199 1952 mens
1243 1890 1461 1954 divina
1509 1890 1861 1953 clarissime
1896 1885 1941 1947 B
1970 1892 2089 1954 bus
2121 1890 2434 1965 decorata,
2466 1889 2646 1969 juxta
2676 1887 2834 1949 illud
2865 1886 3293 1950 Ecclesiastici
3319 1906 3332 1949 ε
3360 1888 3459 1950 Sa·
3521 1909 3747 1957 mount.

1971 1989 2234 2072 pientia,
2271 1988 2623 2051 secundum
2675 2003 2906 2048 nomen
2957 1994 3053 2047 est
3100 1986 3262 2066 ejus,
3311 1986 3457 2049 Ideo
3485 1974 3553 2015 ²³·

357 1990 674 2053 intuetur.

445 2089 797 2163 Profunda
846 2107 1097 2167 quoque
1135 2090 1495 2165 fluviorum
1539 2098 1861 2149 scrutatus

355 2196 474 2254 esc,
508 2184 572 2245 id
608 2191 725 2261 est,
762 2192 933 2247 certe
964 2185 1311 2263 cognoscit,
1348 2204 1475 2248 non
1507 2205 1622 2268 per
1652 2186 1860 2268 inqui-

356 2282 687 2359 sitionem,
735 2283 844 2345 sed
893 2302 1008 2365 per
1059 2281 1473 2346 infallibilem
1520 2284 1861 2366 inspectio-

358 2400 535 2457 nem,
590 2381 912 2461 quomodo
961 2380 1198 2442 dicitur
1246 2383 1513 2444 scrutari
1561 2384 1753 2446 corda
1798 2393 1862 2447 et

208 2464 281 2511 '¹³'
356 2500 591 2556 renes;
642 2490 703 2541 et
749 2482 1121 2541 abscondita
1150 2484 1473 2558 produoeic
1513 2483 1583 2542 in
1628 2487 1858 2557 lucem,

357 2581 424 2642 id
458 2587 555 2643 est
585 2580 668 2641 ad
701 2578 1036 2641 hominum
1068 2579 1502 2659 cognitionem
1532 2589 1813 2663 apertam
1841 2601 1854 2644 :

356 2677 515 2759 quia
574 2677 874 2742 veritates
935 2676 1266 2755 difficiles,
1321 2680 1855 2760 supernaturaleS,

354 2776 643 2839 occultas
675 2774 1017 2838 manifeste
1047 2776 1317 2853 revelat3
1343 2796 1413 2838 ea
1438 2795 1695 2858 quoque
1717 2797 1858 2858 quae

358 2877 563 2939 latent
592 2874 714 2936 sub
748 2882 912 2937 terra
944 2892 1055 2937 seu
1087 2873 1264 2949 alibi,
1299 2874 1451 2937 facit
1490 2875 1764 2937 inveniri
1798 2884 1861 2938 et

356 2972 532 3036 sciri.
570 2972 701 3035 Hoc
744 2970 999 3053 plenius
1044 2970 1285 3033 dictum
1326 2980 1423 3034 est
1451 2981 1641 3053 atque
1670 2992 1860 3054 expo-

1968 2087 2076 2150 Dei
2130 2086 2536 2149 dilectionem
2588 2084 3011 2164 notitiamque
3060 2084 3354 2161 includit,
3396 2093 3460 2147 et

1970 2206 2083 2269 per
2102 2204 2502 2266 consequens
2522 2184 2790 2263 gratiam
2812 2192 3063 2263 gratum
3094 2182 3458 2259 facientem,

1969 2292 2338 2366 ceterasque
2387 2283 2656 2347 virtutes
2700 2281 2970 2360 infusaS,
3005 2302 3148 2364 quae
3187 2282 3326 2344 sine
3358 2301 3461 2343 ca-

1972 2383 2158 2446 ritate
2216 2400 2342 2445 non
2389 2382 2628 2459 insunt,
2664 2381 2887 2443 saltem
2922 2382 3132 2462 quoad
3161 2400 3300 2445 esse
3331 2381 3460 2443 for-

1971 2490 2212 2545 matum
2245 2489 2436 2561 atque
2464 2480 2872 2562 completum.
2893 2480 2978 2542 De
2997 2480 3114 2542 hac
3145 2478 3459 2561 sapientia

1970 2581 2204 2644 dicitur
2239 2598 2252 2641 ε
2290 2579 2358 2640 In
2389 2578 2765 2643 malevolam
2793 2577 3072 2640 animam
3107 2596 3233 2641 non
3266 2577 3459 2640 intro·

1970 2680 2091 2743 ibit
2121 2677 2456 2761 sapientia,
2477 2696 2593 2739 nec
2613 2676 2928 2739 habitabit
2949 2677 3014 2739 in
3035 2695 3298 2759 corpore
3319 2677 3459 2739 sub-

1970 2780 2103 2842 dito
2151 2776 2454 2859 peccatis.
2489 2775 2662 2849 Quod
2703 2782 2913 2837 autem
2953 2775 3044 2838 sic
3085 2794 3256 2837 nunc
3292 2775 3458 2839 acci-

1968 2878 2183 2959 piatur
2213 2875 2548 2958 sapientia,
2573 2874 2637 2935 in
2665 2892 2960 2955 processu
2993 2874 3186 2955 hujus
3217 2874 3459 2955 patebit

1968 2974 2256 3057 capituli.

3503 2596 3613 2654 Sap.
3631 2611 3660 2650 1,
3680 2599 3720 2641 t.

81 3082 152 3125 105
166 3086 325 3135 maz.
356 3072 553 3133 situm
589 3089 803 3152 supra,
839 3068 951 3131 ubi
983 3068 1150 3130 inter
1178 3076 1385 3131 cetera
1423 3068 1657 3133 dicitur
1693 3088 1706 3132 :
1740 3071 1857 3144 Qui
1888 3071 1931 3156 C
2050 3075 2133 3134 Ει
2172 3073 2318 3150 quis
2349 3080 2438 3129 est
2478 3074 2650 3129 locus
2689 3071 3188 3147 intelliyentz'ae?
3213 3069 3328 3131 Per
3364 3068 3460 3130 in-

358 3169 604 3232 revela't
634 3167 951 3250 profunda
992 3168 1071 3230 de
1117 3167 1419 3245 tenebriS,
1457 3176 1519 3230 et
1565 3169 1859 3249 producit
1971 3168 2413 3249 telligentiam,
2446 3166 2867 3253 quidam-hoc
2917 3166 3056 3229 loco
3097 3167 3462 3247 intelligunt

356 3267 423 3329 in
457 3268 671 3331 lucem
702 3266 996 3328 umbram
1028 3265 1274 3327 mortis.
1968 3269 2364 3331 intellectum
2414 3284 2428 3327 ε
2476 3274 2538 3327 et
2584 3264 2675 3328 sic
2723 3265 2956 3347 accipit
3000 3265 3293 3329 Thomas.
3341 3266 3461 3328 Sed

434 3365 915 3446 consequenter
955 3364 1177 3426 beatus
1206 3363 1321 3425 Job
1358 3363 1637 3426 declarat
1676 3364 1858 3447 spiri·
1968 3386 2096 3430 non
2147 3366 2401 3429 videtur
2451 3363 2775 3426 insinuare
2824 3365 3145 3444 quomodo
3194 3364 3464 3447 accipiat

352 3464 549 3527 tualis
581 3463 736 3527 boni
778 3463 1177 3543 dignitatem,
1212 3463 1385 3543 quod
1425 3462 1645 3525 electis
1676 3472 1738 3527 et
1760 3464 1857 3546 ju·-
1968 3465 2388 3541 intellectum,
2443 3462 2556 3544 qui
2607 3461 2792 3525 valde
2842 3462 3060 3524 multis
3110 3463 3316 3525 modis
3364 3482 3464 3525 ac-

352 3563 469 3625 stis
502 3564 695 3625 etiam
724 3560 957 3644 partim
992 3560 1057 3621 in
1078 3560 1212 3623 vita
1241 3559 1568 3623 confertur
1588 3581 1857 3644 praesen-
1967 3564 2228 3646 cipitur,
2279 3570 2498 3643 utpote
2539 3578 2655 3642 pro
2701 3559 3058 3622 substantia
3107 3559 3465 3623 intellectu-

351 3662 793 3740 ti.Sapiencia
824 3681 970 3721 vero
1004 3662 1117 3719 ubi
1147 3661 1854 3741 invenitur?tanquam
1968 3661 2075 3739 ali,
2124 3659 2662 3742 quemadmodum
2714 3656 2774 3719 S.
2823 3656 3159 3739 Dionysius
3201 3658 3462 3739 angelos

348 3761 524 3822 dicat
550 3776 564 3821 :
594 3758 799 3833 Quum
830 3756 1095 3840 praefata
1123 3756 1479 3839 corporalia
1508 3756 1854 3839 bona,quae
1967 3758 2257 3823 nominat
2305 3757 2667 3820 intellectus
2712 3756 3304 3837 supermundanos3
3345 3774 3462 3838 pro

350 3856 728 3921 hominibus
759 3856 1037 3938 pretiosa
1064 3856 1379 3931 videntur,
1402 3865 1464 3919 et
1488 3855 1856 3937 frequenter
1965 3857 2251 3940 potentia
2301 3854 2710 3931 intellectiva,
2767 3853 2988 3934 sicque
3034 3852 3344 3917 dividitur
3392 3854 3458 3916 in

351 3956 614 4037 injustis
664 3955 977 4017 divinitus
1026 3955 1486 4030 conceduntur,
1535 3954 1599 4015 in
1650 3954 1854 4017 deter-
1966 3956 2360 4018 intellectum
2417 3962 2709 4033 agentem
2757 3960 2820 4015 et
2867 3952 3292 4034 possibilem3
3345 3970 3460 4034 pro

348 4054 614 4117 minatis
661 4054 791 4115 sint
836 4053 1014 4130 lociS,
1048 4060 1111 4115 et
1148 4052 1411 4115 situales
1441 4052 1719 4133 origines
1749 4053 1853 4115 ha·
1963 4054 2189 4117 habitu
2224 4053 2578 4135 primorum
2610 4049 3098 4132 principiorum,
3125 4057 3188 4112 et
3217 4049 3305 4112 ita
3325 4049 3462 4111 Phi-

348 4154 567 4229 beant,
612 4151 929 4235 sapientia
966 4160 1199 4229 tamen,
1240 4171 1439 4233 quum
1485 4152 1851 4233 incorpore·
1965 4152 2269 4235 losophus
2299 4150 2482 4233 ponit
2509 4168 2655 4212 eum
2689 4149 2855 4211 inter
2884 4148 3174 4229 quinque
3203 4148 3460 4210 habitus

350 4271 461 4315 um
494 4252 739 4314 donum
779 4250 884 4326 sit,
920 4250 1253 4332 spirituale
1291 4256 1355 4312 et
1395 4249 1686 4332 simplex,
1713 4250 1852 4314 loco
1884 4253 1933 4314 D
1964 4250 2470 4323 intellectuales;
2531 4266 2647 4329 pro
2705 4247 2930 4309 habitu
2989 4246 3458 4329 supernaturali

347 4348 907 4431 circumscriptive
953 4367 1079 4411 non
1124 4348 1508 4411 continetur.
1544 4348 1851 4429 Loquitur
1965 4349 2205 4425 infuse,
2241 4366 2368 4429 quo
2400 4366 2475 4411 ea
2511 4364 2655 4427 quae
2695 4343 2852 4407 fidei
2885 4353 3057 4421 sunt,
3091 4344 3461 4425 intelligun-

347 4456 566 4512 autem
597 4448 677 4510 de
710 4446 1044 4529 sapientia,
1070 4465 1198 4509 non
1232 4446 1454 4527 utique
1483 4447 1755 4509 naturali
1789 4456 1852 4510 et
1962 4456 2064 4509 tur
2094 4455 2159 4509 et
2199 4443 2666 4527 quodammodo
2707 4450 3144 4524 penetrantur,
3178 4442 3456 4506 rationes

348 4546 821 4630 philosophica,
851 4564 1060 4626 neque
1098 4546 1177 4607 de
1218 4544 1527 4627 sapientia
1576 4545 1852 4625 origina-
1960 4544 2420 4608 credendorum
2485 4540 2814 4618 intuendo,
2869 4550 2932 4603 et
2976 4540 3067 4603 sic
3109 4550 3206 4603 est
3255 4559 3452 4603 unum

346 4646 496 4709 liter
546 4644 1042 4728 supernaturali,
1080 4643 1327 4707 scilicet
1364 4662 1479 4725 per
1517 4642 1849 4707 revelatio-
1958 4644 2037 4705 de
2069 4650 2311 4724 septem
2344 4639 2528 4702 donis
2563 4638 2837 4720 Spiritus
2867 4638 3078 4702 Sancti
3106 4663 3121 4714 3
3155 4639 3304 4701 item
3337 4656 3452 4721 pro

346 4763 495 4807 nem
538 4744 750 4826 primo
793 4750 1073 4825 accepta,
1109 4762 1251 4823 quae
1299 4750 1395 4803 est
1444 4761 1636 4804 sacrae
1686 4742 1850 4805 Scri-
1958 4742 2208 4805 actione
2229 4738 2632 4814 intellectiva,
2650 4737 2896 4801 scilicet
2913 4737 3274 4817 cognitione
3293 4756 3453 4799 men-

347 4851 555 4924 pturae
586 4841 837 4918 notitia,
872 4848 1062 4923 prout
1104 4840 1420 4921 sapientia
1450 4839 1559 4901 illa
1588 4840 1848 4921 ponitur
1957 4840 2091 4917 tali,
2127 4836 2666 4919 quemadmodum
2709 4834 2798 4896 ait
2845 4835 3182 4916 Apostolus
3219 4851 3234 4895 :
3269 4834 3450 4896 Dabit
3481 4854 3516 4897 n
3533 4854 3742 4903 remma.

347 4941 592 5003 donum
642 4940 862 5020 gratiae
907 4938 1105 5019 gratis
1155 4939 1315 5001 datae
1349 4957 1363 5000 ε
1398 4939 1476 5000 de
1521 4958 1648 5019 qua
1691 4938 1848 5001 dicit
1960 4937 2074 5000 tibi
2104 4934 2411 4998 Dominus
2443 4934 2522 4996 de
2558 4931 2856 4995 omnibus
2897 4932 3314 4994 intellectum.
3347 4932 3453 4993 Vi-

76 5045 315 5103 temnas.
348 5037 716 5121 ApostoluS,
750 5036 872 5098 Alii
914 5056 1028 5118 per
1065 5036 1367 5119 Spiritum
1410 5037 1595 5098 datur
1638 5055 1845 5099 sermo
1955 5037 2140 5099 detur
2173 5044 2382 5096 tamen
2415 5032 2686 5094 Thomas
2719 5030 3008 5106 innuere,
3042 5030 3212 5110 quod
3245 5029 3454 5111 capiat

1958 5134 2352 5197 intellectum
2395 5136 2584 5211 prout
2623 5136 2718 5190 est
2760 5126 3018 5188 habitus
3067 5146 3178 5189 seu
3224 5127 3454 5190 notitia·

1954 5229 2444 5315 principiorum,
2479 5245 2621 5307 quae
2668 5225 2732 5285 in
2776 5242 2956 5286 sacra
3003 5224 3292 5286 doctrina
3340 5242 3450 5306 po-

1955 5338 2194 5393 nuntur
2236 5324 2490 5391 articuli
2535 5322 2714 5387 fidei.
2762 5320 2928 5385 Dicit
2970 5321 3229 5399 etenim,
3279 5323 3450 5403 quod

350 5136 705 5220 sapientiae‚
739 5135 849 5197 alii
880 5154 1088 5198 sermo
1120 5134 1422 5197 scientiae.
1462 5134 1629 5195 Talis
1661 5136 1846 5217 quip-

349 5258 429 5321 pe
466 5234 787 5318 sapientia
827 5232 1010 5296 bonis
1040 5242 1103 5295 et
1134 5232 1318 5294 malis
1348 5231 1717 5294 hominibus
1748 5242 1845 5295 est

346 5333 730 5411 communiS,
751 5332 917 5395 sicut
946 5339 1010 5394 et
1038 5340 1249 5394 cetera
1269 5332 1437 5393 dona
1461 5330 1680 5411 gratiae
1709 5350 1841 5411 gra-
