4309 6259
886 509 965 570 84-
1417 521 1763 568 ENARRATIO
1805 522 1866 566 IN
1910 521 2047 566 CAP.
2094 521 2224 566 XXlI
2267 520 2424 565 LIBRI
2465 519 2690 573 QUARTI
2730 519 2954 565 REGUM.
2997 537 3078 547 -
3116 517 3259 563 ΛΒΤ.
3305 517 3450 562 XXlV

968 697 1163 763 Quem
1198 715 1399 774 quum
1434 696 1679 768 leye'ssec
1710 696 1981 770 Saphan
2026 711 2242 751 coram
2285 711 2374 749 re·
2401 688 2454 750 A
2485 693 2765 750 Holdam
2807 691 3160 769 propheten
3209 709 3476 749 umorem
3517 689 3822 748 Sellum:
3849 680 3966 764 qui

877 812 976 870 qe,
1008 803 1067 853 ec
1099 795 1381 853 audisset
1411 813 1528 853 rea:
1566 794 1752 852 verba
1788 793 1941 851 libri
1972 793 2127 867 leyt's
2157 790 2374 850 Domi-

882 893 979 962 ni,
1001 893 1195 950 scidit
1215 892 1591 951 vestimenta
1620 911 1766 959 sua,
1787 907 1917 970 prae
1938 888 2155 950 dolore
2178 895 2376 948 trans-

882 988 1283 1066 gressionum
1330 988 1551 1070 populi
1596 996 1655 1050 et
1699 996 1949 1069 patrum
1996 1004 2278 1061 suorum,
2313 992 2375 1046 et

618 1101 723 1145 Len.
745 1113 857 1150 xm.
887 1105 965 1148 ex
995 1086 1222 1149 timore
1254 1105 1587 1168 poenarum
1618 1105 1762 1167 quae
1794 1087 1860 1147 in
1893 1085 2059 1147 libro
2092 1083 2374 1146 Levitico

592 1165 862 1278 ζχᾚζῗξζζ
888 1203 960 1246 ac
986 1184 1468 1247 Deuteronomio
1499 1183 2006 1266 praenuntiantur
2039 1191 2377 1262 transgres-

670 1287 675 1292 ’
888 1283 1138 1345 soribus
1190 1284 1367 1363 legis,
1414 1287 1496 1345 Εἰ
1532 1287 1839 1360 proecepit
1882 1284 2123 1344 Helciae
2168 1301 2374 1341 sacer-

885 1383 1049 1450 doti,
1078 1391 1137 1440 et
1164 1383 1441 1442 Ahicam
1483 1381 1623 1456 filio
1660 1383 1960 1456 Sapkan,
1988 1389 2047 1439 ec
2084 1379 2374 1442 Achobor

882 1481 1025 1556 filio
1066 1481 1310 1550 ΜίοΙια,
1357 1488 1417 1539 et
1458 1479 1725 1554 Saphan
1767 1480 2015 1547 seribae,
2058 1487 2117 1537 et
2155 1478 2372 1538 Asaioe

882 1597 1061 1638 servo
1108 1579 1297 1655 reqiS,
1348 1578 1567 1637 dicens
1602 1597 1625 1636 .·
1646 1579 1763 1647 Ite,
1810 1585 1869 1636 ει
1907 1577 2220 1636 consulite
2247 1578 2373 1637 Do-

883 1677 1141 1737 minum
1182 1695 1375 1752 super
1418 1695 1539 1746 me,
1570 1685 1628 1735 et
1674 1695 1867 1753 super
1886 1677 2153 1752 popule,
2184 1682 2244 1733 et
2269 1693 2372 1732 su-

872 1795 994 1852 per
1041 1777 1221 1836 omni
1257 1777 1456 1845 Juda,
1502 1777 1581 1834 de
1630 1775 1835 1834 verbis
1884 1775 2238 1835 voluminis
2285 1773 2370 1831 is·-

2481 789 2829 850 secundum
2873 789 3240 870 Josephum‚
3275 786 3398 848 suit.
3439 784 3538 847 vir
3585 781 3858 861 insignis
3893 799 3970 842 ac

2483 887 2756 960 nobilis3
2808 888 2887 949 de
2924 906 3054 969 quo
3098 887 3165 949 in
3205 884 3592 948 Scholastica
3633 881 3830 944 fertur
3875 877 3975 940 hi-

2483 986 2699 1063 storia,
2723 988 2892 1066 quod
2927 985 2952 1046 f
2956 986 3048 1048 uit
3078 994 3340 1067 patruus
3368 981 3672 1057 Jeremiae‚
3698 988 3759 1042 et
3792 988 3973 1061 pater

2484 1085 2842 1161 Hanameel,
2878 1083 3242 1147 consobrini
3285 1083 3570 1163 ejusdem
3599 1079 3968 1161 Prophetae3
4023 1106 4266 1148 ,raum

2481 1185 2616 1259 filii
2651 1187 2934 1254 Thea-ace,
2967 1185 3102 1260 filii
3121 1187 3334 1243 Araas
3362 1181 3639 1240 custodis
3671 1179 3972 1245 vestium,
4003 1172 4045 1210 ’¹'-

2485 1279 2697 1343 forsan
2721 1300 3063 1357 sacrarum,
3083 1282 3161 1343 ad
3185 1299 3369 1342 usum
3401 1277 3822 1360 spectantium
3844 1272 3975 1336 cul-

2481 1387 2584 1441 tus
2611 1379 2814 1442 divini
2839 1405 2854 1455 ;
2889 1401 3032 1458 quoe
3051 1381 3380 1440 habitabat
3413 1379 3480 1438 in
3501 1378 3862 1438 Jerusalem
3893 1375 3968 1432 in

2479 1482 2780 1550 secunda,
2817 1478 2879 1540 id
2922 1487 3018 1540 est
3059 1478 3125 1540 in
3156 1477 3434 1540 secundo
3472 1473 3715 1538 ambitu
3761 1470 3964 1546 urbiS,

2479 1595 2621 1657 quae
2655 1575 2776 1638 suit
2803 1577 3042 1658 triplici
3075 1595 3260 1638 muro
3290 1575 3718 1647 circumdata3
3753 1589 3868 1634 seu
3897 1570 3968 1631 in

2480 1676 2758 1737 secunda
2775 1674 3051 1738 civitatis
3071 1674 3422 1750 mansione,
3446 1672 3618 1754 quod
3640 1670 3808 1734 idem
3831 1676 3930 1732 est
3952 1691 3968 1740 ;

2482 1775 2800 1853 locutique
2825 1784 2978 1835 sunt
3007 1777 3096 1835 ad
3123 1795 3292 1843 eam,
3321 1790 3465 1854 quae
3509 1789 3619 1834 rex
3646 1768 3840 1852 jussit
3878 1767 3974 1828 in-

884 1876 1013 1934 cius
1040 1876 1211 1953 quod
1240 1875 1579 1934 inventum
1606 1882 1720 1941 esc,
1742 1871 1806 1933 id
1838 1879 1955 1948 est,
1990 1869 2367 1948 investigate
2405 1874 2453 1936 B
2480 1870 2652 1952 quiri
2680 1871 2760 1934 ab
2789 1891 2884 1934 ea.

879 1992 916 2034 a
947 1973 1071 2035 Deo
1102 1991 1215 2054 per
1243 1972 1522 2053 aliquem
1551 1971 2029 2052 Prophetarum,
2063 1969 2220 2052 quid
2253 1969 2365 2030 im-

880 2071 1119 2134 mineat
1158 2070 1315 2132 mihi
1353 2089 1426 2132 ac
1460 2070 1717 2152 populo,
1753 2078 1816 2131 et
1857 2068 2015 2150 quid
2055 2068 2240 2131 nobis
2275 2085 2369 2129 re-

882 2178 1004 2233 stet
1050 2169 1385 2250 agendum,
1431 2175 1500 2229 ut
1547 2168 1887 2230 evadamus
1937 2186 2159 2249 poenas
2202 2185 2373 2229 com-

881 2267 1150 2330 minatas
1185 2267 1251 2329 in
1284 2267 1443 2347 lege.
1478 2270 1727 2344 Mayna
1755 2267 1931 2326 enim
1962 2268 2067 2326 ira
2097 2266 2368 2325 Domini

876 2385 1173 2426 succensa
1200 2375 1289 2424 est
1309 2384 1420 2424 con
1432 2373 1534 2424 tra
1564 2383 1701 2431 nos,
1724 2362 1788 2423 id
1822 2370 1938 2438 est,
1964 2361 2177 2441 gravis
2207 2361 2366 2424 ultio

880 2463 1172 2525 imminet
1202 2461 1408 2538 nobiS,
1446 2461 1569 2522 nisi
1602 2461 1765 2522 Deus
1796 2479 1933 2522 eam
1966 2460 2071 2542 pie
2100 2469 2364 2522 avertat.

880 2560 1188 2641 Loquitur
1226 2567 1437 2622 autem
1481 2558 1681 2622 Josias
1724 2560 1804 2621 de
1856 2559 1977 2621 Deo
2028 2577 2205 2621 more
2255 2559 2371 2620 hu·-

880 2677 1093 2735 mano‚
1129 2658 1309 2738 quasi
1356 2659 1434 2720 de
1475 2657 1757 2733 homine,
1796 2657 1861 2717 in
1907 2675 2035 2738 quo
2084 2656 2180 2719 ira
2229 2677 2370 2718 cau-

880 2765 1053 2819 satur
1092 2776 1170 2819 ex
1218 2755 1631 2819 succensione
1676 2755 2003 2835 sanguinis
2035 2755 2205 2817 circa
2235 2774 2364 2832 cor,

880 2874 1081 2935 quum
1114 2863 1323 2918 tamen
1367 2853 1765 2916 invariabilis
1797 2854 1959 2915 Deus
2001 2853 2366 2915 nullatenus

881 2952 949 3014 in
981 2973 1095 3015 sua
1113 2953 1417 3015 alteretur
1436 2961 1683 3030 natura,
1707 2952 1871 3014 sicut
1902 2970 2013 3033 per
2030 2951 2365 3014 Jeremiam

588 3060 850 3112 Ιεν-νιωθ.
880 3059 1185 3114 testatur:
1220 3050 1540 3131 Numquid
1572 3069 1673 3112 me
1701 3051 1779 3112 ad
1814 3049 2206 3112 iracundiam
2229 3068 2370 3131 pro·
2402 3053 2447 3116 C
2481 3050 2739 3132 temple,
2793 3051 3096 3113 Dominus
3153 3051 3320 3112 ultra
3353 3069 3507 3113 non
3557 3050 3734 3112 dedit
3783 3047 3973 3110 solito

880 3152 1151 3213 vocant?
1199 3152 1367 3218 Quia
1413 3169 1543 3210 non
1592 3151 1972 3218 audierunt,
2021 3167 2174 3210 aure
2223 3149 2370 3210 obe-

878 3248 1158 3324 dientiae,
1182 3257 1400 3324 patres
1420 3250 1625 3307 nostri
1654 3249 1842 3306 verba
1864 3248 2019 3306 libri
2049 3249 2276 3324 hujus,
2299 3246 2362 3308 id

880 3355 997 3424 est,
1032 3354 1349 3428 praecepta
1387 3345 1536 3407 libri
1566 3345 1724 3425 legis
1754 3345 2037 3408 Mosaicae
2078 3364 2207 3408 non
2243 3345 2360 3407 im-

881 3444 1237 3525 pleverunt.
1261 3443 1439 3506 Circa
1469 3444 1587 3505 hoc
1609 3443 1807 3524 quaeri
1831 3452 2060 3524 potest,
2086 3463 2201 3506 cur
2221 3462 2371 3506 con-

880 3551 975 3604 tra
1002 3542 1236 3605 Josiam
1275 3550 1339 3605 et
1370 3541 1619 3623 plebem
1662 3541 1863 3622 ipsius
1904 3541 2099 3603 fuerit
2131 3542 2228 3604 ira
2258 3542 2366 3604 Dei

879 3659 1205 3716 succensa,
1255 3658 1329 3702 eo
1377 3641 1545 3720 quod
1595 3648 1805 3720 patres
1854 3658 2075 3702 eorum
2126 3639 2367 3702 fuerint

878 3740 1004 3802 Deo
1037 3737 1495 3814 inobedienteS‚
1530 3756 1731 3818 quum
1774 3736 1951 3798 filius
1985 3756 2111 3798 non
2160 3747 2368 3819 portet

880 3837 1285 3919 iniquitatem
1318 3837 1537 3918 patris.
1563 3836 1656 3897 Ad
1687 3836 1856 3916 quod
1892 3835 2259 3915 frequenter
2279 3855 2370 3898 re-

880 3955 1185 4018 sponsum
1218 3945 1335 3998 est.
1382 3939 1458 3998 Ut
1486 3938 1773 4015 facerent
1803 3955 1987 3995 omne
2016 3938 2186 4014 quod
2214 3939 2370 3994 scri-

870 4046 1063 4114 ptum
1090 4045 1179 4095 est
1209 4037 1389 4095 nobis
1418 4054 1439 4093 .·
1471 4033 1626 4114 quia
1672 4051 1802 4094 non
1847 4031 2095 4094 sufficit
2142 4034 2225 4094 ad
2273 4053 2370 4095 sa-

880 4133 1077 4194 lutem
1135 4133 1474 4194 observare
1520 4131 1808 4210 quaedam
1863 4138 2199 4210 praecepta,
2255 4133 2363 4193 sed

638 3753 808 3798 Ezech.

585 3830 698 3868 xviii,
718 3818 785 3859 ²0.

2557 1969 2736 2033 Circa
2764 1971 2896 2033 haec
2917 1969 3154 2052 duplex
3173 1968 3377 2032 oritur
3395 1965 3666 2050 quaestio
3691 1984 3704 2028 :
3732 1963 3964 2040 Primo,

2477 2087 2592 2131 cur
2610 2069 2808 2132 Josias
2841 2088 2949 2132 rex
2979 2087 3106 2132 non
3137 2067 3460 2131 consuluit
3480 2066 3816 2129 Dominum
3853 2083 3969 2146 per

2479 2167 2877 2248 pontificem,
2933 2177 3120 2249 prout
3175 2166 3373 2230 David
3435 2165 3647 2229 facere
3706 2182 3971 2228 consue-
4003 2186 4263 2240 mestum,

2479 2265 2590 2342 vit,
2627 2266 2754 2329 imo
2808 2266 3016 2349 ipsum
3065 2265 3344 2329 Helciam
3391 2263 3771 2346 pontificem
3819 2281 3969 2325 cum
4001 2252 4262 2367 ᾗῑῌζῗζιῇξ

2477 2364 2704 2427 ceteris
2761 2365 2938 2426 misit
2985 2366 3066 2427 ad
3115 2363 3418 2427 feminam
3471 2362 3966 2445 prophetissam.
3999 2346 4162 2426 ν.19.’
4205 2345 4218 2359 '
4253 2345 4262 2358 ’

2479 2461 2790 2539 Secund0‚
2824 2483 2938 2526 cur
2987 2482 3114 2525 non
3156 2462 3329 2525 misit
3372 2461 3450 2524 ad
3492 2460 3830 2524 Jeremiam
3862 2469 3970 2522 aut

2479 2559 2888 2641 sophoniam,
2924 2561 3036 2641 qui
3064 2560 3204 2640 ejus
3235 2559 3778 2640 prophetaverunt
3819 2565 3974 2619 tem·
4051 2573 4260 2621 Jeme:

2479 2658 2762 2738 poribus,
2801 2667 2869 2720 ut.
2899 2659 2966 2720 in
2999 2677 3215 2721 eorum
3248 2657 3606 2720 ostenditur
3636 2656 3843 2718 libris.
3878 2655 3970 2717 Ad
4001 2633 4198 2688 ⁸⁰⁹''·¹’
4222 2639 4254 2675 ¹·

2481 2755 2756 2838 primum
2779 2757 3004 2820 horum
3027 2756 3423 2839 Epiphanius
3455 2756 3564 2832 ait,
3591 2764 3655 2818 et
3679 2753 3972 2835 Magister

2479 2853 2544 2914 in
2577 2854 2860 2917 historiis
2892 2854 3108 2931 refert,
3133 2855 3306 2936 quod
3333 2875 3370 2916 a
3400 2854 3504 2918 die
3533 2872 3664 2934 qua
3684 2853 3826 2916 Joas
3860 2871 3970 2914 rex

2480 2949 2632 3014 fecit
2667 2953 3030 3015 Zachariam
3075 2951 3288 3015 filium
3331 2953 3566 3015 Joiadae
3599 2951 3870 3034 lapidari
3903 2950 3970 3011 in
3999 2964 4264 3069 plez-am.

2479 3165 2652 3210 more
2684 3167 3006 3229 responsa.
3031 3149 3123 3210 Ad
3155 3149 3509 3211 secundum
3530 3148 3692 3229 Lyra
3710 3165 3974 3228 respon-

2475 3245 2616 3307 det:
2644 3245 2869 3308 Dicunt
2891 3247 3278 3328 expositores
3300 3246 3504 3308 nostri
3523 3244 3970 3320 communiter,

2476 3345 2646 3424 quod
2687 3343 2808 3406 hoc
2842 3342 2986 3421 ruit,
3020 3344 3174 3426 quia
3200 3344 3504 3407 Jeremias
3535 3344 3744 3406 adhuc
3779 3341 3970 3406 valde

2473 3441 2728 3520 juvenis
2760 3450 2914 3518 erat,
2935 3461 3052 3505 nec
3084 3441 3434 3504 habebatur
3460 3441 3527 3503 in
3558 3441 3966 3504 auctoritate.

2475 3538 2712 3612 Quibus
2757 3541 2968 3602 verbis
3013 3540 3348 3622 subjungit
3391 3558 3404 3600 :
3457 3540 3574 3602 Sed
3622 3539 3791 3601 istud
3839 3557 3974 3601 non

2475 3637 2745 3714 videtur,
2769 3639 3073 3719 quoniam
3105 3639 3299 3720 coepit
3331 3638 3716 3719 prophetare
3747 3636 3972 3700 tertio·
4029 3647 4126 3690 Jer·
4152 3662 4182 3697 ι.
4203 3651 4239 3690 2-

2477 3735 2723 3797 decimo
2753 3754 2921 3798 anno
2953 3735 3129 3815 regni
3149 3735 3354 3813 sosiae,
3391 3744 3460 3797 ut
3492 3742 3668 3817 patet
3703 3734 3770 3796 in
3803 3734 3976 3797 libro

2475 3833 2636 3912 ejuS.
2657 3832 2844 3894 Liber
2863 3843 3072 3896 autem
3096 3834 3252 3912 legis
3275 3833 3576 3896 inventus
3597 3833 3724 3894 fuit
3743 3841 3976 3898 octavo

2474 3930 2721 3992 decimo
2753 3931 2929 4010 regni
2966 3931 3150 3994 Josiae
3180 3950 3350 3994 anno
3387 3949 3402 3992 ε
3436 3939 3499 3994 ct
3546 3932 3635 3993 ita
3659 3931 3976 3994 Ieremias

2477 4037 2628 4091 tunc
2658 4030 3144 4111 prophetaverat
3182 4030 3468 4112 quinque
3499 4031 3709 4106 anniS,
3745 4039 3810 4093 et
3859 4049 3977 4112 per

2476 4144 2872 4208 consequens
2919 4127 2986 4188 in
3031 4127 3405 4191 auctoritate
3445 4137 3600 4192 tunc
3645 4137 3802 4190 erat.
3833 4128 3980 4190 Pro-

627 4238 781 4282 Jacob·
805 4252 849 4290 ιι,
878 4230 1115 4293 omnia.
1150 4229 1387 4310 Nempe
1419 4228 1471 4290 si
1505 4227 1649 4308 quis
1689 4235 1883 4288 totam
1917 4226 2118 4306 legem
2159 4247 2370 4290 serva·
2399 4225 2447 4286 D
2481 4233 2618 4306 pter
2665 4227 2834 4307 quod
2883 4225 3084 4287 Rabbi
3132 4226 3430 4289 Salomon
3483 4228 3830 4308 respondet
3883 4245 3980 4288 se·

586 4303 652 4345 ¹⁰⁸
879 4329 1065 4404 verit,
1112 4325 1405 4390 offendat
1454 4334 1667 4386 autem
1721 4324 1785 4385 in
1836 4343 1985 4399 uno,
2024 4323 2230 4387 sactus
2273 4335 2370 4388 est

877 4425 1166 4488 omnium
1211 4444 1376 4487 reuS.
1414 4423 1490 4484 Et
1535 4431 1703 4486 recte
1750 4421 2041 4502 adjunxit
2086 4422 2365 4504 optimus

876 4525 987 4587 ille
1014 4524 1237 4600 Josias,
1262 4521 1455 4585 Nobis
1489 4539 1502 4583 :
1537 4521 1689 4602 quia
1720 4539 1863 4600 quae
1881 4520 2119 4602 Moyses
2150 4541 2226 4583 ex
2258 4540 2366 4584 ore

873 4621 985 4683 Dei
1030 4621 1286 4703 scripsit
1327 4639 1401 4682 ac
1444 4619 1655 4700 jussit,
1690 4636 1818 4680 non
1863 4618 2069 4681 solum
2109 4638 2226 4700 pro
2266 4619 2364 4681 his

873 4720 987 4801 qui
1018 4727 1201 4782 erant
1236 4727 1520 4800 tempore
1564 4735 1700 4793 su0,
1737 4716 1995 4797 scripsit
2021 4716 2361 4798 jussitque,

872 4819 984 4880 sed
1014 4825 1076 4880 et
1110 4836 1222 4899 pro
1254 4815 1525 4900 posteris
1545 4815 1935 4878 eorumdem.
1960 4814 2072 4877 Hic
2100 4834 2362 4896 quoque

870 4924 969 4980 est
998 4915 1273 4979 effectus
1314 4914 1482 4978 servi
1512 4933 1659 4976 vere
1692 4912 1929 4989 fidelis,
1963 4921 2036 4974 ut
2082 4913 2146 4975 id
2189 4915 2361 4994 quod

872 5017 1033 5078 Deus
1064 5023 1337 5077 aeternus
1371 5012 1687 5075 universis
1718 5011 2040 5094 praecepit,
2067 5012 2250 5091 quasi
2284 5011 2363 5072 si·

868 5113 935 5175 bi
968 5113 1087 5176 soli
1118 5131 1192 5174 ac
1223 5110 1584 5193 specialiter
1625 5117 1874 5190 reputet
1904 5127 2043 5170 esse
2083 5109 2355 5188 jussum.

946 5215 1179 5272 [erunt
1221 5212 1439 5289 itaque
1483 5209 1743 5269 Heleia-s
1782 5209 2073 5264 sacerdos
2114 5215 2173 5264 ει
2201 5208 2362 5265 Aki-

865 5329 1031 5379 cam,
1064 5319 1123 5368 ει
1152 5310 1462 5377 ΑεΙιοὺον,
1495 5316 1555 5365 ει
1592 5306 1889 5380 Saplzan,
1922 5313 1981 5362 ει
2012 5304 2241 5371 Λεαία,
2272 5305 2359 5361 ad

2477 4324 2754 4385 cundum
2785 4325 2942 4386 duas
2973 4324 3379 4387 Hebraeorum
3411 4325 3792 4407 opiniones:
3836 4325 3978 4386 Una

2476 4429 2592 4497 est,
2626 4422 2798 4503 quod
2836 4421 3036 4484 Josias
3081 4422 3409 4503 quaerebat
3449 4422 3796 4486 consilium
3843 4423 3980 4505 pie-

2475 4519 2621 4579 tatis
2676 4518 2930 4582 divinae.
2987 4519 3258 4582 Feminae
3306 4528 3519 4582 autem
3579 4521 3792 4583 solent
3831 4539 3981 4584 esse

2474 4615 3012 4679 misericordiores
3055 4636 3247 4698 quam
3276 4617 3398 4679 viri
3434 4636 3449 4680 z
3485 4618 3628 4682 ideo
3663 4619 3844 4681 misit
3887 4619 3977 4681 ad

2475 4713 2778 4776 feminam
2807 4714 3296 4795 prophetissam.
3331 4715 3474 4778 Alia
3501 4724 3621 4794 est,
3656 4718 3833 4798 quod
3877 4717 3984 4778 Je—

2475 4811 2701 4872 remias
2741 4820 2892 4874 tunc
2939 4811 3057 4874 ivit
3105 4813 3182 4874 ad
3231 4813 3699 4876 exhortandum
3747 4817 3974 4880 decem

2477 4908 2699 4970 tribus,

2548 5007 2726 5069 Circa
2767 5006 2900 5068 haec
2941 5007 3107 5083 dioc,
3140 5009 3312 5089 quod
3344 5009 3824 5074 Catholieorum
3878 5033 3978 5076 re-

2469 5105 2728 5186 sponsio
2761 5112 2945 5181 tacta,
2981 5124 3132 5168 vera
3177 5107 3708 5191 rationabilisque
3753 5112 3974 5174 consi-

2468 5203 2597 5264 stit.
2651 5202 2948 5276 Quamvis
2999 5203 3172 5264 enim
3211 5205 3515 5268 Jeremias
3565 5226 3834 5272 exorsus
3885 5210 3972 5273 sit

2467 5300 2796 5364 vaticinari
2831 5301 3269 5365 tertiodecimo
3301 5322 3473 5367 anno
3500 5306 3710 5385 sosiae,
3749 5317 3968 5372 tamen
4025 5331 4205 5375 Ibidem.
