4309 6259
835 484 915 547 28
1431 498 1776 544 mannum
1818 500 1880 545 m
1924 500 2060 545 car.
2107 499 2144 543 v
2189 497 2346 543 unm
2387 498 2611 554 Quum
2651 499 2876 546 nauum.
2922 519 3003 530 —
3042 499 3182 544 aar.
3232 500 3314 545 v11

829 676 920 733 eis
949 684 1009 734 et
1037 676 1312 733 munder
1332 676 1362 733 ?
1401 676 1612 741 Quum
1639 692 1785 751 erqo
1825 672 2108 731 vertisset
2136 691 2221 740 se,
2258 679 2317 730 et
2345 669 2397 731 A
2430 672 2593 734 Deus
2614 674 3018 755 omnipotens
3052 682 3113 737 et
3143 674 3515 751 immensuS‚
3540 681 3673 737 erat
3705 674 3911 736 termi-

830 774 1034 832 abiret
1057 774 1440 849 indiqnans,
1460 780 1854 831 accesserunt
1874 772 1962 829 ad
1979 788 2126 829 eum
2146 770 2317 828 servi

827 872 960 940 sui,
979 880 1038 931 ec
1061 872 1258 930 locuti
1275 880 1426 929 sunt
1446 872 1507 928 ei
1529 890 1550 929 .·
1571 872 1795 937 Pater,
1814 870 1948 928 etsi
1967 888 2102 927 rem
2116 887 2319 945 ,oran-

827 972 972 1029 dem
1001 971 1272 1029 dixisset
1305 970 1424 1030 tibi
1443 971 1780 1045 Propheta,
1804 975 1967 1027 certe
1986 967 2199 1043 faeere
2217 969 2318 1025 de-

831 1070 1056 1127 bueras
1078 1085 1217 1129 eam
1251 1086 1363 1148 spe
1391 1066 1680 1129 sanitatis
1714 1064 2181 1147 recuperandae.
2212 1064 2320 1126 Ha-

829 1166 971 1228 buit
990 1174 1198 1228 autem
1221 1166 1496 1227 Naaman
1519 1184 1586 1227 se
1607 1173 1734 1226 tam
1757 1174 2016 1241 mature,
2031 1181 2319 1226 amorose

829 1274 893 1327 et
923 1265 1028 1347 pie
1060 1266 1137 1326 ad
1171 1283 1386 1327 servos
1418 1283 1590 1341 suoS,
1623 1264 1794 1346 quod
1825 1262 2138 1328 vocabant
2172 1282 2315 1325 eum

832 1372 1076 1445 patrem
1103 1363 1303 1444 magis
1325 1380 1516 1444 quam
1540 1362 1891 1425 dominum.
1919 1365 2172 1430 Quanto
2194 1382 2320 1422 ma-

823 1466 955 1541 ῃίε,
983 1465 1142 1541 quia
1173 1482 1350 1521 nune
1377 1464 1555 1522 dixit
1590 1464 1731 1530 eibi,
1753 1464 2027 1532 Lava-re,
2049 1470 2109 1520 et
2139 1481 2320 1520 mun-

831 1563 1087 1623 daberis
1113 1565 1143 1621 ?
1180 1563 1541 1630 Descendit,
1573 1570 1632 1621 ec
1671 1563 1833 1619 lavit
1879 1578 1946 1621 se
1991 1562 2215 1635 septies
2246 1562 2317 1620 in

831 1664 1114 1722 Iordane
1147 1660 1354 1737 juoeta
1391 1678 1744 1718 sermonem
1796 1658 1927 1717 viri
1977 1658 2114 1717 Dei.
2162 1657 2315 1718 Nam

832 1758 983 1840 quia
1018 1758 1115 1822 vir
1159 1757 1438 1838 prudens
1477 1764 1631 1831 erat,
1669 1754 2030 1818 rationabili
2062 1774 2321 1836 persua-

2432 771 2530 831 nis
2564 778 2744 834 terrae
2765 772 2953 836 Israel
2984 772 3737 855 circumscriptuS,quum
3776 772 3911 854 ipse

2430 868 2669 951 ubique
2701 889 2813 951 per
2844 872 3206 948 essentiam,
3234 871 3658 953 praesentiam,
3693 878 3913 952 poten-

2429 968 2710 1049 tiamque
2759 970 3039 1046 exsistat,
3076 970 3238 1034 sicut
3278 970 3367 1032 ait
3410 989 3522 1051 per
3550 970 3908 1047 Jeremiam,

2428 1066 2744 1148 Numquid
2770 1087 2895 1131 non
2918 1069 3147 1131 coelum
3172 1077 3233 1132 et
3253 1078 3485 1131 terram
3508 1086 3623 1148 ego
3644 1067 3911 1149 impleo?
3942 1090 4083 1195 2⁴ser.
4102 1102 4241 1139 xxm,

2432 1167 2541 1229 scd
2573 1168 2740 1248 quod
2790 1167 2855 1228 in
2898 1168 3135 1250 populo
3184 1168 3529 1230 israelitico
3580 1167 3911 1250 potissime
3998 1184 4010 1195 ·

2430 1264 2776 1341 colebatur,
2802 1267 3152 1329 secundum
3184 1285 3439 1329 sensum
3469 1266 3913 1348 praehabitum.

2511 1367 2767 1425 Obsecro
2818 1366 3036 1444 itaque
3084 1374 3157 1425 ut
3206 1366 3487 1441 accipias
3535 1366 3915 1425 benedictio-

2427 1482 2595 1533 nem,
2622 1461 2686 1523 id
2718 1470 2814 1523 est
2840 1480 3175 1525 munerum
3210 1462 3639 1540 collationem,
3669 1483 3710 1523 a
3738 1483 3914 1523 servo

2432 1570 2559 1620 tuo.
2602 1562 2691 1621 At
2740 1562 2852 1620 ille
2903 1562 3229 1639 respondit
3273 1582 3295 1620 .·
3353 1564 3524 1622 Vivit
3570 1563 3912 1632 Dominus,

2429 1668 2579 1717 ante
2606 1679 2791 1737 quem
2819 1669 2937 1728 st0,
2971 1661 3128 1738 quia
3157 1679 3281 1719 non
3316 1662 3662 1737 accipiam,
3694 1677 3775 1721 ne
3821 1658 3916 1719 vi-

2428 1757 2580 1818 dear
2610 1756 2883 1819 vendere
2902 1757 3141 1819 donum
3162 1757 3293 1833 Dei,
3319 1765 3427 1819 aut
3456 1775 3572 1839 pro
3604 1756 3717 1818 illo
3738 1756 3917 1838 quid-

836 1856 1004 1921 sioni
1033 1856 1226 1919 etiam
1265 1854 1664 1918 subditorum
1709 1872 1968 1916 suorum
2001 1852 2321 1935 obtempe-
2354 1847 2401 1909 B
2428 1874 2619 1937 quam
2660 1855 2970 1936 accipere.
3006 1859 3343 1935 Quumque
3381 1858 3515 1915 vim
3554 1858 3819 1933 faceret,
3852 1856 3917 1917 id

839 1956 1023 2019 ravit.
1059 1958 1142 2016 Ec
1171 1956 1466 2015 restituta
1496 1962 1586 2013 esc
1614 1974 1764 2013 earo
1791 1953 1957 2029 ejus,
1976 1953 2143 2012 sieut
2171 1972 2318 2012 earo

831 2056 1030 2131 pueri
1059 2054 1358 2130 parvuli,
1395 2062 1455 2112 et
1503 2054 1856 2111 mundatus
1894 2059 2006 2121 est,
2047 2049 2168 2111 hoc
2200 2057 2314 2124 est,

839 2150 1120 2234 perfecte
1158 2159 1374 2213 curata
1411 2157 1528 2227 est,
1563 2158 1627 2213 et
1656 2169 1814 2231 pura
1849 2148 2082 2212 el'l'ecta
2121 2148 2322 2210 instar

837 2248 1153 2311 infantilis
1194 2248 1552 2332 corpusculi
1590 2266 1604 2309 ε
1639 2248 1810 2328 quod
1855 2254 2030 2309 tanto
2073 2254 2167 2308 est
2208 2264 2323 2327 pu-

835 2349 990 2425 riuS,
1015 2355 1254 2429 quanto
1277 2348 1489 2409 minus
1521 2346 1712 2409 habet
1741 2346 1820 2408 de
1849 2344 2164 2407 extraneis
2196 2362 2324 2406 ma-

836 2448 1012 2511 teriis
1035 2447 1155 2509 sibi
1179 2446 1566 2527 adjunctum.
1587 2444 2127 2521 Quemadmodum
2149 2443 2321 2505 enim

835 2547 1057 2611 vinum
1111 2544 1414 2625 paulatim
1466 2563 1503 2605 a
1551 2563 1664 2605 sua
1726 2542 2001 2625 puritate
2059 2541 2319 2617 recedit,

837 2651 1078 2725 quanto
1100 2643 1244 2724 plus
1267 2641 1651 2723 lymphatur,
1677 2649 1740 2703 et
1770 2640 2023 2703 tandem
2045 2658 2122 2701 ex
2141 2658 2323 2720 aquae

841 2740 1230 2804 admixtione
1274 2740 1744 2821 corrumpitur3
1779 2739 1871 2801 sic
1902 2756 2049 2801 caro
2090 2757 2169 2801 ex
2212 2737 2324 2799 ali-

837 2848 1194 2902 mentorum
1241 2838 1640 2920 appositione
1685 2836 2070 2919 pedetentim
2115 2836 2323 2918 impu-

837 2938 967 3001 rior
1022 2938 1328 3014 redditur,
1370 2955 1704 3018 quousque
1755 2937 2006 2998 tandem
2059 2934 2323 2998 omnino

2431 1962 2546 2029 est,
2574 1953 2711 2035 ipse
2740 1954 3015 2016 Naaman
3048 1954 3510 2017 instantissime
3538 1962 3601 2017 et
3628 1973 3771 2016 cum
3804 1954 3918 2015 im-

2429 2051 2819 2133 portunitate
2840 2052 3113 2133 quadam
3144 2061 3391 2133 rogaret
3408 2052 3782 2135 Prophetam
3808 2052 3921 2115 ali-

2430 2148 2587 2232 quid
2636 2150 2945 2231 accipere,
2974 2153 3237 2229 penitus
3285 2171 3416 2212 non
3459 2153 3802 2231 acquievit.
3853 2150 3917 2212 Si

2431 2248 2705 2310 Naaman
2729 2249 3011 2311 nondum
3033 2248 3316 2331 perfecte
3338 2249 3685 2313 instructus
3717 2250 3783 2311 in
3815 2249 3919 2311 his

2432 2364 2575 2426 quae
2617 2343 2771 2409 fidei
2818 2354 2985 2423 sunt,
3021 2346 3293 2429 praebuit
3337 2347 3710 2429 temporalia
3752 2348 3919 2409 dona

2435 2452 2733 2525 tanquam
2779 2444 3053 2526 pretium
3102 2444 3402 2507 beneficii
3455 2444 3579 2507 sibi
3626 2445 3915 2522 exhibiti,

2433 2540 2659 2604 illicite
2691 2541 2982 2623 praebuit,
3018 2543 3309 2623 quamvis
3342 2561 3454 2626 per
3493 2543 3917 2623 ignorantiam

2432 2648 2787 2703 excusetur.
2841 2640 2906 2703 Si
2956 2648 3169 2703 autem
3217 2640 3491 2724 praebuit
3541 2641 3921 2724 temporalia

2434 2739 2545 2803 illa
2591 2748 2887 2820 tanquam
2928 2739 3431 2802 sustentaculum
3474 2739 3643 2817 vitae,
3676 2748 3741 2802 et
3786 2748 3921 2802 tan-

2432 2857 2626 2920 quam
2654 2837 2917 2900 liberale
2946 2845 3139 2919 atque
3180 2838 3527 2919 gratuitum
3574 2839 3811 2902 donum
3842 2856 3921 2901 ex

2433 2936 2715 3012 caritate,
2770 2936 3108 2999 devotione
3166 2945 3228 2999 et
3283 2936 3693 3017 gratitudine,
3755 2936 3920 2998 bene

837 3036 1231 3113 dissolvitur,
1268 3044 1338 3098 ut
1377 3036 1583 3118 primo
1627 3036 1706 3098 de
1750 3034 2171 3097 Generatione
2214 3035 2324 3098 do-
2358 3042 2404 3106 C
2433 3038 2601 3119 egit:
2628 3044 2690 3099 et
2717 3036 2827 3099 illo
2854 3037 3041 3098 modo
3072 3035 3317 3099 Eliseus
3343 3036 3627 3119 recipere
3648 3043 3915 3119 poterat,

837 3144 938 3199 cet
967 3134 1411 3217 Philosophus

903 3239 1342 3313 Reversusque
1361 3238 1448 3294 ad
1467 3235 1685 3294 virum
1707 3235 1829 3294 Dei
1857 3252 2003 3292 oum
2023 3234 2323 3292 universo

841 3336 1152 3395 comitatu
1180 3354 1317 3404 suo,
1351 3342 1421 3395 ut
1453 3333 1510 3395 ei
1549 3331 1784 3411 gratias
1815 3338 2050 3409 ageret,
2085 3349 2159 3392 ac
2189 3350 2326 3392 mu·-

839 3452 990 3495 nera
1021 3430 1376 3511 largiretur,
1413 3438 1602 3511 atque
1630 3438 1701 3491 ut
1729 3429 1839 3491 Dei
1879 3427 2199 3509 magnalia
2234 3426 2325 3489 l'a-

837 3539 1110 3606 teretur,·
1135 3549 1330 3611 seque
1370 3529 1450 3591 de
1492 3536 1702 3592 cetero
1735 3527 1989 3591 fidelem
2035 3526 2323 3588 futurum

842 3636 1320 3712 protestaretur,
1343 3630 1541 3697 venit,
1563 3636 1622 3687 ec
1649 3630 1820 3687 stetit
1841 3647 2056 3686 coram
2085 3646 2154 3684 eo
2170 3650 2197 3697 ,⁰
2223 3626 2323 3687 vel

837 3728 992 3811 quia
1029 3728 1287 3790 domum
1323 3726 1517 3789 Elisci
1560 3725 1836 3799 intravit,
1871 3725 1970 3787 vel
2019 3724 2323 3805 quoniam

839 3827 1085 3891 Eliseus
1125 3826 1319 3890 exivit
1366 3826 1444 3887 ad
1483 3843 1666 3898 eum3
1707 3834 1766 3885 ec
1805 3826 1900 3883 ait
1941 3843 1962 3885 .·
2002 3827 2152 3884 Vere
2198 3826 2325 3883 scio

839 3930 1010 4006 quod
1041 3944 1170 3985 non
1199 3926 1284 3984 sit
1311 3926 1487 3984 alius
1508 3925 1676 3983 Deus
1698 3924 1770 3981 in
1792 3922 2096 3981 universa
2127 3932 2323 3992 terra,

841 4026 975 4085 nisi
1021 4032 1274 4084 tantum
1312 4024 1386 4082 in
1414 4024 1642 4089 Israel,
1676 4019 1738 4082 id
1787 4026 1903 4094 est,
1929 4018 2100 4099 quod
2149 4018 2328 4081 nulla

843 4142 999 4203 gens
1031 4120 1200 4184 colat
1239 4138 1461 4182 verum
1493 4119 1688 4181 Deum
1721 4118 1846 4179 nisi
1887 4118 2069 4199 plebs
2113 4119 2321 4183 lsrael.

2435 3144 2505 3199 ut
2544 3134 2785 3197 dictum
2830 3141 2926 3197 est
2971 3134 3036 3195 in
3080 3134 3475 3217 expositione
3517 3133 3712 3218 primi
3742 3134 3915 3197 libri.
3951 3157 4257 3212 1R09.11,8.

2436 3233 2727 3296 Attamen
2788 3241 3047 3314 propter
3095 3234 3401 3314 majorem
3460 3232 3923 3315 perfectionem

2438 3332 2721 3413 recipere
2764 3330 2989 3393 noluit.
3028 3330 3257 3407 Primo,
3294 3350 3374 3394 ne
3413 3332 3779 3395 simoniacis
3816 3331 3926 3393 da-

2436 3436 2531 3491 ret
2566 3429 2847 3510 aliquam
2880 3428 3279 3491 occasionem
3322 3428 3688 3491 simoniacae
3718 3429 3927 3510 pravi-

2436 3526 2605 3588 tatiS.
2635 3526 2942 3602 Secundo,
2967 3526 3050 3589 ob
3084 3526 3389 3607 majorem
3430 3525 3923 3589 aedificationem

2439 3625 2691 3687 illorum
2721 3625 3080 3704 gentilium,
3116 3632 3185 3686 ut
3214 3626 3504 3689 viderent
3534 3645 3788 3689 servum
3820 3644 3927 3689 ve—

2438 3724 2492 3785 ri
2522 3723 2632 3785 Dei
2674 3724 3048 3804 temporalia
3088 3732 3316 3787 cuncta
3366 3724 3713 3806 despicere,
3746 3732 3811 3785 et
3848 3743 3927 3786 ex

2438 3822 2698 3883 caritate
2726 3830 2790 3883 et
2817 3822 3071 3903 pietate,
3107 3841 3234 3901 non
3266 3840 3343 3885 ex
3372 3822 3743 3904 cupiditate,
3778 3822 3929 3884 sub-

2436 3920 2689 3983 venisse
2720 3918 3000 3997 infirmo,
3030 3940 3146 3983 nec
3178 3940 3462 4002 quaerere
3483 3921 3742 4002 propria
3760 3940 3929 3984 com-

2438 4020 2647 4095 moda,
2680 4019 2789 4080 sed
2820 4017 3088 4081 aliorum
3122 4019 3419 4081 subsidia.
3456 4020 3683 4096 Tertio,
3718 4020 3798 4081 ad
3838 4020 3931 4080 in-

2440 4118 2825 4180 sinuandum
2879 4138 3069 4199 quam
3115 4137 3375 4182 enorme
3416 4119 3498 4180 sit
3545 4118 3811 4196 crimen,
3862 4118 3929 4180 in

840 4220 1138 4295 Quamvis
1187 4218 1358 4281 enim
1410 4218 1475 4279 in
1538 4216 1680 4279 aliis
1740 4217 2038 4298 gentibus
2091 4217 2328 4281 fuerint
2358 4221 2407 4282 D
2438 4216 2831 4280 exhibitione
2852 4217 3281 4299 spiritualium
3302 4217 3559 4299 aliquod
3582 4216 3933 4299 temporale

843 4317 1043 4399 aliqui
1087 4316 1247 4380 -boni
1279 4316 1473 4378 Deum
1521 4316 1800 4379 colentes
1840 4316 2192 4378 secundum
2243 4316 2329 4379 le—

843 4436 988 4496 gem
1029 4423 1293 4491 naturae,
1326 4434 1471 4478 cum
1513 4413 1642 4476 side
1671 4413 1906 4477 Christi
1934 4414 2188 4476 venturi
2219 4413 2331 4475 im-

846 4514 1068 4598 plicita
1097 4522 1206 4575 aut
1235 4512 1556 4594 explicita,
1595 4512 1689 4574 illi
1733 4523 1941 4575 tamen
1973 4520 2154 4575 erant
2184 4532 2333 4594 pau-

845 4613 1136 4685 cissimi3
1173 4612 1283 4675 sed
1325 4611 1391 4673 in
1433 4611 1618 4674 lsrael
1661 4611 1780 4673 sub
1821 4612 2030 4674 Eliseo
2077 4612 2337 4673 fuerunt

845 4712 1054 4775 multi.
1083 4712 1157 4773 Et
1179 4711 1348 4792 quod
1371 4710 1480 4787 ait,
1501 4710 1568 4772 In
1591 4710 1801 4785 lsrael,
1828 4728 1954 4771 non
1984 4717 2080 4772 est
2102 4709 2336 4771 intelli-

847 4811 1125 4891 gendum
1159 4817 1401 4871 tantum
1435 4810 1514 4871 de
1537 4807 1835 4871 tribubus
1865 4808 2107 4880 decem,
2133 4808 2243 4870 sed
2273 4816 2337 4871 et

851 4909 928 4971 de
982 4926 1178 4988 regno
1224 4907 1405 4982 Iuda,
1449 4905 1623 4988 quod
1672 4914 1822 4967 tunc
1873 4903 1995 4966 sub
2041 4904 2340 4986 Josaphat

851 5025 968 5090 pro
988 5005 1212 5088 majori
1247 5013 1427 5086 parte
1456 5004 1657 5067 coluit
1677 5004 1894 5079 Deum,
1920 5021 2113 5083 quam
2142 5021 2341 5084 popu-

853 5106 952 5168 lus
991 5106 1210 5167 decem
1241 5104 1550 5166 tribuum.
1584 5101 1819 5182 Itaque,
1862 5100 2034 5181 quod
2064 5099 2176 5171 ait,
2200 5100 2341 5165 Scio

853 5204 1024 5287 quod
1065 5220 1195 5265 non
1255 5202 1340 5263 sit
1367 5200 1534 5263 Deus
1577 5200 1642 5261 in
1686 5198 1984 5261 universa
2034 5206 2221 5275 terra,
2256 5198 2347 5260 ni-

853 5302 908 5365 si
947 5302 1016 5364 in
1048 5299 1262 5379 Israel,
1302 5317 1432 5363 non
1483 5307 1580 5362 est
1625 5293 2134 5375 intelligendum,
2172 5298 2343 5376 quod

2440 4335 2554 4397 per
2595 4315 2855 4377 modum
2903 4316 3093 4397 pacti,
3134 4316 3578 4380 conventionis
3627 4324 3735 4377 aut
3782 4334 3936 4378 con-

2440 4412 2722 4489 ditionis,
2760 4413 3031 4494 exigere,
3070 4415 3327 4494 quando
3366 4422 3579 4476 tantus
3622 4413 3937 4495 Propheta

2442 4513 2631 4574 etiam
2678 4519 2904 4593 sponte
2946 4512 3159 4574 oblata
3202 4513 3413 4574 renuit
3461 4521 3811 4594 acceptare.
3842 4512 3937 4573 Ex

2443 4629 2573 4692 quo
2620 4618 2887 4688 constat,
2937 4630 3127 4691 quam
3180 4611 3433 4673 incaute
3479 4620 3540 4673 et
3578 4610 3938 4693 periculose

2445 4708 2631 4771 multi
2662 4709 2849 4772 modo
2882 4729 2952 4773 se
2980 4710 3275 4787 habeant,
3302 4709 3417 4790 qui
3458 4710 3578 4772 sub
3608 4716 3941 4791 pauperta—

2446 4808 2528 4869 tis
2583 4815 2907 4888 praetextu,
2960 4807 3193 4883 colore,
3249 4826 3360 4869 seu
3410 4807 3782 4890 apparentia
3827 4816 3943 4869 aut

2447 4902 2831 4979 exsistentia,
2850 4904 2915 4965 in
2936 4902 3326 4967 exhibitione
3347 4904 3777 4985 spiritualium
3798 4910 3953 4966 tem-

2450 5001 2693 5083 poralia
2715 5002 2974 5081 exigunt
2998 5021 3013 5065 ς
3038 5002 3211 5082 quod
3238 5019 3365 5063 non
3389 5000 3597 5063 solum
3617 5001 3759 5082 jure
3779 5000 3949 5063 divi-

2452 5119 2557 5176 no,
2585 5101 2694 5162 sed
2722 5100 2917 5163 sacris
2946 5117 3203 5180 quoque
3221 5099 3575 5162 canonibus
3597 5118 3669 5161 ac
3687 5099 3949 5162 Patrum

2452 5197 2721 5260 decretis
2742 5196 3213 5260 districtissime
3242 5196 3637 5277 prohibetur.
3656 5196 3833 5259 Unde
3864 5199 3951 5261 ad

2454 5295 2786 5358 vitandum
2854 5293 3297 5376 hujuscemodi
3346 5292 3577 5372 sceluS,
3626 5294 3955 5376 religiosis
