4309 6259
514 1090 649 1133 Prov.
667 1103 708 1141 x,
727 1094 767 1134 7.

796 490 917 553 572

1632 510 1979 557 mannum
2022 511 2084 556 IN
2126 510 2262 557 CAP-
2309 509 2396 556 XX
2435 510 2559 556 101³.
2605 528 2686 540 -
2727 510 2869 555 Am.
2904 509 3044 555 xcv!

798 698 1126 761 nunquam
1180 686 1466 764 prodest,
1518 692 1581 747 et
1632 683 1759 746 cito
1812 681 2137 764 aliquibus
2190 701 2286 743 sa·
2313 678 2364 741 A
2397 700 2542 744 cum
2590 682 2810 743 matris
2857 681 3276 745 exstinctione
3323 679 3712 764 producitur.
3761 679 3884 741 Per

799 779 1123 860 pientibus
1174 784 1429 847 illorum
1479 781 1990 864 vituperabilitas
2038 781 2288 844 innote-

799 878 939 941 scit.
986 880 1367 946 Laudatores
1417 900 1675 964 quoque
1726 899 1944 944 eorum
1995 879 2286 942 celeriter

799 977 1159 1040 moriuntur
1198 1000 1270 1042 ac
1310 988 1601 1063 pereunt.
1636 980 1780 1043 ldeo
1822 978 1885 1041 in
1927 976 2284 1041 Proverbiis

798 1074 1094 1139 Salomon
1126 1078 1381 1141 scribit:
1407 1078 1702 1141 Memoria
1730 1078 1885 1159 justi
1914 1096 2058 1140 cum
2092 1076 2286 1138 laudi-

796 1173 947 1248 bus3
981 1194 1212 1239 nomen
1243 1186 1452 1241 autem
1486 1177 1829 1260 impiorum
1861 1183 2201 1257 putrescet.

884 1277 961 1335 Ec
983 1278 1309 1351 gaudium
1330 1280 1681 1355 hypocritae
1700 1279 1787 1337 ad
1808 1278 2017 1335 instar
2030 1278 2280 1353 puncti.

795 1370 1011 1434 Omnis
1059 1375 1393 1439 delectatio
1442 1375 1879 1457 reproborum,
1933 1373 2284 1436 carnalium

795 1478 858 1532 et
904 1472 1323 1553 superborum
1376 1474 1440 1536 in
1492 1474 1723 1537 saeculo
1764 1474 1907 1549 isto,
1946 1472 2123 1535 velut.
2173 1472 2287 1534 im-

794 1570 1211 1652 perceptibile
1247 1582 1553 1654 punctum
1595 1572 2127 1653 celerrimumque
2162 1591 2288 1634 mo-

795 1677 1081 1731 mentum
1112 1679 1228 1747 est,
1265 1680 1554 1752 respectu
1587 1670 1997 1733 infernalium
2027 1678 2286 1733 aeterna-

794 1765 949 1828 lium
1000 1769 1553 1832 acerbissimorum
1604 1769 2087 1851 suppliciorum,
2141 1787 2284 1849 quae

2396 780 2648 862 aspides
2697 799 2868 861 ergo,
2923 781 3191 844 latentes
3249 782 3608 843 daemonum
3660 796 3887 858 sugge-

2397 879 2636 941 stiones
2696 879 3071 959 signantur3
3132 898 3246 961 per
3292 878 3571 959 linguam
3620 877 3882 959 viperae,

2397 978 2678 1042 violenta
2707 978 2971 1042 tentatio
3002 977 3398 1059 significatur
3425 975 3672 1039 diaboli.
3686 974 3886 1058 Caput

2398 1076 2613 1158 itaque
2643 1077 2934 1158 aspidum
2971 1085 3194 1140 contra
3230 1075 3622 1158 hypocritam
3653 1073 3880 1153 surgit,

2395 1176 2700 1257 quoniam
2734 1175 2940 1257 primo
2980 1176 3200 1239 latenti
3239 1195 3311 1239 ac
3347 1193 3536 1257 parva
3575 1173 3884 1254 suggesti-

2396 1292 2518 1337 one
2561 1273 2872 1337 inficitur.
2914 1276 3150 1339 Deinde
3193 1275 3412 1354 lingua
3457 1273 3688 1355 viperae
3729 1290 3880 1334 eum

2395 1373 2649 1450 occidit,
2682 1373 2833 1454 quia
2863 1374 3054 1455 paulo
3081 1381 3228 1456 post
3255 1372 3407 1435 forti
3438 1379 3502 1434 et
3525 1371 3882 1453 impetuosa

2397 1473 2746 1535 tentatione
2804 1471 3255 1554 prosternitur.
3319 1470 3622 1533 Paulatim
3681 1468 3882 1550 siqui-

2395 1571 2538 1632 dem
2581 1571 2800 1652 dejicit
2844 1589 2956 1633 nos
3005 1578 3276 1634 tentator
3318 1570 3384 1631 in
3425 1568 3669 1651 primis.
3703 1567 3884 1647 Deje-

2396 1677 2529 1731 ctos
2561 1688 2711 1732 vero
2745 1668 3114 1751 frequenter
3144 1669 3220 1731 ad
3252 1676 3499 1744 nutum,
3531 1668 3610 1729 ad
3644 1666 3883 1747 gravis-

2396 1767 2555 1829 sima
2585 1766 2780 1829 trahit
2812 1766 3118 1831 facinora.

792 1864 1135 1928 miserrimi
1192 1867 1629 1949 possidebunt.
1684 1868 1825 1931 Ideo
1883 1866 2008 1930 diei
2059 1866 2220 1929 solet
2265 1885 2278 1928 ε
2322 1862 2368 1923 Β
2488 1869 2635 1927 Non.
2681 1869 2916 1937 videat,
2969 1868 3030 1928 id
3075 1874 3191 1944 est,
3241 1884 3369 1929 non
3417 1866 3714 1929 sortiatur
3763 1883 3882 1926 nee

794 1963 1297 2029 Momentaneum
1355 1968 1523 2048 quod
1576 1967 1847 2031 delectat
1900 1966 1965 2028 in
2017 1966 2278 2043 mundO,
2395 1964 2775 2045 experiatur,
2813 1968 3058 2025 rivulos
3089 1967 3412 2042 fluminis,
3445 1964 3511 2026 id
3550 1972 3644 2027 est
3681 1962 3882 2026 chari·

794 2071 1099 2124 aeternum
1130 2065 1299 2144 quod
1328 2064 1571 2127 cruciat
1596 2065 1661 2125 in
1690 2063 1953 2127 inferno.
1970 2064 2103 2127 Non
2134 2082 2283 2143 ergo
2395 2070 2593 2124 smata
2640 2062 2912 2145 Spiritus
2951 2063 3184 2126 Sancti.
3221 2064 3304 2125 De
3347 2061 3582 2144 quibus
3618 2059 3878 2124 Joannis

794 2160 1271 2240 acquiescamus
1311 2161 1375 2223 in
1409 2162 1540 2223 vita
1578 2161 1696 2225 hac
1736 2161 1927 2224 stulte
1965 2181 2037 2224 ac
2071 2160 2284 2224 viliter

794 2259 1116 2334 delectari,
1154 2277 1231 2321 ne
1270 2260 1672 2337 aeternaliter,
1713 2260 2278 2337 inconsolabiliter,

796 2356 1190 2419 amarissime
1229 2357 1354 2421 cito
1395 2367 1536 2440 post
1575 2359 1709 2421 haec
1747 2358 2140 2439 affligamur.

874 2458 1083 2519 Panis
1102 2458 1243 2533 ejus
1274 2459 1346 2518 in
1366 2468 1544 2517 utero
1575 2460 1774 2528 illius,
1804 2467 2082 2518 vertetur
2102 2460 2174 2517 in
2193 2461 2285 2537 fel

2393 2279 2517 2336 me,
2565 2260 2840 2322 flumina
2887 2262 2964 2323 de
3011 2270 3232 2323 ventre
3271 2261 3409 2342 ejus
3452 2259 3660 2323 fluent
3697 2278 3878 2340 aquae
3907 2250 3981 2299 ³⁸·
4007 2251 4086 2289 ³⁹·

2395 2358 2558 2421 vivae
2601 2375 2614 2419 z
2658 2359 2770 2421 ubi
2819 2379 2965 2423 mox
3015 2360 3328 2437 subditur,
3364 2359 3490 2421 Hoc
3537 2367 3742 2421 autem
3783 2358 3881 2420 di-

2394 2457 2578 2520 cebat
2632 2460 2710 2521 de
2769 2458 3030 2541 Spiritu,
3081 2478 3269 2540 quem
3329 2458 3648 2539 accepturi
3699 2466 3882 2519 erant

2394 2160 2666 2242 septimo
2707 2162 2979 2223 adstruit
3018 2161 3305 2243 Christus
3351 2178 3364 2221 ε
3403 2160 3520 2235 Qui
3563 2160 3762 2223 credit
3806 2160 3872 2221 in
3923 2186 4210 2235 ammam,
4306 2206 4308 2243 ἰ

541 4050 574 4093 ll
589 4052 714 4095 Petr.
734 4068 776 4103 ιι,

518 4117 583 4157 2¹.

537 4344 694 4388 Jacob.
723 4360 777 4397 w,

516 4410 579 4451 ¹7.

795 2557 1119 2630 aspidum.
1153 2553 1337 2616 Panis
1369 2554 1737 2635 hypocritae,
1770 2563 1864 2617 est
1896 2555 2032 2617 laus
2063 2555 2288 2617 huma-

797 2671 899 2727 na,
933 2671 1059 2733 qua
1098 2652 1400 2734 pascitur,
1436 2652 1616 2716 favor
1653 2653 2285 2736 emolumentumque

797 2751 1153 2827 hominum,
1187 2753 1353 2832 quod
1387 2752 1669 2815 sortitur.
1708 2752 1826 2815 Sed
1860 2753 1964 2816 hie
1994 2754 2199 2835 paniS,
2218 2753 2282 2815 in

797 2858 1001 2927 utero,
1035 2849 1097 2912 id
1148 2858 1245 2912 est
1282 2859 1493 2913 mente
1542 2851 1767 2932 ipsiuS‚
1801 2852 2071 2916 vertitur
2108 2852 2165 2915 ei
2219 2853 2282 2914 in

798 2948 885 3010 fel
945 2948 1264 3029 aspidum,
1315 2948 1466 3029 quia
1518 2947 1597 3011 fit
1644 2949 1703 3011 ei
1749 2969 1939 3013 causa
1987 2952 2288 3013 amaritu-

2396 2559 2726 2621 credentes
2767 2560 2831 2621 in
2871 2578 3041 2621 eum.
3084 2562 3431 2629 TorrentiS,
3461 2558 3524 2620 id
3563 2566 3658 2621 est.
3694 2557 3883 2619 inun-

2395 2657 2671 2720 dationis
2701 2658 3013 2721 donorum
3045 2656 3316 2739 Spiritus
3349 2657 3582 2719 Sancti.
3605 2656 3780 2719 Unde
3811 2655 3879 2718 in

2394 2755 2641 2817 Psalmo
2681 2739 2951 2818 ha'betur
2987 2776 3000 2819 ε
3038 2757 3340 2819 Torrente
3377 2754 3718 2838 voluptatis
3757 2764 3882 2817 tuae
3909 2774 4206 2822 Panno.

2395 2853 2648 2936 potabis
2687 2873 2816 2917 eos.
2851 2854 3058 2916 Primo
3097 2854 3356 2935 quippe,
3389 2854 3574 2917 donis
3613 2852 3884 2936 Spiritus

2399 2952 2611 3016 Sancti
2654 2952 3123 3035 perfundimur.
3159 2952 3398 3027 Quibus
3437 2953 3491 3014 si
3529 2952 3691 3033 grat-i
3722 2952 3885 3015 bene

799 3046 967 3108 dinis
1008 3046 1364 3109 infernalis
1408 3050 1692 3109 Divitias
1730 3070 1891 3128 quas
1924 3052 2283 3124 devoravit,
2321 3050 2366 3115 C
2398 3061 2670 3129 utamur,
2697 3052 2760 3113 in
2796 3052 3034 3114 eisdem
3066 3052 3407 3115 crescimus
3439 3070 3511 3113 ac
3542 3051 3880 3133 replemur,

796 3156 1054 3206 evomet.
1089 3145 1336 3209 Divitiae
1371 3146 1733 3227 spirituales
1768 3157 1917 3210 sunt
1948 3148 2286 3230 Scripturae

798 3243 1033 3306 divinae
1060 3261 1073 3305 :
1100 3262 1257 3325 quas
1290 3244 1635 3326 hypocritae
1668 3244 1789 3308 sibi
1823 3265 2286 3328 nonnunquam

799 3342 1225 3423 incorporant,
1262 3362 1387 3405 non
1426 3344 1637 3424 plane,
1676 3352 1743 3405 ut
1786 3353 1955 3407 reete
1993 3353 2056 3408 et
2087 3345 2288 3407 humi-

800 3441 944 3502 liter
992 3440 1232 3517 vivant,
1268 3443 1377 3504 sed
1418 3449 1485 3503 ut
1534 3443 1702 3505 docti
1750 3452 2116 3526 appareant,
2160 3445 2289 3506 lau-

800 3540 944 3601 dem
986 3548 1049 3602 et
1085 3541 1491 3603 commodum
1535 3542 1860 3622 proprium
1914 3542 2284 3605 sortiantur.

802 3638 921 3699 llas
966 3656 1115 3717 ergo
1154 3638 1412 3701 divitias
1460 3648 1783 3717 evomunt,
1820 3640 1883 3703 id
1923 3650 2019 3703 est
2060 3641 2290 3704 vitiose

802 3736 1169 3813 effundunt,
1202 3737 1463 3817 jactant,
1496 3746 1837 3801 ostentant.
1861 3743 1947 3801 Ει
1965 3744 2044 3799 de
2074 3750 2293 3801 ventre

804 3838 989 3895 illius
1017 3837 1309 3897 eoetrakec
1338 3858 1443 3897 eas
1475 3840 1666 3908 Demi,
1703 3838 1766 3900 id
1795 3846 1911 3915 cst,
1945 3839 2024 3901 de
2054 3858 2294 3901 memo-

806 3934 897 3996 ria
941 3935 1081 4015 ejus
1132 3934 1433 4015 requiret,
1476 3954 1590 3997 eur
1630 3938 1980 3998 secundum
2030 3956 2104 3999 ea
2150 3957 2294 4019 quae

808 4033 994 4096 scivit
1024 4041 1085 4095 et
1116 4033 1298 4109 dixit,
1334 4052 1459 4096 non
1501 4034 1677 4096 vixit.
1714 4034 1931 4097 Melius
1962 4036 2135 4098 enim
2176 4043 2292 4111 est,

810 4151 935 4195 non
976 4150 1356 4212 cognoscere
1394 4132 1563 4193 viam
1603 4133 1887 4213 justitiae,
1923 4154 2110 4215 quam
2154 4142 2298 4215 post

2399 3150 2486 3212 ita
2531 3158 2602 3212 ut
2647 3149 3054 3227 inundemuS‚
3110 3150 3398 3231 illudque
3442 3149 3726 3213 Jercmiae
3771 3149 3886 3211 hu-

2397 3250 2638 3312 militer
2688 3248 3000 3312 fateamur
3044 3268 3058 3311 :
3098 3249 3324 3312 Faetus
3371 3268 3512 3311 sum
3562 3249 3741 3329 quasi
3783 3249 3883 3312 vir
3909 3271 4208 3319 ammae.

2398 3346 2636 3424 ebrius»,
2671 3356 2734 3409 et
2762 3348 2947 3429 quasi
2979 3348 3170 3410 homo
3202 3347 3494 3409 madidus
3533 3348 3683 3411 vino
3718 3366 3752 3408 a
3796 3346 3884 3408 fa-

2398 3445 2496 3509 cie
2521 3445 2786 3519 Domini,
2807 3454 2870 3509 et
2902 3465 2938 3507 a
2968 3445 3131 3509 facie
3156 3446 3494 3509 verborum
3525 3454 3882 3508 sanctorum

2399 3546 2560 3626 ejus,
2615 3548 2857 3615 Mellae,
2906 3544 2967 3607 id
3028 3553 3120 3608 est
3180 3544 3557 3621 dulcediniS‚
3621 3563 3762 3625 quae
3818 3544 3882 3607 in

2400 3642 2646 3705 actibus
2677 3643 3041 3705 divinarum
3069 3662 3180 3705 seu
3213 3642 3707 3723 theologicarum
3737 3662 3887 3705 eon—

2401 3741 2570 3803 sistit
2600 3741 2905 3805 virtutum
2930 3765 2945 3815 3
2971 3751 3031 3801 et
3061 3744 3306 3819 butyri,
3328 3740 3391 3803 id
3413 3749 3508 3803 est
3527 3741 3890 3803 delectatio-

2403 3840 2525 3915 niS,
2560 3858 2704 3920 quae
2744 3839 2808 3900 in
2843 3838 3193 3901 moralibus
3225 3839 3493 3903 habetur
3519 3839 3883 3903 virtutibus

2404 3937 2516 4000 Mel
2557 3938 2794 4000 etenim
2835 3938 3108 4019 desuper
3155 3945 3217 4000 et
3259 3956 3332 4001 ex
3378 3937 3648 4000 floribus
3687 3938 3884 4001 venit.

2405 4034 2644 4097 Idcirco
2676 4054 2788 4117 per
2821 4034 3028 4117 ipsum
3067 4035 3345 4098 suavitas
3383 4036 3716 4113 virtutum,
3751 4054 3893 4117 quae

2409 4134 2577 4196 circa
2624 4134 2820 4195 Deum
2869 4143 3225 4211 versantur,
3276 4134 3674 4216 exprimitur.
3719 4135 3897 4216 Buty-

809 4230 1235 4309 cognitionem
1270 4238 1615 4293 retrorsum
1648 4231 1901 4308 reverti,
1923 4242 1992 4294 ut
2021 4232 2174 4294 dicit
2195 4233 2300 4295 Pe·
2330 4236 2381 4297 D
2411 4252 2548 4294 rum
2580 4241 2791 4294 autem
2825 4252 2898 4295 ex
2929 4232 3302 4295 animalium
3333 4234 3494 4295 lacte
3525 4232 3894 4315 suscipitur.

810 4338 966 4391 trus.
1017 4328 1093 4390 Et
1144 4327 1413 4391 Jacobus
1462 4330 1599 4390 ait:
1636 4328 1871 4392 Scienti
1921 4330 2184 4407 bonum,
2238 4339 2300 4394 et

812 4447 939 4490 non
974 4426 1256 4503 facienti,
1292 4436 1620 4508 peccatum
1653 4435 1747 4491 est
1778 4427 1895 4490 illi.

894 4530 1100 4603 Caput
1143 4528 1448 4603 aspidum
1490 4536 1727 4603 suryet,
1772 4538 1831 4587 et
1873 4529 2108 4588 occidet
2150 4548 2300 4590 eum

813 4627 1045 4701 lin-qua
1094 4626 1346 4701 viperae.
1398 4623 1579 4687 Circa
1629 4624 1749 4687 hoc
1803 4625 2026 4687 scribit
2072 4626 2301 4706 Grego-

810 4722 942 4782 rius
996 4739 1009 4781 :
1063 4721 1247 4803 Aspis
1298 4730 1393 4783 est
1442 4741 1675 4803 parvus
1722 4741 2029 4804 serpens3
2081 4724 2300 4805 vipera

811 4826 1017 4881 autem
1060 4827 1155 4881 est
1196 4819 1463 4899 longior.
1510 4819 1777 4901 Aspides
1816 4826 2074 4902 quoque
2112 4840 2302 4902 gene-

810 4927 953 4980 rant
990 4937 1131 4995 ova,
1165 4938 1240 4980 ex
1283 4917 1517 4998 quibus
1556 4937 1775 4982 eorum
1814 4919 1938 4981 filii
1976 4940 2304 5001 procrean-

810 5026 933 5079 tur.
979 5016 1227 5097 Viperae
1270 5035 1418 5079 vero
1461 5036 1661 5098 quum
1703 5019 2133 5099 conceperint,
2177 5020 2300 5081 filii

810 5134 1025 5178 earum
1071 5114 1137 5175 in
1185 5122 1468 5178 ventrem
1510 5125 1783 5178 matrum
1823 5117 2195 5195 desaeviunt,
2241 5127 2303 5182 et

812 5213 1014 5295 ruptis
1045 5221 1319 5275 matrum
1356 5212 1682 5291 lateribuS,
1716 5224 2120 5295 generantur.
2146 5216 2303 5280 Hinc

810 5310 1025 5392 vipera
1061 5310 1315 5388 dicitur,
1340 5311 1494 5392 quia
1523 5312 1587 5374 vi
1618 5314 1785 5395 parit
1820 5330 1835 5375 :
1868 5314 2054 5396 cujus
2091 5316 2302 5398 proles

2409 4331 2647 4394 Idcirco
2669 4350 2784 4412 per
2807 4331 3015 4413 ipsum
3036 4331 3371 4394 delectatio
3392 4330 3718 4409 virtutum,
3733 4333 3902 4395 circa

2412 4430 2780 4512 passionum
2825 4430 3289 4493 ordinationem
3333 4430 3748 4506 versantium,
3797 4450 3900 4493 ex-

2415 4528 2698 4610 plicatur.
2721 4526 3025 4590 Omnibus
3057 4528 3252 4608 igitur
3279 4528 3418 4589 istis
3447 4528 3686 4592 divinis
3717 4529 3900 4592 donis

2412 4648 2485 4690 ac
2527 4628 2974 4692 dulcedinibus
3017 4648 3128 4690 seu
3170 4628 3714 4692 consolationibus
3760 4646 3902 4690 san-

2412 4728 2531 4789 etis
2561 4735 2752 4807 atque
2783 4726 3148 4789 coelestibus
3173 4726 3504 4809 hypocrita
3533 4734 3596 4789 et
3623 4726 3900 4807 injustus

2412 4824 2722 4907 privatur,
2757 4825 2868 4906 qui
2909 4825 2977 4886 in
3017 4844 3086 4887 se
3124 4824 3263 4907 ipso
3297 4833 3358 4887 et
3395 4824 3760 4887 carnalibus
3791 4824 3904 4886 im-

2417 4923 2521 5006 pie
2551 4922 2923 4999 delectatur,
2958 4942 3074 4985 nec
3107 4923 3232 4986 Deo
3263 4922 3384 4985 rite
3411 4921 3730 5002 infigitur.

2495 5023 2816 5090 Quoniam
2847 5021 3262 5098 confrinyens
3289 5023 3568 5082 nudavit
3593 5024 3907 5099 pauperis

2413 5124 2698 5181 domum.
2733 5120 2964 5182 Domus
3005 5120 3326 5202 pauperis,
3370 5128 3467 5181 est
3502 5120 3905 5199 congregatio

2414 5217 2658 5301 praelati
2704 5217 2857 5280 boni
2907 5237 2980 5280 ac
3025 5217 3310 5293 humilis,
3363 5235 3476 5279 seu
3523 5236 3754 5299 corpus
3804 5218 3903 5281 vel

2414 5315 2808 5380 conscientia
2835 5316 2974 5399 ejus
3010 5335 3024 5380 :
3061 5335 3252 5398 quam
3289 5314 3641 5397 frangendo
3671 5316 3904 5398 impius
