4309 6259
902 524 1252 570 manuario
1293 524 1356 569 m
1399 524 1536 570 car.
1582 523 1664 569 xv
1705 523 1863 569 1111111
1905 523 2129 578 01111111
2167 523 2393 573 neuun.
2437 546 2519 555 —
2546 528 2701 579 eurr.
2746 528 2900 575 xvm
3359 511 3439 575 63

327 702 392 754 et
421 713 645 755 omnes
672 698 792 777 qui
818 706 1006 758 erant
1035 698 1110 757 in
1138 715 1238 767 ea,
1271 706 1331 757 et
1365 696 1666 756 terminos
1703 696 1844 772 ejus
1872 694 1922 755 A
1953 697 2036 757 Εἰ
2061 700 2373 759 dormivit
2406 703 2752 762 Manaliem
2782 722 2929 763 cum
2949 705 3249 780 patribus
3269 705 3433 774 suis,

325 795 408 850 de
449 796 708 863 Thena,
745 793 810 856 id
852 804 970 871 est,
1009 814 1082 857 ea
1123 812 1269 875 quae
1300 802 1476 856 extra
1514 793 1840 856 civitatem
1947 800 2367 876 reynavitque
2386 802 2669 861 PIzaeeia
2698 803 2882 879 filius
2909 803 3049 878 ejus
3069 822 3193 880 pro
3220 822 3309 863 ee.

324 898 538 966 erant,
572 900 637 954 et
666 892 1080 973 pertinebant
1106 893 1186 955 ad
1217 911 1378 968 eam,
1413 892 1840 973 depopulatus

211 1009 222 1018 ·
323 998 440 1052 estss
481 994 856 1055 Noluerunt
905 996 1082 1055 enim
1127 993 1382 1070 aperire
1411 994 1500 1061 ei,
1531 1010 1648 1053 nec
1689 1009 1836 1053 eum

326 1088 395 1149 in
433 1107 652 1170 regem
685 1090 976 1172 accipere
1002 1108 1015 1152 :
1041 1092 1188 1153 ideo
1220 1089 1596 1153 firmissima
1625 1088 1840 1152 obses-

324 1182 516 1249 sione
547 1189 804 1251 tandem
836 1189 1119 1252 obtinuit
1147 1207 1310 1266 eam,
1339 1197 1526 1270 prout
1548 1188 1682 1251 haec
1703 1205 1837 1250 om-

326 1285 442 1347 nia
504 1287 573 1348 in
626 1286 903 1369 Iosepho
965 1287 1217 1369 plenius
1271 1286 1660 1349 referuntur.
1717 1284 1835 1359 Qui

327 1384 530 1447 etiam
570 1384 680 1461 ait,
713 1386 889 1468 quod
927 1386 1255 1449 Manahem
1299 1386 1419 1448 iste
1460 1383 1584 1447 fuit
1623 1384 1838 1447 saevis-

329 1482 565 1561 simuS,
601 1483 731 1547 imo
760 1484 1080 1548 crudelior
1112 1484 1184 1547 in
1216 1484 1608 1548 contribules
1640 1502 1836 1566 quam

329 1581 717 1663 alienigenae
743 1600 758 1645 ε
783 1583 888 1646 cui
918 1583 1268 1647 narrationi
1301 1583 1643 1647 concordat
1663 1581 1836 1663 quod

331 1680 648 1759 subditur,
691 1693 751 1743 et
799 1683 1132 1759 interfecit
1175 1702 1391 1743 omnes
1425 1690 1836 1760 praeynantes

329 1781 504 1857 ejus,
533 1791 596 1841 et
622 1782 820 1841 scidit
848 1802 954 1841 eas
986 1801 1009 1841 .·
1039 1782 1210 1863 quod
1243 1799 1504 1862 prorsus
1535 1779 1838 1843 crudelis-

1961 910 1966 914 ·
2025 898 2218 957 Anno
2250 898 2791 978 quinquayesimo·
2814 903 3080 963 Azarioe
3118 904 3287 979 reyis
3325 903 3436 963 Ju-

1945 995 2058 1063 da,
2090 997 2387 1071 reynavit
2414 1000 2696 1058 Plzaceia
2728 1000 2911 1075 filius
2940 1003 3289 1063 Manaliem
3332 1021 3437 1061 su-

1943 1111 2064 1167 per
2103 1096 2312 1153 Israel
2357 1098 2431 1153 in
2472 1097 2787 1159 Samaria
2830 1100 3108 1160 biennia
3153 1101 3239 1161 Et
3283 1101 3437 1179 fecit

1946 1194 2116 1268 quod
2144 1202 2285 1253 erat
2317 1197 2565 1253 malum
2596 1216 2811 1255 coram
2841 1200 3137 1259 Domino,
3165 1200 3313 1263 Non
3342 1218 3439 1258 re-

1948 1290 2129 1350 cessit
2162 1311 2201 1351 a
2221 1294 2501 1368 peccatis
2526 1295 2856 1355 Jeroboam
2884 1298 3019 1372 filii
3048 1298 3286 1369 Nabat,
3320 1298 3437 1375 qui

1940 1405 2207 1463 peccare
2233 1391 2389 1466 fecit
2418 1392 2644 1452 Israel.
2674 1394 3059 1470 Conjuravit
3087 1396 3303 1455 autem
3333 1398 3441 1456 ad-

1951 1506 2171 1547 versus
2216 1508 2363 1549 eum
2409 1492 2657 1551 Phae-ee
2702 1493 2887 1569 filius
2936 1495 3266 1565 Romelice,
3295 1497 3437 1555 dux

1946 1586 2108 1663 ejus,
2127 1594 2188 1645 et
2210 1591 2527 1663 percussit
2545 1609 2690 1650 eum
2713 1591 2785 1650 in
2806 1593 3141 1665 Samaria,
3165 1594 3237 1654 in
3263 1602 3439 1653 turre

1944 1689 2177 1746 domus
2205 1688 2423 1764 reyioe,
2439 1689 2647 1764 juoeta
2683 1692 2920 1767 Aryob,
2950 1701 3010 1752 et
3025 1693 3232 1769 juoeta
3252 1695 3439 1764 Arie‚

1946 1793 2005 1845 et
2035 1804 2183 1845 cum
2210 1804 2277 1844 eo
2310 1788 2790 1866 quinquaqinta
2825 1791 2995 1849 viros
3016 1794 3095 1850 cle
3112 1792 3277 1869 filiis
3316 1794 3441 1852 Ga-

330 1878 572 1941 simum
625 1877 770 1957 fuit,
818 1888 1054 1969 utpote·
1085 1879 1468 1943 mulieribus
1523 1878 1724 1941 fetum
1767 1878 1836 1940 in
1873 1886 1920 1949 B
1947 1885 2449 1954 laaditarum,et
2469 1886 2797 1962 interfecit
2814 1906 2987 1957 eum,
3006 1892 3439 1968 regnavitque

327 1988 555 2041 ventre
599 1977 1009 2057 habentibus,
1040 1979 1381 2061 partuique
1425 1978 1662 2042 vicinis
1706 1995 1831 2040 non
1937 2001 2060 2058 pro
2097 2001 2188 2042 eo.
2228 1981 2349 2043 Iste
2382 1982 2639 2060 Phacee,
2673 1986 3024 2048 secundum
3062 1985 3437 2069 Iosepbum‚

327 2094 616 2157 parcere.
637 2078 764 2140 Hac
785 2078 1044 2141 demum
1070 2077 1446 2141 crudelitate
1469 2075 1672 2142 voluit
1693 2076 1836 2139 aliis
1945 2076 2331 2141 chiliarchus
2364 2076 2509 2153 fuit,
2544 2077 2608 2140 id
2636 2087 2733 2141 est
2770 2080 3193 2160 millenariu5‚
3231 2084 3439 2165 ipsius

333 2174 633 2238 timorem
669 2176 770 2239 sui
803 2176 1114 2240 incutere.
1945 2175 2231 2239 Phaceia.
2277 2179 2555 2257 Reliqua
2598 2188 2816 2240 autem
2854 2201 3224 2244 sermonum
3264 2186 3443 2245 Plia-

411 2278 614 2337 Anno
637 2278 958 2337 tricesimo
979 2295 1146 2336 nono
1165 2276 1430 2337 Azarice
1449 2278 1618 2352 reqis
1637 2276 1835 2346 Iuda,
1947 2278 2106 2346 ceia,
2129 2285 2190 2335 et
2210 2278 2517 2337 universa
2536 2296 2678 2355 quoe
2697 2278 2878 2354 feeit,
2902 2298 3116 2341 nonne
3139 2282 3271 2343 hoec
3289 2284 3443 2342 seri-

335 2376 640 2451 reqnavit
683 2378 1036 2437 Manahem
1073 2376 1258 2453 filius
1306 2376 1478 2436 Gadi
1514 2394 1710 2453 super
1745 2376 1840 2435 Is·
1942 2384 2061 2452 pta
2097 2384 2251 2434 sunt
2293 2375 2369 2433 in
2411 2376 2571 2433 libro
2610 2377 2996 2438 Sermonum
3040 2381 3299 2441 dierum
3342 2402 3439 2441 re-

335 2476 476 2533 rael
524 2474 746 2533 decem
793 2476 992 2535 annis
1043 2476 1116 2535 in
1160 2475 1493 2535 Samaria.
1543 2475 1843 2553 Fecitque
1941 2491 2103 2549 ,qum
2133 2474 2391 2533 Israel?

335 2574 512 2651 quod
539 2569 968 2633 erat'malum
997 2592 1216 2632 coram
1247 2574 1546 2633 Domino,
1575 2574 1721 2632 Non
1750 2592 1842 2631 re·
2044 2574 2238 2635 Anno
2280 2574 2813 2652 quinquaqesimo
2856 2578 3128 2637 secundo
3170 2581 3437 2641 Azarioe

336 2673 522 2731 cessit
550 2691 596 2732 a
617 2672 900 2749 peccatis
925 2672 1257 2732 Jeroboam
1291 2672 1428 2750 filii
1458 2672 1697 2740 Nabat,
1726 2670 1843 2750 qui
1948 2672 2116 2747 reqis
2157 2673 2360 2740 Iuda,
2387 2674 2687 2747 reynavit
2715 2674 2964 2733 Phaeee
2996 2678 3181 2752 filius
3216 2680 3441 2739 Rome-

327 2787 602 2846 peccare
647 2771 806 2847 fecit
854 2772 1082 2841 Israel,
1127 2771 1376 2830 cunctis
1415 2771 1638 2829 diebus
1673 2770 1839 2848 ejus,
1949 2770 2056 2830 liae
2084 2789 2276 2845 super
2294 2772 2501 2830 Israel
2521 2770 2593 2829 in
2614 2772 2927 2833 Samaria
2958 2774 3199 2850 viyinti
3216 2778 3439 2848 annis,

333 2866 640 2930 videlieet
687 2867 1018 2929 Manahem
1073 2866 1264 2948 regis⁸
1315 2869 1616 2929 Veniebat
1657 2868 1842 2928 Phul
1945 2876 2006 2927 et
2033 2867 2189 2944 fecit
2218 2870 2388 2947 quod
2418 2878 2557 2929 erat
2594 2872 2846 2929 malum
2886 2890 3101 2931 eoram
3131 2876 3433 2937 Domin0.

329 2986 446 3025 rex
475 2965 932 3044 Assyriorum,
966 2966 1031 3029 id
1063 2973 1180 3043 est,
1215 2965 1374 3028 Pbul
1407 2966 1539 3042 ille,
1576 2967 1653 3028 ad
1695 2964 1843 3028 libi-
1950 2967 2097 3028 Non
2125 2968 2373 3026 recessit
2406 2986 2447 3025 a
2468 2968 2747 3043 peccatis
2774 2970 3108 3031 Jeroboam
3137 2974 3273 3049 filii
3302 2975 3440 3036 Na·-

336 3071 470 3125 tum
501 3084 718 3141 suum,
755 3063 892 3128 sive
934 3064 1016 3127 ad
1058 3064 1314 3127 libitum
1356 3064 1707 3142 Manahem,
1745 3064 1842 3126 in-
1874 3068 1919 3133 C
1949 3067 2072 3136 bat,
2125 3066 2243 3145 qui
2286 3085 2547 3144 peceare
2596 3067 2752 3142 fecit
2797 3070 3023 3129 Israel.
3076 3071 3161 3131 In
3207 3074 3435 3133 diebus

335 3163 527 3225 travit
577 3163 819 3226 Thersa
868 3162 1094 3226 urbem
1141 3162 1320 3243 regni
1374 3162 1585 3225 lsrael.
1629 3162 1840 3225 Primo
1947 3166 2195 3227 Phae-ee
2221 3166 2389 3241 reqis
2419 3167 2647 3236 Israel,
2682 3167 2859 3226 venit
2896 3170 3436 3247 Tneqlathplzala-

337 3260 658 3342 equidem,
682 3270 752 3325 ut
768 3261 1078 3343 Iosephus
1107 3269 1170 3323 et
1200 3268 1419 3324 auctor
1439 3260 1842 3324 Scholasticae
1947 3284 2059 3323 sar
2075 3284 2193 3324 reoe
2205 3266 2498 3330 Assur,et
2518 3265 2746 3340 cepitA
2761 3265 2916 3326 kion
2935 3276 2993 3327 et
3008 3269 3433 3333 Abeldomum

337 3357 624 3423 historiae
673 3358 985 3437 referunt,
1037 3359 1234 3441 coepit
1279 3359 1434 3422 Phul
1489 3360 1710 3423 venire
1758 3359 1839 3421 ad

343 3458 856 3541 impugnandum
886 3458 1214 3521 Manahem
1254 3475 1488 3538 regem,
1532 3477 1606 3521 ac
1644 3476 1842 3539 popu-

344 3556 474 3619 lum
523 3558 692 3639 ejuS.
745 3555 861 3619 Cui
906 3556 1256 3634 Manahem‚
1313 3576 1440 3620 non
1491 3557 1732 3620 audens
1782 3556 1841 3619 ei

341 3656 661 3733 resistere,
697 3656 876 3717 misit
911 3675 1202 3732 munera,
1239 3655 1485 3719 scilicet
1523 3655 1701 3719 mille
1739 3675 1840 3717 ar-

337 3754 509 3834 genti
543 3754 808 3829 talenta‚
841 3761 904 3817 et
932 3753 1198 3835 insuper
1229 3754 1526 3835 praestitit
1555 3754 1615 3817 ei
1648 3752 1844 3816 tribu-

341 3861 470 3915 tum
499 3870 832 3933 magnum,
868 3861 937 3915 ut
967 3870 1038 3915 se
1065 3851 1487 3915 confirmaret
1517 3852 1582 3914 in
1616 3870 1836 3932 regn0,

338 3960 398 4014 et
426 3961 598 4015 esset
627 3952 755 4015 sibi
782 3951 1102 4033 praesidiO.
1138 3951 1476 4035 Propterea
1506 3951 1839 4014 subditur:

339 4062 396 4111 et
423 4054 626 4113 dabat
657 4052 1015 4113 Manaliem
1049 4050 1168 4131 ipsi
1193 4052 1374 4111 Pliul
1395 4053 1575 4111 mille
1598 4055 1842 4112 talenta

342 4170 534 4227 arqen
544 4151 618 4219 ti,
641 4158 718 4209 ut
735 4158 890 4209 esset
908 4149 971 4207 ei
989 4150 1064 4208 in
1095 4149 1452 4219 aua-ilium,
1471 4157 1530 4208 et
1547 4153 1843 4226 firmaret

1949 3363 2255 3433 Maaeha,
2296 3372 2355 3424 et
2400 3365 2624 3433 Janoe,
2666 3373 2727 3424 et
2777 3365 2986 3436 Cedes,
3036 3377 3095 3427 et
3141 3370 3332 3442 Asor,
3377 3380 3438 3431 et

1955 3464 2308 3531 Galaad,et
2334 3462 2697 3531 Galiloeam,
2713 3470 2773 3522 et
2796 3463 3169 3527 universam
3202 3476 3441 3531 terram

1952 3561 2333 3638 Neplitlzali,
2351 3557 2417 3621 id
2447 3566 2555 3621 est·
2572 3558 2808 3641 oppida
2835 3560 2927 3624 sic
2957 3572 3199 3625 vocata.
3221 3564 3440 3629 Vasta-

1950 3656 2043 3720 vit
2091 3658 2329 3721 etenim
2376 3657 2533 3719 duas
2578 3657 2782 3721 tribus
2825 3678 2971 3721 curn
3018 3662 3227 3725 media
3270 3664 3440 3729 ultra

1946 3757 2304 3833 Jordanem,
2330 3763 2393 3819 et
2424 3756 2582 3818 citra
2609 3756 2943 3820 Iordanem
2976 3758 3214 3822 tribum
3234 3761 3437 3846 Neph-

1950 3853 2107 3917 thali
2139 3862 2204 3917 et
2228 3852 2573 3916 Galilaeam.
2610 3856 2695 3915 Et
2726 3858 3062 3917 transtulit
3094 3879 3193 3919 eos
3223 3861 3296 3921 in
3328 3864 3444 3923 As-

1950 3954 2181 4031 syrios,
2218 3959 2289 4014 ut
2317 3950 2629 4015 servirent
2659 3951 2717 4013 ei
2750 3951 2986 4013 ibidem
3019 3954 3097 4015 ad
3130 3956 3437 4036 placitum

1955 4070 2163 4113 suum.
2201 4049 2583 4127 Conjuravit
2626 4059 2845 4110 autem
2879 4060 2939 4110 et
2984 4056 3249 4114 tetendit
3279 4056 3443 4116 insi-

1955 4151 2100 4209 dias
2133 4152 2279 4210 Osee
2304 4148 2489 4224 filius
2516 4147 2671 4215 E'la,
2700 4155 2923 4207 contra
2950 4150 3199 4209 Plzaeee
3226 4154 3444 4227 filium

341 4268 618 4324 reynum
647 4247 831 4324 ejus;
861 4247 1238 4325 indixitque
1260 4248 1632 4319 Manahem,
1653 4245 1716 4307 id
1747 4254 1844 4309 est
1880 4253 1932 4315 D
1957 4248 2285 4315 Romelioe,
2330 4254 2389 4305 et
2424 4247 2743 4322 percussit
2784 4266 2931 4306 eum
2971 4256 3031 4307 et
3072 4248 3400 4327 interfecit
3416 4276 3446 4325 ,-

346 4346 676 4428 imposuit,
719 4354 1066 4422 arqentum
1113 4364 1304 4422 super
1344 4348 1551 4406 Israel
1596 4348 1843 4407 cunetis

338 4447 708 4523 potentibus
744 4452 805 4503 et
845 4444 1190 4513 divitibus,
1221 4453 1295 4504 ut
1333 4447 1516 4504 daret
1560 4446 1700 4521 reyi
1727 4448 1843 4507 As-

340 4546 701 4621 syriorum,
720 4541 1207 4621 quinquaqinta
1229 4542 1413 4601 siclos
1443 4544 1700 4618 arqenti
1722 4563 1843 4620 per

339 4646 654 4721 simules,
687 4640 752 4702 id
783 4647 901 4717 est,
923 4639 1272 4721 unicuique
1304 4639 1549 4722 potenti
1579 4660 1652 4703 ac
1683 4640 1842 4702 divi-

343 4740 387 4802 ti
429 4740 718 4822 injunxit
758 4739 910 4801 dare
949 4738 1125 4800 omni
1165 4756 1332 4802 anuo
1368 4745 1606 4800 tantam
1651 4757 1842 4820 pecu-

343 4840 460 4903 niae
507 4856 855 4912 summam,
906 4836 972 4897 in
1021 4836 1377 4899 subsidium
1433 4835 1656 4899 tributi
1706 4837 1839 4917 regi

343 4940 744 5022 Assyriorum
785 4935 1097 4999 solvendi.
1133 4939 1566 5016 Reversusque
1603 4946 1695 4996 est
1724 4958 1842 4996 rem

347 5040 791 5116 Assyriorum,
825 5044 884 5095 et
923 5055 1052 5095 non
1091 5044 1180 5095 est
1219 5044 1504 5095 moratus
1535 5036 1609 5094 in
1642 5044 1836 5096 terra.

347 5138 622 5217 Reliqua
674 5143 898 5195 autem
942 5153 1308 5194 sermonum
1359 5136 1734 5203 Manalzem,
1784 5142 1842 5194 et

349 5236 656 5295 universa
675 5252 822 5313 quae
839 5232 1017 5308 fecit,
1037 5248 1252 5291 nonne
1269 5234 1402 5292 lzoec
1426 5233 1670 5309 scripta
1690 5241 1841 5293 sunt

351 5336 422 5393 in
451 5336 616 5394 libro
645 5334 1040 5393 Sermonum
1058 5330 1319 5390 dierum
1345 5349 1572 5407 reyum
1592 5332 1842 5391 Israel?

1955 4365 2148 4422 reyna
2159 4346 2377 4424 vitque
2396 4361 2519 4420 pro
2548 4364 2617 4403 eo
2647 4363 2819 4403 anno
2848 4345 3143 4407 vicesimo
3161 4351 3439 4412 Joatlian

1947 4445 2083 4522 filii
2116 4446 2307 4505 Oziae.
2338 4442 2627 4519 Joathan,
2662 4450 2733 4504 ut
2762 4443 2852 4506 ait
2882 4443 3225 4527 Scriptura,
3251 4450 3438 4530 quin-

1949 4541 2152 4605 decim
2185 4540 2370 4604 annis
2401 4540 2691 4621 regnavit
2726 4558 2739 4603 :
2775 4542 3048 4623 qualiter
3086 4563 3235 4626 ergo
3266 4566 3435 4612 anno

1949 4641 2128 4723 regni
2178 4640 2317 4721 ejus
2378 4639 2681 4703 vicesimo
2740 4641 3027 4721 regnavit
3074 4642 3280 4708 Osee?
3330 4647 3439 4711 Re-

1949 4740 2319 4821 spondetur,
2361 4738 2532 4819 quod
2572 4737 2937 4818 quindecim
2979 4741 3165 4803 annis
3215 4761 3437 4825 regna-

1948 4837 2061 4914 vit,
2082 4845 2259 4918 patre
2282 4855 2397 4899 suo
2417 4833 2740 4913 defunctO,
2761 4837 2871 4899 sed
2892 4845 3038 4900 ante
3058 4857 3171 4920 per
3190 4842 3436 4925 aliquot

1947 4954 2147 5000 annos
2198 4942 2587 5015 regnaverat,
2640 4933 2753 4997 illo
2800 4934 3057 4999 vivente
3102 4946 3294 5021 atque
3343 4941 3433 5005 le-

1949 5053 2160 5117 proso.
2190 5036 2472 5113 Reliqua
2514 5042 2731 5094 autem
2765 5053 3131 5098 sermonum
3160 5041 3433 5112 Pliacee,

1947 5144 2006 5195 et
2047 5135 2353 5194 universa
2392 5152 2535 5212 quae
2571 5134 2747 5209 fecit,
2782 5152 2994 5193 nonne
3032 5137 3165 5196 lzoec
3195 5140 3437 5217 scripta

1946 5242 2099 5293 sunt
2144 5233 2219 5291 in
2270 5233 2431 5291 libro
2476 5232 2863 5291 Sermonum
2906 5232 3163 5295 dierum
3205 5255 3430 5313 reyum

1949 5331 2199 5393 Israel?
