4309 6259
621 1754 673 1797 w
683 1755 778 1810 neq
778 1768 868 1805 11111

624 3444 756 3489 Dent.
768 3459 872 3497 xxiv,

611 3510 686 3561 1⁶3
703 3510 872 3555 Ezech.

606 3575 874 3624 nuath-lor.

606 3648 720 3686 xxxi,
733 3637 872 3688 2⁹3⁰.

895 460 976 525 58

898 654 1195 729 reynavit
1224 655 1294 714 in
1313 655 1693 716 Jerusalem.
1715 657 1964 717 Nomen
1995 656 2225 716 matris
2242 656 2383 733 ejus
2409 652 2461 714 A
2494 654 2623 717 ulla
2661 656 3070 722 miseratione
3107 657 3355 722 duobus
3404 668 3515 721 aut
3560 658 3763 722 tribus
3802 660 3982 723 testi-

894 754 1148 811 Joadan
1179 754 1257 811 de
1282 754 1662 814 Jerusalem.
1700 756 1783 815 Et
1812 755 1968 831 feeit
2007 766 2250 816 rectum
2284 775 2384 815 co-

896 869 1042 909 ram
1071 852 1370 924 Domino,
1405 869 1627 913 verum
1659 852 1854 914 Deum
1887 853 1966 915 ad
1997 860 2247 935 tempus
2280 871 2383 916 co-

897 946 1108 1010 lendo.
1148 951 1594 1011 Verumtamen
1645 971 1776 1013 non
1823 962 1896 1011 ut
1937 954 2157 1013 David
2192 964 2384 1030 pater

894 1047 1034 1122 ejus
1079 1048 1392 1111 mediatus
1436 1067 1450 1111 ε
1482 1050 1636 1131 quia
1674 1068 1801 1113 non
1847 1052 2279 1134 perseveravit
2316 1052 2381 1114 in

897 1144 1070 1207 cultu
1097 1147 1361 1223 Dei,nec
1396 1158 1520 1210 tam
1553 1148 1834 1230 perfecte
1863 1150 2129 1215 servivit
2158 1153 2283 1214 Deo
2314 1161 2384 1214 ut

896 1244 1115 1308 David.
1147 1250 1352 1308 Juoeta
1389 1251 1611 1308 omnia
1648 1270 1791 1328 quae
1825 1249 1980 1327 fecit
2015 1252 2165 1311 Joas
2195 1261 2385 1329 pater

897 1364 1054 1403 suus
1111 1345 1538 1424 immediatus,
1590 1350 1746 1425 feeit
1789 1369 1812 1407 .·
1859 1349 2167 1428 quoniam
2219 1350 2385 1412 sicut

892 1440 1036 1504 Joas
1077 1442 1187 1507 ille
1226 1445 1306 1507 ad
1344 1453 1594 1527 tempus
1632 1446 1753 1507 sub
1774 1445 1994 1510 Joiada
2025 1446 2148 1509 fuit
2176 1448 2385 1511 deico-

900 1540 980 1617 la,
1015 1550 1234 1622 postea
1263 1551 1474 1605 autem
1506 1544 1860 1621 idololatra,
1885 1544 1975 1607 ita
2003 1554 2068 1608 et
2097 1546 2251 1621 iste3
2286 1550 2383 1608 ni-

896 1642 958 1699 si
997 1644 1112 1701 hoe
1155 1651 1408 1704 tantum
1447 1647 1618 1722 quod
1656 1648 1902 1705 eoecelsa
1943 1666 2074 1705 non
2115 1648 2385 1708 abstulit

898 1747 1165 1821 uterque
1195 1758 1436 1817 eorum,
1454 1740 1608 1823 quia
1638 1760 1754 1805 nec
1780 1741 2078 1819 IoaS‚nec
2098 1744 2381 1807 Amasias

1441 484 1788 531 [malumno
1829 486 1892 531 m
1932 485 2070 531 GAP.
2116 485 2221 531 XIV
2262 486 2423 533 unm
2461 486 2685 541 Quan'n
2726 488 2951 535 REGUU.
2994 508 3077 519 —
3116 490 3260 536 altr.
3304 489 3432 536 xm

2492 753 2612 816 bus
2642 756 2935 818 moritur.

2576 857 2721 932 Ipse
2739 859 3057 933 percussit
3091 860 3319 927 Edem,
3340 857 3405 919 id
3434 866 3529 921 est
3560 858 3884 935 IdumaeOS,
3904 860 3981 919 in

2458 957 2663 1047 ‘valle
2692 957 3105 1027 Salinarum,
3138 956 3259 1019 hoc
3290 964 3387 1019 est
3424 956 3515 1019 sal
3556 956 3829 1019 habente
3866 976 3981 1019 seu

2494 1053 2906 1133 producente,
2941 1057 3155 1115 decem
3186 1058 3429 1125 millia,
3458 1065 3517 1116 et
3556 1060 3982 1133 apprehendit

2484 1155 2809 1229 proedam,
2842 1152 2905 1214 id
2946 1161 3044 1216 est
3080 1153 3285 1236 spolia
3314 1154 3691 1232 occisorum,
3723 1158 3793 1215 in
3814 1177 3981 1233 proe-

2494 1252 2580 1310 tio
2612 1249 2748 1312 illo.
2782 1250 2959 1313 Unde
2994 1252 3305 1334 Iosephus
3342 1252 3453 1329 ait,
3486 1253 3659 1334 quod
3701 1253 3977 1334 praedam

2492 1356 2557 1411 et
2605 1348 2897 1412 infinitas
2946 1350 3203 1413 divitias
3251 1351 3517 1414 abstulit
3562 1370 3638 1414 ex
3679 1351 3978 1432 gentibus

2494 1446 2656 1525 istis,
2690 1447 2987 1511 videlicet
3018 1449 3307 1512 ldumaeis
3337 1458 3401 1512 et
3429 1449 3814 1513 Amalecitis.
3850 1450 3979 1514 Ali-

2492 1546 2602 1628 qui
2651 1545 2801 1610 libri
2846 1547 3104 1625 habent,
3147 1548 3584 1630 Apprehendit
3626 1557 3869 1630 petram
3909 1550 3975 1612 in

2494 1644 2737 1726 praeli0‚
2770 1654 2835 1708 et
2878 1663 2990 1726 per
3029 1645 3273 1709 Petram
3311 1646 3572 1729 quidam
3613 1646 3979 1728 intelligunt

2492 1742 2715 1807 urbem
2748 1744 2840 1807 sic
2868 1744 3125 1807 dictam.
3159 1745 3333 1808 Unde
3365 1745 3654 1827 Magister
3684 1747 3749 1808 in
3780 1746 3978 1810 histo-

897 1836 1161 1900 abstulit
1189 1858 1284 1915 ea,
1303 1839 1492 1903 etiam
1525 1848 1678 1903 tunc
1706 1843 1962 1922 quando
1990 1843 2187 1905 Deum
2218 1843 2384 1907 colc-
2420 1845 2467 1909 B
2497 1842 2608 1904 riis
2638 1842 2861 1905 scribit
2894 1861 2907 1906 :
2942 1844 3378 1925 Apprehendit
3417 1844 3662 1907 Petram
3694 1844 3975 1908 nobilem

896 1936 1076 2000 b'ant.
1108 1938 1221 2001 Vel
1266 1939 1435 2020 quod
1478 1939 1732 2017 dicitur,
1766 1940 1896 2002 Nisi
1941 1941 2061 2005 hoc
2105 1950 2375 2022 tantum,

893 2043 1040 2113 etc.,
1095 2036 1388 2114 refertur,
1444 2057 1569 2101 non
1627 2039 1704 2100 ad
1765 2039 1960 2101 verba
2014 2040 2379 2105 immediate

891 2136 1261 2218 praehabita,
1315 2138 1424 2199 sed
1469 2138 1546 2199 ad
1591 2137 1772 2213 illud,
1815 2138 1892 2199 Et
1939 2138 2092 2203 fecit
2134 2149 2379 2204 rectum

890 2254 1100 2299 eoram
1151 2236 1422 2300 Domino
1477 2254 1490 2297 :
1545 2244 1616 2298 ut
1659 2236 1742 2298 sit
1791 2232 2036 2315 sensus,
2080 2240 2251 2319 quod
2300 2241 2376 2302 ad

887 2343 1140 2416 tempus
1167 2335 1338 2415 juste
1367 2354 1434 2398 se
1466 2335 1709 2413 habuit,
1743 2336 1864 2399 hoc
1893 2337 2173 2418 dempto,
2206 2339 2377 2419 quod

889 2433 1138 2497 excelsa
1177 2452 1304 2496 non
1345 2434 1676 2497 destruxit.
1709 2436 1946 2495 Adhuc
1971 2438 2148 2497 enim
2168 2456 2379 2515 popu-

891 2537 992 2593 lus
1041 2536 1440 2603 immolabat,
1479 2544 1537 2594 et
1586 2536 1877 2595 adolebat
1917 2537 2255 2596 incensum
2304 2539 2378 2597 in

889 2633 1172 2693 eoecelsis.

975 2734 1310 2811 Quumque
1338 2732 1714 2792 obtinuisset
1750 2750 2043 2808 reynum,
2061 2736 2379 2809 percussit

893 2849 1102 2891 servos
1140 2850 1308 2901 suos,
1353 2833 1472 2909 qui
1513 2831 1970 2909 interfecerant
2014 2851 2223 2908 reqem
2258 2852 2381 2911 pa-

899 2940 1058 2993 trem
1087 2950 1301 2991 suum.
1336 2932 1542 2992 Filios
1570 2940 1786 2991 autem
1824 2951 2048 2992 eorum
2079 2934 2196 3011 qui
2224 2934 2383 2993 occi-

2494 1940 2739 2004 Arabiae
2786 1941 3130 2004 civitatem.
3177 1943 3647 2007 Advertendum
3692 1963 3972 2026 quoque,

2492 2042 2662 2121 quod
2709 2040 2830 2103 ista
2870 2039 3139 2103 historia
3178 2040 3286 2104 hic
3328 2040 3607 2105 breviter
3656 2050 3839 2121 tacta,
3880 2062 3979 2107 se-

2490 2140 2701 2203 cundo
2732 2138 2896 2203 libro
2925 2139 3449 2222 Paralipomenon
3481 2140 3789 2204 diffusius
3821 2144 3978 2206 reci-

2491 2246 2659 2300 tatur
2691 2256 2705 2301 :
2744 2256 2871 2319 quo
2902 2238 3067 2301 inter
3097 2246 3306 2302 cetera
3346 2239 3597 2319 legitur,
3633 2241 3803 2321 quod
3834 2261 3978 2323 per-
4005 2255 4231 2297 near-m.

2486 2338 2687 2400 cussit
2730 2336 2903 2401 filios
2948 2337 3105 2415 Seir‚
3150 2338 3213 2399 id
3257 2346 3353 2401 est
3395 2340 3721 2416 ldumaeoS,
3755 2340 3975 2403 decem

2488 2435 2715 2513 millia,
2735 2445 2799 2499 et
2818 2436 2945 2499 alia
2963 2438 3181 2500 decem
3202 2436 3407 2499 millia
3426 2437 3616 2518 cepit,
3632 2446 3693 2500 et
3716 2438 3978 2500 adduxit

2488 2536 2565 2598 ad
2602 2534 3029 2617 praecipitium
3066 2536 3399 2617 cujusdam
3438 2545 3656 2619 petrae,
3688 2537 3979 2619 praecipi-

2488 2634 2777 2715 tavitque
2820 2653 2929 2697 cos
2963 2654 2977 2698 z
3018 2642 3081 2697 et
3124 2634 3213 2696 ita
3257 2654 3369 2716 per
3412 2643 3657 2715 petram
3704 2635 3977 2716 intelligi

2488 2741 2697 2816 potest
2740 2740 2920 2814 petra
2963 2732 3072 2796 illa
3115 2742 3456 2815 praerupta.
3488 2733 3665 2797 Unde
3704 2742 3769 2797 et
3805 2734 3976 2798 Jose-

2492 2833 2680 2914 phuS,
2729 2832 3054 2895 Deducens
3097 2831 3366 2913 (inquit)
3410 2850 3517 2895 eos
3560 2833 3641 2895 ad
3684 2850 3977 2914 magnam

2491 2939 2758 3014 petram,
2792 2950 2935 3013 quae
2967 2939 3063 2993 est
3092 2930 3164 2993 in
3189 2930 3441 3007 Arabia,
3474 2950 3552 2994 ex
3578 2951 3654 2994 ea
3691 2932 3985 3015 praecipi-

895 3032 1130 3091 derant
1171 3036 1414 3109 patrem
1458 3047 1669 3106 suum,
1711 3050 1842 3091 non
1883 3032 2140 3100 oceidit,
2174 3032 2381 3109 juxta
2415 3031 2459 3094 C
2494 3029 2672 3092 tavit.
2696 3032 2955 3091 Vocavit
2985 3050 3213 3091 nomen
3235 3032 3375 3107 ejus
3389 3032 3661 3092 Jectelael
3691 3050 3889 3111 usque
3908 3034 3983 3095 in

901 3129 1164 3189 verbum
1204 3130 1376 3207 quod
1412 3130 1722 3204 scriptum
1763 3138 1852 3189 est
1895 3130 1970 3189 in
2015 3131 2176 3189 libro
2229 3132 2385 3208 leqis
2485 3139 2864 3208 proesentem
2904 3130 3102 3191 diem.
3135 3128 3435 3205 Jectehel,
3468 3130 3819 3192 secundum
3870 3130 3985 3192 ali-

901 3227 1166 3303 Moysis,
1202 3224 1268 3287 in
1313 3226 1819 3304 Deuteronomio,
1855 3226 1984 3290 imo
2023 3235 2085 3291 et
2127 3228 2195 3290 in
2238 3229 2387 3292 Eze-

903 3324 1109 3387 chiele
1157 3334 1221 3388 et
1259 3324 1568 3400 Ieremia3
1610 3327 1776 3386 sieut
1815 3330 2124 3404 proeeepit
2166 3330 2387 3390 Domi·

902 3446 1049 3496 nus,
1089 3426 1308 3485 dicens
1351 3443 1376 3486 .·
1417 3426 1564 3488 Non
1617 3427 1974 3487 morientur
2013 3437 2233 3509 patres
2264 3447 2387 3505 pro

901 3526 1087 3601 filiis,
1121 3522 1186 3584 id
1215 3531 1330 3599 est,
1367 3531 1625 3604 propter
1654 3521 1940 3587 filiorum
1971 3532 2231 3605 peccata
2258 3544 2385 3588 non

903 3621 1273 3685 occidentur
1313 3629 1608 3703 parentes
1649 3640 1905 3697 eorum3
1950 3644 2064 3683 nee
2099 3626 2235 3699 filii
2264 3646 2388 3703 pro

894 3723 1220 3799 patribus,
1253 3720 1602 3802 praesertim
1635 3720 1701 3781 in
1742 3719 1882 3783 foro
1928 3721 2189 3783 humani
2221 3722 2389 3803 judi-

900 3819 1006 3883 cii.
1043 3818 1321 3893 Qualiter
1364 3825 1576 3882 autem
1626 3819 1972 3881 secundum
2023 3819 2386 3900 aequitatem

902 3918 1108 3983 divini
1139 3916 1364 3999 judicii
1395 3919 1780 4000 quandoque
1810 3918 1995 3981 aliter
2025 3918 2281 3995 accidat,
2301 3920 2389 3981 di-

899 4027 1069 4081 ctum
1102 4024 1200 4080 est
1227 4035 1416 4098 saepe.
1441 4016 1594 4079 Nam
1626 4026 1688 4079 et
1719 4016 1784 4078 in
1806 4016 2072 4079 Threnis
2104 4017 2388 4099 loquitur

2492 3246 2679 3309 quos»,
2704 3227 3180 3308 interpretatur,
3204 3226 3517 3290 auxilium
3548 3228 3680 3306 Dei,
3712 3228 3867 3310 quia
3894 3229 3985 3291 di-

2494 3326 2647 3391 vino
2678 3326 2966 3388 subsidio
3007 3326 3375 3407 recognovit
3415 3345 3483 3388 se
3520 3327 3929 3408 praevaluisse
3965 3348 3979 3393 :

2495 3414 2669 3507 quod
2708 3443 2821 3506 per
2859 3424 3035 3487 illam
3074 3424 3567 3507 appellationem
3598 3425 3801 3489 voluit
3828 3425 3986 3491 desi-

2494 3542 2690 3604 gnare
2721 3543 2795 3587 ac
2823 3522 3058 3605 jugiter
3090 3524 3282 3587 recoli
3312 3525 3391 3587 ad
3422 3524 3688 3606 gloriam
3713 3525 3834 3588 Dei.
3856 3526 3981 3588 Alii

2496 3623 2741 3700 dicunt,
2798 3622 2969 3703 quod
3028 3621 3502 3704 interpretetur,
3555 3625 3781 3687 acredo
3829 3624 3983 3685 den-

2495 3720 2997 3803 tium‚quoniam
3032 3719 3351 3785 interfecti
3385 3722 3643 3799 ibidem,
3670 3741 3799 3804 prae
3818 3741 3983 3785 mor-

2495 3820 2577 3882 tis
2628 3819 2803 3881 illius
2854 3819 3116 3881 horrore
3163 3827 3355 3900 atque
3412 3820 3631 3883 dolore
3679 3820 3981 3883 dentibus

2496 3918 2627 3981 suis
2660 3917 3034 3981 stridebant.

2604 4021 2781 4079 Tunc
2822 4018 3004 4077 misit
3045 4019 3349 4079 Amas-ias
3396 4017 3662 4079 nuntios
3708 4020 3797 4079 ad
3834 4021 3985 4079 Joas

614 4132 868 4185 Thr-ema.
898 4116 1200 4180 Ieremias
1253 4136 1268 4180 z
1315 4116 1526 4178 Patres
1575 4116 1775 4178 nostri
1824 4125 2269 4197 peccaverunt,
2324 4125 2389 4181 et
2499 4118 2719 4195 filium
2739 4117 3021 4178 Joachaz
3046 4116 3183 4192 filii
3209 4118 3373 4177 Jeltu
3403 4136 3614 4193 reyem
3642 4119 3868 4188 Israel,
3891 4119 3986 4177 di-

901 4234 1028 4278 non
1070 4222 1252 4288 sunt3
1299 4222 1362 4276 et
1405 4231 1520 4276 nos
1560 4213 1963 4294 iniquitatem
2002 4233 2221 4277 eorum
2254 4233 2390 4297 por·
2420 4214 2469 4275 D
2498 4237 2641 4277 cens
2671 4238 2694 4275 .·
2730 4218 2909 4284 Veni,
2956 4224 3016 4277 et
3065 4217 3400 4275 videamus
3442 4234 3575 4277 nos.
3625 4214 3985 4278 Secundum

607 4427 782 4535 5Ε.ἰόεἰ.
800 4442 870 4480 xx,

607 5223 746 5269 Heln.
759 5226 873 5275 ¹38.

901 4313 1198 4376 tavimus.
1223 4313 1292 4375 In
1318 4313 1530 4375 Exodo
1560 4330 1817 4393 quoque
1847 4312 2150 4375 Dominus
2182 4322 2391 4376 conte-

903 4421 1103 4475 statur
1157 4431 1170 4475 :
1225 4412 1354 4491 Ego
1403 4431 1544 4473 sum
1595 4411 1757 4473 Deus
1815 4410 2068 4489 zeloteS‚
2121 4412 2387 4475 visitans

903 4510 1304 4593 iniquitatem
1339 4517 1588 4591 patrum
1624 4510 1689 4572 in
1723 4508 1898 4573 filios
1937 4529 2140 4591 usque
2174 4511 2238 4572 in
2267 4520 2389 4573 ter-

898 4611 1053 4674 tiam
1083 4618 1148 4673 et
1174 4616 1466 4691 quartam
1504 4607 2000 4688 generationem.
2035 4611 2166 4671 Sed
2196 4631 2390 4671 unus-

897 4712 1166 4791 quisque
1205 4709 1276 4768 in
1311 4717 1567 4787 peceato
1611 4726 1725 4767 suo
1770 4708 2103 4770 morietur.
2150 4707 2389 4790 Nempe

898 4808 1010 4890 qui
1055 4815 1274 4890 peccat
1318 4806 1691 4882 mortaliter,
1727 4805 1818 4869 sic
1848 4809 2188 4888 peccando,
2224 4809 2391 4873 occi-

900 4907 993 4970 dit
1025 4905 1306 4987 seipsum
1340 4912 1544 4968 morte
1574 4904 1800 4988 culpae,
1836 4912 1898 4968 et
1927 4915 2205 4969 meretur
2232 4926 2392 4970 mor-

904 5013 1028 5069 tem
1069 5002 1500 5067 damnationis
1540 5011 1812 5081 aeternae,
1858 5023 1931 5067 ac
1969 5005 2146 5085 juxta
2187 5005 2389 5085 legem

905 5104 970 5166 in
1002 5103 1224 5165 multis
1254 5102 1507 5166 casibus
1537 5102 1898 5166 merebatur
1929 5102 2157 5179 occidi,
2177 5122 2394 5185 quem-

906 5202 1249 5264 admodum
1297 5202 1374 5263 ad
1419 5202 1711 5266 Hebraeos
1751 5202 1840 5263 ait
1871 5201 2211 5283 Apostolus
2254 5219 2268 5262 :
2311 5202 2395 5263 lr-
2464 5240 2467 5245 -

905 5300 1092 5363 ritam
1141 5299 1289 5381 quis
1339 5298 1578 5363 faciens
1625 5299 1829 5379 legem
1868 5299 2116 5383 Moysis,
2153 5299 2394 5381 absque

2496 4314 2863 4396 Josephum,
2882 4332 3073 4395 quem
3094 4311 3382 4393 Magister
3413 4312 3477 4375 in
3510 4312 3796 4375 historiis
3819 4332 3987 4377 com-

2498 4412 2777 4475 muniter
2798 4412 3106 4494 sequitur,
3132 4411 3417 4473 Amasias
3447 4412 3861 4493 scripsitloas
3893 4432 3985 4477 re-

2500 4510 2564 4591 gi
2595 4510 2809 4588 Israel,
2830 4517 2899 4571 ut
2929 4510 3068 4591 ipsc
3098 4529 3244 4572 cum
3276 4510 3516 4592 populo
3546 4509 3879 4574 obedirent
3905 4512 3986 4573 si-

2498 4611 2589 4687 bi,
2616 4610 2781 4673 sicut
2809 4618 3017 4691 patres
3048 4628 3265 4673 eorum
3299 4608 3677 4673 obedierunt
3696 4610 3985 4692 patribus

2500 4708 2633 4772 suis
2663 4708 2861 4772 David
2902 4727 2974 4771 ac
3006 4706 3349 4785 Salomoni,
3384 4708 3625 4789 alioqui
3664 4708 3835 4771 bello
3864 4718 3989 4773 ter-

2501 4808 2748 4871 minum
2790 4826 2981 4870 causa
3025 4806 3402 4889 perciperet.
3438 4806 3553 4870 Cui
3586 4807 3727 4870 Joas
3762 4808 3989 4871 rescri-

2501 4906 2629 4988 psit
2653 4924 2667 4969 :
2695 4905 2833 4969 Rex.
2850 4905 2993 4968 Joas
3015 4905 3147 4985 regi
3168 4904 3434 4968 Amasiae
3456 4922 3470 4966 :
3494 4905 3641 4967 Erat
3660 4904 3725 4968 in
3748 4905 3990 4969 Libano

2502 5012 2721 5066 monte
2752 5022 3107 5086 cypressuS,
3140 5004 3224 5066 ad
3256 5022 3447 5085 quam
3480 5002 3657 5068 misit
3689 5004 3985 5079 carduuS,

2503 5110 2625 5165 etc.
2660 5102 2788 5165 Hoc
2820 5110 2917 5165 est
2946 5102 3119 5183 quod
3153 5102 3218 5163 in
3250 5109 3423 5167 textu
3454 5102 3888 5183 subjungitur.

2594 5203 2991 5281 Remisitque
3024 5204 3176 5263 Joas
3212 5222 3329 5261 rea:
3364 5204 3573 5263 Israel
3609 5204 3700 5262 ad
3734 5204 3995 5263 Amasi-

2503 5321 2612 5361 am
2648 5320 2856 5378 reyem
2891 5302 3094 5369 Juda‚
3124 5301 3339 5361 dicens
3370 5320 3393 5360 .·
3426 5301 3723 5361 Carduus
3748 5300 3994 5363 Libani

4008 2321 4067 2367 ll,
4090 2320 4149 2360 12.
