4309 6259
706 514 1055 562 ENARRATIO
1098 516 1161 561 IN
1203 516 1341 562 cu.
1386 515 1539 562 XVIII
1579 516 1738 562 LIBRI
1778 516 1948 562 plum
1988 517 2518 565 PAnAupoussNoN.
2563 538 2644 547 —
2683 518 2826 564 ΛΒΤ.
2872 519 3028 566 xvm

3295 501 3412 564 159

334 681 458 744 sint
482 684 943 768 omnipotentis
972 686 1084 750 Dei
1108 687 1371 768 judicia,
1406 706 1533 751 non
1564 706 1817 770 sempor
1845 687 1896 749 A
1925 688 2239 766 militatis,
2273 690 2446 770 quod
2473 689 2667 753 David
2699 689 3009 773 propheta
3038 689 3310 753 eximius
3344 697 3408 753 et

332 779 411 841 ab
453 781 591 864 ipso
640 784 985 847 eonsilium
1034 786 1404 868 postulavit,
1457 787 1567 849 scd
1598 786 1818 864 ¹inter-

332 879 477 942 dum
526 900 563 944 a
610 882 865 947 vatibus
900 903 913 947 :
958 893 1021 946 et
1066 884 1189 948 hoc
1240 884 1361 948 fuit
1408 903 1653 965 magnae
1701 884 1819 946 hu-

1925 786 2432 868 sapientissimus
2477 787 2644 851 inter
2687 806 2857 866 suOS,
2901 807 2937 850 a
2975 787 3218 851 Nathan
3259 807 3410 851 con-

1924 886 2142 948 silium
2181 886 2387 968 petiit.

1367 1302 2017 1390 ARTICULUS
2093 1306 2392 1391 XVIII

758 1579 1070 1625 Exposlrlo
1114 1579 1389 1625 cAPrmu
1431 1578 1857 1624 ocrAvacml
1902 1579 1915 1623 :
1963 1578 2204 1625 FACTUu
2247 1581 2355 1626 EST
2397 1583 2601 1630 AUTssu
2643 1585 2792 1632 POST
2837 1589 2988 1634 HAEC.

442 1860 550 1924 ΟΝ
564 1861 1082 1936 SEQUENTER
1102 1859 1207 1923 hie
1228 1857 1679 1923 describuntur
1698 1876 1821 1920 ma·
1848 1857 1893 1918 B
1927 1842 2349 1922 omnia‘vasa
2397 1884 2620 1935 aurea,
2673 1875 2734 1927 et
2781 1879 3108 1945 arqentea,
3143 1880 3204 1932 et
3237 1893 3414 1934 cenea

460 1981 607 2042 gnae
638 1961 921 2028 victoriae
959 1979 1119 2042 quas
1162 1966 1541 2023 consecutus
1586 1965 1682 2020 est
1710 1959 1821 2020 Da-

324 2058 426 2122 vid
454 2061 681 2124 divina
710 2061 973 2123 virtute.
1008 2063 1280 2122 Factum
1318 2068 1409 2119 est
1437 2068 1653 2118 autem
1676 2066 1819 2135 post

324 2163 475 2229 kaee,
524 2170 602 2220 ut
642 2169 1003 2238 percuteret
1052 2160 1269 2220 David
1318 2159 1709 2228 Philistiim,
1760 2166 1819 2217 et

322 2261 705 2320 humiliaret
747 2279 871 2330 eos,
929 2268 989 2319 et
1036 2260 1279 2318 tolleret
1328 2259 1481 2318 Geth
1532 2266 1591 2317 et
1641 2259 1820 2334 filias

322 2357 457 2432 ejus
502 2361 587 2418 de
637 2378 844 2418 manu
888 2358 1286 2428 Philistiim,
1340 2364 1821 2434 percuteretque

326 2458 533 2527 Moab,
564 2466 631 2516 et
658 2461 889 2533 fierent
920 2456 1220 2516 Moabitae
1248 2455 1420 2516 servi
1452 2455 1696 2523 David,
1725 2455 1822 2532 of-

325 2557 598 2633 ferentes
628 2557 693 2614 ei
722 2575 1019 2616 munera.

398 2655 497 2714 Eo
529 2663 815 2730 tempore
842 2654 1156 2732 percussit
1178 2655 1397 2713 David
1424 2653 1622 2712 etiam
1651 2653 1823 2712 Ada—

324 2771 503 2812 rezer
528 2771 748 2828 reyem
789 2753 956 2812 Soba
992 2751 1276 2827 reqionis
1314 2753 1580 2819 Ematk,
1622 2769 1823 2828 quan-

323 2853 401 2910 do
430 2852 735 2928 perreoeit
772 2860 847 2910 ut
876 2851 1191 2911 dilataret
1220 2850 1574 2927 imperium
1604 2867 1821 2916 suum,

325 2969 521 3028 usque
568 2952 664 3010 ad
710 2951 959 3024 flumen
1014 2950 1413 3025 Euphraten.
1460 2948 1639 3024 Cepit
1676 2965 1823 3022 erqo

1927 1963 2317 2020 consecravit
2361 1965 2583 2023 David
2624 1985 2742 2024 rem
2784 1969 3086 2039 Domin0,
3128 1990 3277 2031 cum
3313 1994 3416 2033 ar-

1920 2067 2110 2133 qento
2146 2069 2208 2119 et
2254 2080 2416 2120 auro
2464 2065 2636 2141 quod
2686 2069 2922 2126 tulerat
2968 2088 3050 2126 ew
3093 2071 3452 2132 universis·

1920 2159 2242 2232 qentibuS,
2277 2168 2410 2220 tam
2437 2164 2516 2220 de
2544 2164 2838 2225 Idumaea
2869 2175 2928 2225 et
2947 2168 3139 2227 Moab
3163 2178 3224 2228 et
3249 2170 3416 2246 filiis

1928 2257 2234 2327 Ammon,
2253 2278 2452 2338 quam
2472 2263 2552 2319 de
2573 2261 2941 2324 Philistiim
2959 2273 3020 2324 et
3039 2267 3327 2328 Amalec,

1985 2356 2216 2416 Abisai
2235 2377 2378 2416 vero
2395 2360 2580 2434 filius
2598 2360 2764 2420 Sarv
2773 2362 2852 2422 2·ae
2862 2365 3182 2438 percussit
3199 2367 3412 2426 Edom

1932 2455 2004 2513 in
2026 2457 2194 2514 valle
2221 2457 2634 2528 Salinarum,
2664 2461 2878 2520 decem
2905 2471 2964 2520 et
2986 2470 3120 2521 octo
3150 2465 3366 2523 millia
3389 2487 3418 2534 ,·

1928 2561 1989 2612 et
2018 2555 2353 2614 const-ituit
2381 2556 2454 2616 in
2485 2557 2694 2616 Edom
2735 2561 3144 2636 praesidium,
3179 2570 3252 2621 ut
3287 2583 3418 2622 ser-

1933 2652 2097 2713 viret
2135 2654 2429 2714 Idumcea
2457 2656 2698 2715 David.
2733 2657 3159 2737 Salvavitque
3202 2663 3419 2722 Domi-

1930 2768 2055 2809 nus
2083 2752 2304 2810 David
2333 2753 2406 2812 in.
2435 2755 2682 2813 cunctis
2721 2756 2805 2814 ad
2833 2775 2977 2832 quoe
3011 2767 3414 2832 perrexerat.

2007 2851 2332 2925 Reynavit
2369 2870 2515 2928 erqo
2548 2853 2768 2912 David
2801 2873 2994 2930 super
3035 2857 3416 2918 universum

1931 2948 2160 3019 Israel,
2200 2957 2260 3007 et
2301 2949 2580 3025 faciebat
2606 2950 2950 3026 judicium
2998 2962 3188 3033 atque
3219 2955 3420 3032 justi-

320 3048 540 3108 David
560 3048 749 3108 mille
772 3048 1131 3127 quadriyas
1149 3047 1315 3124 ejus,
1336 3055 1397 3106 et
1424 3055 1659 3122 septem
1680 3047 1823 3106 mil·
1850 3043 1894 3107 C
1934 3045 2095 3106 tiam
2121 3055 2346 3107 cuncto
2368 3051 2610 3125 populo
2647 3069 2783 3110 suo,
2821 3051 3027 3112 Porro
3053 3054 3211 3113 Joab
3235 3055 3420 3130 filius

324 3148 413 3205 lia
458 3147 793 3226 equitum,
842 3165 919 3206 ac
967 3146 1209 3222 viyinti
1264 3145 1481 3205 millia
1529 3145 1820 3204 virorum

316 3247 643 3320 peditum.
665 3246 1227 3324 subnervavitque
1244 3263 1459 3305 omnes
1477 3262 1665 3322 equos
1686 3263 1823 3302 cur-

322 3363 529 3412 ruum,
564 3344 851 3419 exceptis
878 3351 1131 3402 centum
1161 3343 1527 3422 quadriqis,
1549 3361 1710 3419 quas
1733 3361 1821 3400 re-

322 3444 607 3501 servavit
646 3443 791 3502 sibi.
830 3443 1224 3519 Supervenit
1261 3449 1475 3501 autem
1513 3448 1573 3499 et
1610 3442 1822 3516 Syrus

325 3541 791 3609 Damascenus,
830 3547 905 3600 ut
940 3540 1279 3599 auxilium
1306 3541 1617 3616 praeberet
1647 3541 1824 3598 Ada-

323 3657 498 3698 rezer
545 3639 695 3714 reyi
739 3641 931 3699 Soba.
986 3641 1117 3700 Sed
1162 3648 1222 3697 et
1263 3637 1465 3714 liujus
1505 3637 1823 3715 percussit

324 3741 539 3799 David
568 3739 821 3815 viyinti
848 3739 977 3798 duo
1008 3739 1223 3798 millia
1256 3739 1572 3798 virorum.
1604 3739 1689 3798 Et
1710 3756 1823 3814 po-

322 3838 451 3897 suit
498 3838 750 3898 milites
798 3838 871 3896 in
921 3839 1257 3907 Damas-cc,
1305 3844 1377 3895 ut
1422 3836 1626 3912 Syria
1670 3855 1823 3914 quo-

323 3956 439 4013 que
464 3936 747 3996 serviret
782 3935 931 4006 sibi,
960 3944 1021 3995 et
1056 3939 1310 4012 offerret
1350 3953 1643 3994 munera.
1687 3936 1823 3995 Ad-

308 4033 621 4115 juvitque
649 4053 797 4094 eum
829 4035 1147 4094 Dominus
1180 4034 1255 4093 in
1286 4035 1529 4093 cunctis
1563 4035 1651 4093 ad
1678 4053 1821 4111 quce

316 4141 718 4207 perreoeerac.
755 4133 930 4192 Tulit
959 4151 1207 4210 quoque
1235 4132 1457 4192 David
1474 4133 1821 4209 pharetras

1930 3144 2186 3204 Sarviae
2213 3154 2354 3206 erat
2380 3165 2574 3222 super
2595 3149 2950 3210 eoeercitum
2967 3172 2996 3220 ,⁰
3022 3159 3081 3209 et
3108 3153 3418 3229 Josapkat

1928 3241 2111 3316 filius
2142 3243 2422 3313 Alzilud,
2452 3265 2491 3304 a
2526 3247 3026 3308 commentariis.
3053 3250 3264 3309 Sadoc
3304 3271 3421 3310 au-

1934 3346 2056 3398 tem
2100 3341 2286 3417 filius
2331 3343 2621 3414 Achitob,
2673 3352 2734 3402 et
2778 3344 3186 3407 Achimeleclz
3236 3350 3420 3424 filius

1931 3438 2280 3508 Abiathar,
2319 3443 2692 3510 sacerdote-3,
2720 3451 2782 3502 et
2809 3444 2980 3504 Susa
3021 3447 3254 3507 scriba.
3289 3451 3421 3508 Ba-

1930 3536 2121 3596 naias
2150 3557 2398 3616 quoque
2424 3539 2608 3615 filius
2633 3540 2884 3602 Joiadce
2919 3561 3114 3618 super
3146 3546 3420 3620 leyiones

1936 3635 2186 3694 Cerethi
2213 3644 2272 3695 et
2299 3637 2615 3697 Plzelethi.
2649 3640 2855 3698 Porro
2881 3641 3016 3717 filii
3035 3643 3255 3702 David
3280 3645 3420 3719 pri·

1932 3733 2026 3791 mi
2054 3736 2142 3794 ad
2171 3753 2444 3795 manum
2473 3737 2664 3812 reyis.

2011 3831 2286 3895 Historia
2327 3832 2519 3913 hujus
2556 3833 2818 3914 capituli
2862 3837 3140 3898 secundo
3173 3837 3415 3917 Regum
3445 3851 3708 3911 uacuam.

1932 3928 2097 3992 libro
2139 3930 2426 4012 exposita
2467 3939 2582 3992 est.
2615 3930 2818 3994 Pauca
2862 3939 3072 3995 tamen
3115 3934 3418 3998 dicuntur

1930 4028 2057 4106 hic,
2091 4037 2154 4092 et
2181 4028 2396 4109 aliqua
2424 4029 2813 4106 inseruntur,
2847 4049 2990 4111 quae
3020 4031 3225 4113 prima
3255 4031 3418 4096 facie

1930 4146 2059 4189 non
2089 4127 2389 4191 videntur
2418 4146 2768 4191 consonare
2796 4128 2982 4191 dictis
3015 4130 3417 4211 praeallegato

324 4251 581 4300 aureas,
636 4250 801 4309 quas
845 4231 1213 4290 habuerunt
1252 4231 1424 4288 servi
1466 4232 1821 4297 Adarezer,
1853 4235 1904 4296 D
1931 4225 2172 4307 Regum
2202 4225 2367 4289 libro
2400 4244 2415 4287 ε
2453 4225 2690 4289 idcirco
2719 4235 3080 4307 tangentur.

324 4338 379 4388 et
416 4331 654 4390 attulit
690 4349 797 4388 eas
832 4330 1191 4389 Jerusalem
1208 4351 1235 4398 ,·
1262 4345 1505 4386 necnon
1549 4329 1627 4387 de
1670 4329 1823 4387 The-

325 4427 467 4488 balla
496 4437 559 4489 et
596 4428 787 4488 Chun
817 4425 1079 4486 urbibus
1108 4427 1463 4495 Adarezer,
1496 4427 1647 4486 aeris
1666 4429 1821 4503 plu·

324 4528 601 4596 rimum,
634 4528 715 4586 de
746 4544 871 4605 quo
899 4525 1057 4601 fecit
1094 4525 1400 4584 Salomon
1438 4543 1619 4584 mare
1654 4544 1822 4584 cene·

325 4643 455 4696 um,
469 4635 533 4686 et
552 4626 915 4691 columnas,
934 4631 995 4682 et
1015 4643 1172 4682 vasa
1192 4641 1368 4682 cenea
1381 4669 1395 4683 .
1418 4623 1599 4690 Quod
1620 4642 1823 4701 quum

326 4723 611 4784 audisset
649 4724 827 4784 Thou
855 4741 974 4780 rea>
1010 4720 1269 4790 Emath,
1299 4721 1684 4798 percussisse
1722 4722 1821 4780 vi-

320 4822 541 4882 delieet
572 4821 801 4882 David
828 4837 1081 4880 omnem
1108 4818 1465 4878 eoeercitum
1487 4820 1821 4879 Adarezer

320 4921 481 4995 reyis
535 4921 735 4990 Soba,
786 4919 971 4979 misit
1014 4919 1307 4978 Adoram
1352 4917 1574 4994 filium
1616 4937 1809 4978 suum

320 5020 403 5076 ad
434 5037 651 5095 reyem
692 5017 938 5086 David,
973 5025 1047 5075 ut
1080 5017 1442 5093 postularet
1482 5017 1563 5074 ab
1599 5034 1669 5074 eo
1697 5034 1819 5091 pa—

322 5133 475 5186 cem,
512 5127 577 5176 et
618 5117 1190 5192 conqratularetur
1224 5113 1308 5184 ei,
1352 5133 1422 5172 eo
1464 5115 1635 5192 quod
1670 5133 1820 5190 per-

324 5217 611 5274 cussisset
637 5223 699 5275 et
738 5221 1167 5291 eoepuynasset
1196 5213 1551 5274 Adarezer.
1578 5214 1819 5272 Adver-

324 5314 536 5374 sarius
563 5314 807 5392 quippe
832 5319 975 5371 erat
1012 5312 1187 5371 Thou
1217 5312 1569 5371 Adarezer.
1600 5312 1733 5371 Sed
1758 5320 1819 5370 et

2010 4329 2286 4386 Factum
2313 4335 2404 4386 est
2431 4335 2576 4402 post
2605 4328 2761 4396 liceo,
2792 4336 2866 4387 ut
2897 4337 3259 4404 percuteret
3288 4333 3419 4392 Da·-

1932 4425 2047 4483 vid
2065 4425 2601 4495 philistiim,etc.
2631 4425 2755 4487 Hoc
2783 4424 2976 4487 etiam
3009 4428 3288 4491 secundo
3308 4428 3421 4492 Re-

1931 4537 2080 4600 gum
2111 4521 2277 4584 libro
2307 4521 2577 4584 habetur
2611 4539 2624 4583 τ
2660 4521 2896 4603 quibus
2929 4524 3142 4588 verbis
3173 4525 3281 4589 hic
3309 4528 3422 4589 ad-

1932 4619 2125 4697 ditur,
2149 4630 2210 4682 et
2232 4625 2474 4682 tolleret
2497 4624 2681 4692 Geth,
2704 4621 2767 4684 id
2789 4630 2885 4685 est
2914 4642 3108 4686 unam
3129 4625 3420 4707 quinque

1932 4717 2386 4801 principalium
2429 4718 2684 4782 urbium
2713 4719 3220 4800 philistinorum,
3252 4734 3313 4785 et
3344 4729 3421 4803 fi-

1931 4818 2055 4878 lias
2082 4818 2250 4895 ejus,
2279 4817 2343 4880 id
2372 4827 2471 4881 est
2502 4817 2640 4881 loca
2670 4827 2732 4881 et
2759 4819 3022 4901 villagia
3050 4820 3110 4883 oi
3140 4838 3414 4886 annexa.

1932 4917 2110 4994 Cepit
2140 4918 2359 4978 David
2389 4919 2570 4979 mille
2601 4921 2960 4997 quadriyas
2993 4920 3156 4996 ejus,
3189 4920 3420 4983 videli-

1928 5021 2029 5077 eet
2056 5013 2360 5078 Adarezer
2396 5014 2585 5096 regis,
2627 5026 2686 5076 et
2713 5025 2948 5093 septem
2986 5019 3202 5078 millia
3235 5021 3420 5098 equi-

1931 5123 2094 5183 tum,
2120 5133 2200 5172 ac
2237 5115 2478 5190 viqinti
2505 5116 2719 5175 millia
2769 5116 3062 5175 virorum
3082 5117 3414 5192 peditum.

1928 5210 2040 5273 llio
2058 5209 2303 5291 aliquid
2325 5210 2673 5293 suppletur,
2686 5212 2856 5292 quod
2878 5213 3156 5275 secundo
3175 5213 3416 5293 Regum

1928 5307 2094 5371 libro
2131 5316 2396 5372 tacetur.
2429 5308 2584 5371 Nam
2627 5308 2720 5371 ibi
2759 5309 2851 5372 sie
2883 5310 3114 5390 legitur
3147 5328 3162 5372 :
3196 5310 3415 5394 Captis
3471 5334 3654 5382 maa.
