4309 6259
587 896 698 953 Sap.
715 911 757 949 ιι,
773 900 814 941 5.

846 487 965 557 498

1662 502 2008 556 ENARRATIO
2049 500 2112 554 'IN
2155 502 2291 555 CAP.
2339 504 2450 553 xln
2490 504 2613 553 1013.
2659 525 2741 536 --·
2779 504 2923 554 ΛΒΤ.
2968 504 3121 555 XXXI

846 682 960 743 tati
990 681 1219 743 similis
1253 680 1457 743 factus
1488 687 1621 754 est;
1662 680 1801 743 dics
1831 680 1970 760 ejus
2001 678 2167 741 sicut
2198 696 2334 739 um-
2361 677 2410 738 A
2441 695 2609 739 nunc
2658 676 2867 752 timor,
2901 696 3072 740 nunc
3120 676 3465 753 securitas;
3507 694 3679 741 nunc
3718 676 3931 750 dolor,

847 778 962 841 bra
1009 786 1415 861 praetereunt.
1447 778 1622 840 Unde
1666 778 1728 839 in
1771 776 2110 858 Sapientiae
2135 776 2327 851 libro,

845 878 1036 941 etiam
1075 878 1260 960 impii
1297 878 1418 939 hoc
1457 885 1768 939 testantur
1801 894 1815 938 :
1848 876 2097 938 Umbrae
2129 883 2333 937 trans-

843 978 970 1038 itus
999 985 1096 1039 est
1123 984 1373 1058 tempus
1407 985 1717 1038 nostrum.

909 1078 996 1136 Et
1015 1096 1356 1154 nunquam
1379 1076 1448 1134 in
1471 1078 1684 1135 eodem
1702 1083 1875 1133 statu
1887 1082 2245 1152 permanet,
2269 1071 2332 1132 id

842 1180 958 1248 est,
1002 1172 1067 1234 in
1113 1191 1242 1233 una
1279 1170 1698 1253 dispositione
1739 1170 1906 1231 fixus
1949 1188 2077 1233 non
2118 1174 2333 1230 manet

842 1289 954 1352 per
985 1278 1236 1351 tempus
1268 1268 1570 1346 notabile,
1605 1276 1668 1331 et
1709 1267 1871 1331 forte
1906 1287 2022 1330 nec
2053 1286 2167 1349 per
2198 1284 2331 1327 mo-

840 1377 1127 1431 mentum
1158 1367 1520 1431 omnifarie.
1555 1368 1728 1429 Licet
1768 1367 1938 1429 enim
1979 1366 2329 1428 secundum

839 1475 1118 1529 mentem
1144 1467 1220 1528 ad
1257 1474 1505 1547 tempus
1538 1465 1853 1528 stabiliter
1873 1466 1997 1527 Deo
2024 1464 2331 1526 inhaereat

839 1573 902 1629 et
942 1565 1230 1627 intendat
1270 1583 1384 1646 per
1421 1563 2026 1645 contemplationem
2073 1562 2331 1625 interio—

839 1682 1070 1745 resque
1115 1671 1294 1726 actus
1343 1662 1651 1726 virtutum
1711 1661 2207 1741 theologicarum
2258 1680 2331 1723 ac

839 1762 1149 1823 donorum
1181 1770 1246 1822 et
1277 1760 1477 1823 latriae
1503 1779 1614 1823 seu
1644 1759 2070 1842 poenitentiae3
2106 1759 2171 1820 in
2204 1778 2333 1821 cor·

2441 794 2611 838 nunc
2660 775 2973 857 sospitas3
3024 776 3154 856 J'am
3202 774 3477 852 devotio,
3526 774 3655 856 jam
3702 774 3937 837 distra-

2441 873 2607 947 etio;
2664 892 2834 936 nunc
2881 874 3113 937 mentis
3164 873 3439 948 ubertaS,
3497 892 3665 935 nunc
3720 874 3934 936 cordis

2442 972 2763 1034 sterilitas,
2798 973 2888 1034 Ex
2918 971 3153 1053 quibus
3184 971 3483 1035 omnibus
3522 980 3712 1054 patet,
3747 971 3933 1054 quasi

2441 1070 2750 1133 immensa
2772 1070 3172 1153 imperfectio
3194 1078 3411 1133 nostra
3426 1080 3611 1152 atque
3629 1070 3935 1133 distantia

2440 1187 2477 1230 a
2520 1168 2747 1249 primo,
2782 1187 3051 1246 summo,
3094 1168 3379 1251 perfecto
3418 1177 3481 1232 et
3520 1169 3937 1231 incommuta-

2442 1265 2557 1327 bili
2596 1274 2742 1329 ente
2794 1284 2808 1328 :

2441 1384 2557 1428 nec
2586 1364 3049 1428 vicissitudinis
3080 1363 3507 1428 obumbratio.

2518 1463 2754 1544 Itaque,
2790 1463 3189 1526 considerata
3216 1462 3324 1525 Dei
3357 1463 3694 1525 altitudine
3724 1472 3786 1527 et
3814 1464 3934 1525 ho-

2440 1561 2633 1623 minis
2661 1561 2931 1639 vilitate,
2956 1571 3211 1625 sanctus
3229 1561 3345 1623 Job
3374 1562 3638 1624 miratur
3668 1561 3933 1642 diligen·

2444 1660 2595 1721 tiam
2626 1659 3043 1741 providentiae
3078 1659 3187 1723 Dei
3224 1660 3304 1722 ad
3346 1659 3691 1735 hominem,
3731 1661 3932 1741 quod-

2444 1778 2568 1839 que
2598 1757 2961 1820 Altissimus
2996 1767 3235 1821 tantam
3279 1760 3357 1821 de
3393 1777 3459 1820 re
3493 1757 3705 1839 fragili
3740 1758 3931 1821 habet

840 1878 994 1942 pore
1016 1869 1228 1922 tamen
1259 1860 1564 1923 continua
1587 1858 1902 1935 alteratio,
1921 1858 2189 1922 variatio
2219 1877 2329 1919 seu
2368 1863 2415 1925 B
2443 1876 2682 1919 curam.
2718 1857 2861 1919 ldeo
2892 1856 3111 1919 subdit
3145 1875 3158 1917 :
3196 1860 3276 1919 Ec
3306 1860 3581 1933 diynum
3614 1860 3799 1919 ducis
3824 1878 3933 1918 su-

840 1958 1037 2021 motio
1069 1977 1208 2021 esse
1239 1956 1666 2039 cognoscitur.
1701 1956 1822 2019 Sed
1859 1965 1923 2019 et
1961 1975 2140 2019 mens
2174 1957 2326 2018 dum
2434 1976 2554 2033 per
2582 1958 3028 2032 hujuscemodi
3072 1964 3423 2020 creaturam
3459 1964 3587 2018 tam
3630 1954 3931 2038 imperfe-

839 2056 932 2117 sic
964 2057 1089 2119 Deo
1121 2056 1251 2119 fixe
1281 2065 1343 2119 et
1371 2075 1661 2119 amorose
1693 2056 1934 2118 intenta
1965 2063 2082 2132 est,
2109 2055 2175 2116 in
2208 2055 2330 2136 pri-

839 2153 1008 2216 stino
1039 2162 1205 2215 statu
1237 2172 1366 2216 non
1400 2161 1632 2231 manet,
1668 2154 1778 2215 sed
1817 2154 2045 2216 crescit
2085 2161 2148 2215 et
2186 2170 2331 2233 pro-

839 2249 982 2313 ficit
1016 2268 1029 2312 :
1065 2258 1128 2313 et
1159 2251 1225 2313 in
1259 2259 1401 2313 actu
1444 2249 1816 2331 hujusmodi
1855 2250 1964 2312 diu
2009 2268 2136 2313 non
2186 2238 2329 2329 figi-

839 2356 960 2425 tur,
995 2350 1102 2411 sed
1136 2351 1213 2411 ad
1247 2348 1570 2431 propriam
1611 2347 2163 2411 defectuositatem
2202 2348 2327 2412 cito

837 2446 1166 2509 relabitur.
1219 2447 1552 2528 Quumque
1599 2446 1878 2508 debitam
1927 2445 2326 2525 diligentiam

836 2565 964 2607 non
995 2545 1360 2609 adhibuerit
1387 2546 1464 2607 ad
1497 2545 1826 2609 vitandum
1850 2545 1959 2607 Dei
1981 2543 2322 2622 offensam,

836 2644 914 2705 ad
959 2644 1408 2726 complendum
1449 2644 1590 2723 ejus
1629 2643 2043 2720 voluntatem,
2077 2644 2154 2705 ad
2185 2662 2329 2726 pro-

839 2742 1077 2805 fectum
1119 2742 1450 2819 virtutum,
1488 2760 1632 2804 mox
1664 2761 1700 2804 a
1730 2742 2000 2823 pristino
2031 2750 2199 2804 statu
2231 2761 2328 2805 ca-

838 2842 1018 2917 denS,
1052 2839 1382 2902 decrescit.
1425 2840 1568 2904 Ideo
1616 2839 1773 2902 dicit
1819 2841 2175 2903 Bernardus
2210 2858 2225 2903 ε
2260 2841 2324 2903 ln

839 2939 940 3001 via
984 2938 1094 3001 Dei
1146 2956 1274 3000 non
1324 2936 1659 3020 proficere,
1697 2948 1792 3000 est
1840 2938 2157 3012 deficere3
2200 2958 2326 3002 non

2442 2063 2607 2116 ctam
2628 2057 2887 2131 aperire
2914 2058 3123 2114 oculos
3146 2065 3306 2126 cuo-3,
3340 2054 3405 2116 id
3424 2063 3519 2117 est
3537 2074 3753 2117 curam
3787 2055 3929 2135 ejus

2442 2153 2697 2230 habere,
2733 2153 2792 2216 ei
2823 2154 2903 2216 de
2936 2154 3311 2216 necessariis
3341 2153 3693 2235 providere,
3712 2154 3931 2216 omnia

2441 2252 2579 2333 ejus
2618 2252 3039 2328 considerare,
3072 2252 3275 2332 legem
3318 2272 3389 2314 ac
3428 2262 3742 2335 praecepta
3778 2270 3931 2333 prae-

2440 2351 2611 2427 bere,
2635 2351 2903 2432 ejusque
2929 2350 3164 2430 jugiter
3187 2370 3531 2414 memorem
3562 2354 3735 2413 esse?
3752 2352 3927 2432 juxta

2442 2449 2502 2511 id
2536 2448 2764 2511 Psalmi
2799 2466 2812 2512 :
2848 2449 2932 2511 De
2958 2449 3121 2512 coelo
3152 2450 3429 2532 respexit
3458 2450 3799 2524 Dominus3
3833 2450 3929 2513 vi-

2439 2546 2535 2607 dit
2570 2564 2791 2608 omnes
2832 2544 3005 2608 filios
3046 2546 3402 2608 hominum.
3445 2547 3530 2608 De
3576 2556 3927 2628 praeparato

2441 2643 2806 2707 habitaculo
2848 2663 2962 2707 suo
3007 2644 3283 2725 respexit
3321 2662 3512 2726 super
3558 2662 3775 2707 omnes
3813 2642 3926 2725 qui

2442 2741 2730 2804 habitant
2771 2751 3023 2805 terram.
3070 2742 3357 2823 Denique
3403 2743 3468 2803 in
3509 2742 3630 2805 isto
3664 2751 3930 2825 apparet

2442 2842 2751 2903 immensa
2785 2840 3069 2921 dignatio
3098 2840 3229 2918 Dei,
3264 2841 3439 2905 velut
3476 2842 3528 2903 si
3568 2841 3931 2923 potentissi-

2440 2958 2583 3000 mus
2616 2958 2745 3015 rex,
2780 2938 3042 3000 infimos
3077 2937 3477 3002 subditorum
3513 2958 3769 3003 suorum
3800 2949 3929 3002 tam

842 3036 1159 3119 progredi,
1213 3045 1309 3098 est
1355 3036 1602 3116 regredi
1636 3060 1650 3111 3
1705 3056 1830 3099 non
1879 3057 2184 3114 crescere,
2235 3046 2332 3100 est
2367 3040 2410 3102 C
2441 3037 2707 3119 provide
2737 3045 2916 3100 curet
2952 3056 3027 3099 ac
3067 3036 3319 3117 dirigat.
3353 3036 3486 3111 Quo
3520 3038 3689 3099 enim
3727 3038 3933 3118 maj0r

842 3136 1228 3198 decrescere.
1263 3134 1439 3197 Unde
1470 3135 1871 3198 verissimum
1905 3144 2001 3199 est
2031 3135 2188 3197 illud
2223 3135 2331 3199 Ec-

842 3232 1183 3296 clesiastici
1219 3250 1232 3293 :
1269 3232 1331 3295 Si
1378 3251 1504 3295 non
1556 3233 1620 3294 in
1672 3233 1896 3296 timore
1946 3234 2196 3296 Domini
2244 3244 2333 3297 te-

843 3332 1058 3394 nueris
1092 3340 1151 3393 te
1183 3331 1507 3407 instanter,
1527 3332 1653 3394 cito
1677 3332 2080 3396 subvertetur
2103 3334 2331 3395 domus

843 3438 971 3505 tua,
1007 3429 1071 3491 id
1101 3437 1218 3505 est,
1253 3429 1645 3492 conscientia
1674 3438 1780 3491 tua
1813 3430 2096 3507 laedetur,
2131 3450 2333 3493 mens-

842 3547 968 3609 que
1008 3536 1114 3589 tua
1153 3548 1188 3589 a
1226 3546 1475 3589 summo
1519 3528 1701 3589 cadet
1741 3528 1821 3589 ad
1863 3527 2113 3590 infima.
2145 3530 2325 3606 Hinc,

841 3627 1020 3708 juxta
1064 3625 1384 3689 Michaeam
1438 3626 1835 3708 prophetam,
1889 3636 2138 3710 oportet
2184 3649 2330 3692 cum

842 3728 968 3787 Deo
1016 3724 1362 3790 sollicitum
1413 3723 1780 3799 ambulare3
1826 3734 1890 3787 et
1935 3726 2111 3806 juxta
2164 3727 2332 3790 Salo-

841 3841 1118 3899 monem,
1153 3822 1329 3885 omui
1361 3821 1650 3885 custodia
1679 3840 1788 3885 cor
1816 3823 2157 3886 custodire.
2177 3824 2333 3898 Quo-

843 3922 1011 3983 circa
1061 3920 1398 4001 Gregorius
1447 3920 1712 4001 pulchre
1763 3920 1984 3983 scribit
2019 3940 2033 3982 :
2068 3923 2197 3985 Hoc
2239 3924 2333 4006 ip-

843 4039 1007 4096 sum,
1043 4018 1364 4100 inquienS,
1400 4026 1689 4080 nostrum
1720 4018 1954 4096 vivere,
1981 4021 2268 4101 quotidie
2294 4042 2331 4083 a

843 4117 976 4179 vita
1001 4116 1272 4179 transire
1303 4124 1419 4178 est.
1455 4116 1608 4178 Nam
1639 4125 1972 4198 postquam
2005 4118 2197 4183 homo
2235 4122 2333 4185 de-

2442 3144 2539 3197 est
2568 3136 2675 3197 Dei
2705 3135 3016 3198 celsitudo
3058 3144 3121 3197 et
3150 3135 3450 3214 dignitaS,
3484 3144 3549 3198 et
3585 3136 3784 3217 maJor
3813 3137 3935 3197 im-

2442 3233 2751 3315 perfectio
2782 3241 3018 3309 nostra,
3044 3251 3118 3295 eo
3156 3234 3359 3314 major
3397 3234 3460 3295 in
3494 3234 3631 3295 istis
3660 3234 3931 3297 ostendi-

2444 3341 2544 3393 tur
2582 3332 2690 3394 Dei
2730 3332 3037 3412 dignatio.
3072 3335 3159 3393 Ec
3188 3335 3507 3393 adducere
3546 3354 3689 3393 eum
3728 3343 3931 3393 tecum

2444 3433 2513 3490 in
2536 3432 2901 3507 judiciam,
2937 3428 2999 3491 id
3050 3437 3147 3491 est
3194 3448 3339 3492 eum
3388 3431 3466 3491 ad
3517 3430 3931 3511 judicandum

2446 3527 2561 3590 tibi
2601 3528 2928 3604 adsistere,
2964 3536 3028 3589 et
3069 3529 3149 3589 de
3188 3528 3503 3591 universis
3535 3528 3815 3609 judicare
3856 3548 3932 3592 ac

2443 3627 2813 3709 praemiareZ
2843 3627 2972 3689 Hoc
3012 3626 3237 3707 utique
3276 3627 3468 3707 exigit
3506 3628 3814 3709 sapientia
3842 3636 3935 3689 at-

2444 3744 2567 3806 que
2596 3724 2841 3806 justitia
2876 3724 3005 3786 Dei.
3032 3724 3164 3787 Non
3196 3724 3368 3786 enim
3402 3724 3636 3787 frustra
3664 3726 3936 3789 contulit

2443 3823 2686 3886 homini
2737 3823 3070 3901 rationem,
3115 3822 3227 3884 sed
3261 3822 3344 3885 ob
3380 3822 3665 3885 debitum
3704 3822 3927 3901 finem,

2443 3931 2513 3983 ut
2540 3922 2785 3985 scilicet
2814 3942 2889 3985 ea
2917 3930 3152 3997 utatur,
3186 3930 3249 3984 et
3280 3922 3406 3985 Deo
3448 3920 3724 3985 fideliter
3752 3922 3935 3987 obse-

2443 4029 2696 4102 quatur.
2731 4021 2907 4083 Unde
2945 4020 3056 4101 qui
3096 4020 3185 4081 ita
3226 4038 3293 4082 se
3330 4020 3543 4098 habet,
3586 4020 3835 4084 laudem
3868 4031 3933 4085 et

2440 4119 2707 4199 gloriam
2758 4127 3195 4202 promeretur3
3238 4118 3348 4199 qui
3392 4118 3599 4195 aliter,
3650 4138 3927 4202 poenam.

2860 1266 2925 1328 in
2962 1285 3091 1347 quo
3136 1286 3260 1330 non
3315 1276 3413 1330 est
3458 1267 3926 1343 transmutatio,
3955 1288 4247 1334 sacoma

3960 2548 4039 2593 1³,
4070 2514 4149 2588 ¹⁹4.

844 4215 1056 4296 liquit,
1077 4215 1142 4275 in
1166 4214 1440 4295 quodam
1473 4234 1540 4275 se
1573 4215 2055 4295 temporalitatis
2085 4217 2332 4282 lubrico
2362 4219 2411 4280 D
2440 4219 2775 4300 Propterea
2824 4218 2889 4279 in
2942 4216 3318 4280 Ecclesiaste
3359 4218 3597 4280 dicitur
3630 4236 3643 4280 :
3690 4219 3931 4282 Cuncta
3984 4249 4269 4296 Eccum„

842 4314 1057 4396 posuit
1091 4332 1105 4375 z
1139 4332 1330 4395 quam
1371 4312 1788 4375 mobilitatem
1831 4314 2020 4376 etiam
2063 4316 2331 4380 interius
2440 4336 2583 4399 quae
2627 4315 2817 4392 fiunt,
2846 4316 3117 4378 adducet
3146 4316 3307 4378 Deus
3352 4316 3418 4377 in
3454 4317 3767 4398 judicium
3812 4336 3929 4399 pro
3960 4314 4037 4353 ¹⁴·

841 4412 1100 4493 patitur,
1136 4412 1290 4473 dum
1322 4411 1400 4473 ad
1431 4429 1624 4493 opera
1655 4430 1914 4491 surgere
1942 4413 2209 4477 meliora
2238 4434 2333 4478 co-

841 4518 1050 4571 natur.
1074 4510 1244 4572 Mens
1275 4509 1512 4572 etenim
1543 4509 1990 4571 mutabilitatis
2021 4531 2150 4575 suae
2181 4532 2332 4594 pon-

840 4608 990 4670 dere
1019 4608 1096 4669 ad
1126 4607 1253 4670 alia
1283 4626 1535 4689 semper
1565 4606 1960 4689 impellitur3
2002 4617 2065 4671 et
2106 4610 2230 4675 nisi
2264 4612 2329 4673 in
2437 4613 2633 4693 judex
2674 4620 2735 4674 et
2778 4612 2979 4674 testis.
3012 4609 3217 4692 Atque
3256 4611 3322 4673 in
3352 4612 3601 4675 Psalmo
3631 4631 3647 4676 ε
3679 4613 3929 4676 Judica-
3953 4609 4038 4713 {³⁸-
4062 4686 4187 4716 :cm
4220 4678 4247 4715 9

840 4714 1008 4769 statu
1041 4724 1156 4769 suo
1185 4714 1358 4769 arcta
1398 4705 1740 4788 disciplina
1779 4708 2083 4771 eustodiae
2120 4718 2333 4772 tenea-

838 4813 963 4883 tur,
1000 4824 1253 4888 semper
1282 4805 1361 4867 ad
1385 4804 1700 4867 deteriora
1730 4804 2056 4868 dilabitur.

920 4904 1224 4984 Denique,
1267 4901 1648 4965 affectiones
1696 4902 2052 4965 animarum
2097 4915 2333 4968 nostra-

839 5020 981 5063 rum
1012 5010 1160 5063 sunt
1191 4999 1376 5063 valde
1403 4998 1764 5061 mutabiles,
1796 5000 1930 5061 Jam
1963 5003 2132 5064 enim
2164 5004 2334 5066 laeta-

838 5119 998 5176 mur,
1030 5100 1161 5180 jam
1202 5098 1652 5161 contristamur
1678 5116 1694 5176 ;
1724 5100 1854 5179 jam
1899 5099 1988 5160 ira
2031 5120 2146 5163 nos
2194 5103 2334 5184 pul-

839 5205 956 5273 sat,
987 5198 1119 5278 jam
1153 5196 1394 5258 mititas
1425 5194 1660 5271 afficit3
1703 5198 1834 5278 jam
1869 5199 2333 5279 tranquillitate

842 5294 1192 5375 fungimur,
1253 5296 1384 5375 Jam
1445 5294 1892 5375 inquietudine
1944 5296 2260 5376 agitamur
2314 5316 2327 5359 ε

2440 4416 2616 4478 omni
2646 4424 2873 4491 errato,
2909 4415 3045 4477 sive
3084 4415 3323 4478 bonum
3352 4414 3456 4492 sit,
3491 4415 3625 4480 sive
3661 4416 3923 4479 malum.

2439 4514 2553 4575 Per
2597 4513 2931 4576 Jeremiam
2977 4532 3234 4594 quoque
3268 4530 3281 4575 ζ
3317 4512 3446 4592 Ego
3495 4533 3657 4592 sum,
3692 4514 3922 4595 inquit,

2441 4711 2534 4773 bit
2591 4709 2809 4773 orbem
2860 4717 3041 4771 terrae
3098 4709 3163 4772 in
3212 4710 3557 4791 aequitate3
3616 4712 3931 4793 judicabit

2440 4810 2710 4891 populos
2740 4808 2807 4869 in
2833 4807 3103 4888 justitia.

2520 4907 2757 4969 Deinde
2798 4905 3076 4969 ostendit
3114 4925 3242 4987 qua
3282 4906 3521 4970 virtute
3566 4908 3757 4971 homo
3807 4910 3931 4972 sal-

2440 5013 2624 5069 vetur
2680 5006 2745 5067 in
2796 5005 2905 5067 Dei
2951 5004 3217 5085 judicio.
3274 5008 3430 5075 Quis
3468 5018 3673 5084 potest
3714 5010 3933 5084 facere

2446 5106 2761 5163 mundum
2787 5107 2867 5163 de
2900 5105 3235 5163 immundo
3265 5114 3633 5181 conceptum
3652 5108 3937 5168 semine?

2442 5202 2505 5263 id
2536 5210 2651 5276 est,
2686 5201 2831 5282 quis
2872 5209 3079 5281 potest
3123 5201 3444 5265 hominem
3486 5222 3561 5265 ex
3602 5203 3937 5268 immundo

2442 5297 2811 5379 infectoque
2830 5298 3073 5361 semine
3096 5299 3293 5380 patris
3317 5309 3717 5383 conceptum,
3732 5321 3771 5365 a
3792 5322 3941 5384 pec-

3994 4545 4107 4589 Jer.
4128 4562 4263 4597 1111.
