4309 6259
1355 505 1700 552 mammo
1741 507 1803 553 m
1845 506 1982 553 m.
2019 508 2079 552 v1
2118 506 2245 554 soa.
2291 527 2371 539 —
2410 506 2553 555 Am.
2600 509 2727 555 xvu
3460 488 3579 553 395

463 672 667 735 vobis
711 674 1096 739 subsidium.
1133 678 1481 758 Numquid
1511 680 1663 738 dimi
1692 698 1714 738 .·
1743 680 1985 756 Afferte
2009 676 2062 739 A
2091 678 2382 749 irruitis,
2414 678 2477 741 id
2516 686 2634 757 est,
2671 698 2773 743 me
2810 680 2986 742 omni
3025 680 3302 742 humano
3340 678 3579 741 auxilio

463 775 680 844 milei,
711 774 774 837 id
808 783 928 853 est,
963 775 1207 857 aliquid
1240 778 1319 839 de
1347 776 1534 839 bonis
1563 776 1791 839 vestris
1821 776 1980 838 mihi
2091 777 2466 839 destitutum
2506 778 2719 840 verbis
2758 778 3083 854 invaditis,
3113 789 3172 839 et
3197 780 3574 849 subvertere,

461 872 804 951 adducite,
826 884 888 935 ec
916 878 996 935 de
1021 878 1386 937 substantia
1417 884 1648 945 vestra,
1682 874 1748 938 id
1777 882 1874 938 est
1900 874 1984 938 fa·
2093 874 2155 937 id
2206 883 2301 937 est
2348 895 2385 938 a
2430 884 2601 937 recta
2648 876 2962 939 sententia
3007 876 3346 952 retrahere,
3389 883 3451 939 et
3499 876 3578 937 ad

463 972 857 1050 euitatibuS,
907 976 1144 1038 donate
1191 976 1381 1047 mihi,
1428 993 1545 1056 pro
1595 974 1982 1037 relevamine
2089 983 2333 1037 vestros
2359 992 2602 1037 errores
2634 974 2957 1050 inducere,
2977 994 3088 1037 seu
3116 974 3384 1055 impium
3418 992 3581 1037 com-

463 1070 720 1153 inopiae
761 1076 960 1135 meae‘?
1011 1072 1194 1154 quasi
1239 1073 1408 1136 dicat
1456 1091 1470 1135 :
1518 1073 1653 1136 Non
1705 1074 1981 1135 timeatis
2091 1072 2381 1153 probare,
2429 1076 2735 1134 nitimini
2784 1093 2886 1136 me
2935 1076 3221 1135 amicum
3270 1083 3573 1135 vestrum.

460 1171 656 1250 quod
686 1172 966 1251 gravabo
987 1190 1101 1234 vos
1119 1179 1330 1235 vestra
1360 1173 1806 1253 petendo,quae
1838 1172 1984 1235 buc·
2088 1170 2345 1233 Amicus
2401 1178 2517 1247 est,
2574 1171 2687 1252 qui
2748 1171 2811 1234 in
2870 1173 3090 1235 eadem
3145 1169 3576 1254 disputatione

457 1288 690 1350 usque
725 1288 854 1332 non
889 1270 1069 1351 petii.
1103 1274 1211 1330 Vel
1240 1292 1263 1331 .·
1293 1274 1590 1331 Liberale
1619 1292 1719 1331 me
1746 1275 1826 1332 de
1851 1294 1984 1333 ma·
2087 1270 2428 1331 concordat
2458 1271 2535 1332 ad
2557 1270 2841 1333 veritatis
2863 1270 3360 1351 inquisitionem.
3380 1270 3577 1333 Econ-

455 1388 574 1428 nu
617 1369 839 1438 Ιιοειίε,
866 1379 927 1429 ec
968 1372 1046 1429 de
1087 1390 1292 1429 manu
1333 1372 1981 1430 robustorum-eruite
2087 1375 2206 1443 tra,
2258 1368 2606 1430 secundum
2656 1368 3114 1450 Philosophum
3176 1368 3240 1430 in
3296 1368 3569 1450 TopiciS,

455 1470 628 1526 me?
657 1464 721 1526 id
751 1472 868 1541 est,
915 1464 1226 1527 auxilium
1257 1482 1382 1527 non
1428 1466 1748 1547 postulavi
1789 1485 1828 1527 a
1871 1484 1981 1528 vo—
2085 1465 2321 1528 Pravus
2360 1475 2458 1528 est
2497 1466 2731 1542 socius,
2763 1466 2875 1547 qui
2927 1458 3193 1548 impedit
3235 1485 3573 1531 commune

453 1564 572 1625 bis
607 1572 828 1627 contra
856 1564 1252 1627 adversarios
1281 1583 1477 1642 meoS‚
1495 1565 1608 1646 qui
1637 1584 1777 1628 mea
1807 1585 1978 1629 nunc
2084 1582 2247 1645 opus
2278 1564 2345 1625 in
2378 1564 2796 1645 inquisitione
2824 1565 3131 1628 veritatis.

453 1661 904 1739 abstulerunt,
945 1661 1272 1725 Chaldaeos
1312 1672 1377 1725 et
1425 1663 1698 1740 Sahaeos,
1741 1671 1854 1726 aut
1895 1666 1978 1726 si-
2180 1665 2838 1743 Verumtamen‚quod
2862 1666 3139 1741 coepiscis
3166 1665 3485 1741 implete*,
3506 1664 3569 1727 id
3618 1679 3637 1700 ·
3662 1680 3836 1736 eoepzete

453 1762 686 1823 miles,
719 1764 944 1822 Docete
973 1781 1096 1832 me,
1127 1771 1186 1821 et
1217 1782 1327 1839 eqo
1364 1764 1568 1823 tacebo
1601 1784 1623 1823 .·
1663 1762 1728 1825 id
1765 1770 1884 1840 est,
1921 1764 1973 1825 si
2087 1770 2204 1838 est,
2240 1770 2515 1844 coeptam
2543 1761 3039 1843 disputationem
3068 1762 3565 1844 prosequamini,

451 1859 688 1941 aliqua
715 1878 866 1923 vera
893 1866 1086 1940 atque
1116 1858 1396 1921 salubria
1425 1860 1806 1924 documenta
1831 1880 1976 1925 con·
2012 1864 2058 1925 B
2087 1870 2395 1943 quatenus
2426 1881 2502 1924 ex
2530 1861 2870 1925 collatione
2898 1860 3319 1942 disputatoria
3337 1862 3571 1925 veritas

455 1956 814 2022 veniente-r
859 1956 1322 2038 proposueritis
1367 1957 1549 2034 mihi,
1605 1977 1751 2020 cum
1802 1978 1977 2023 reve-
2083 1959 2361 2041 amplius
2405 1959 2780 2021 declaretur.
2829 1959 2957 2022 Hoc
2992 1958 3189 2034 addit,
3230 1978 3311 2021 ne
3346 1966 3573 2041 putent

457 2056 684 2118 rentia
723 2064 917 2137 atque
956 2055 1215 2118 silentio
1256 2054 1512 2119 audiam
1549 2075 1626 2119 ea
1662 2064 1726 2121 et
1763 2076 1977 2141 accep-
2084 2077 2152 2120 se
2182 2057 2495 2130 territum,
2521 2056 2703 2137 quasi
2735 2057 2829 2119 cis
2858 2057 3243 2138 respondere
3273 2075 3402 2120 non
3432 2076 3573 2139 pos-

455 2154 657 2229 tab03
683 2166 744 2216 ct
771 2158 833 2215 si
860 2156 1026 2235 quid
1043 2157 1210 2232 forte
1231 2157 1560 2232 ignoravi,
1579 2174 1800 2219 eorum
1833 2176 1975 2238 quae
2082 2156 2187 2218 sit.
2220 2158 2503 2218 Proebece
2539 2175 2779 2222 aurem,
2811 2155 2876 2218 id
2914 2163 3030 2231 est,
3063 2155 3302 2219 dociles
3342 2164 3564 2233 estote,

449 2273 585 2317 vos
619 2252 821 2329 scitis,
857 2260 920 2315 et
947 2272 1089 2335 quae
1127 2252 1292 2315 scire
1329 2272 1432 2317 me
1470 2254 1650 2317 decet
1685 2272 1699 2316 ε
1735 2255 1813 2317 de
1842 2255 1974 2317 illis
2081 2261 2146 2317 et
2176 2255 2491 2337 patienter
2527 2253 2763 2331 audite,
2793 2264 2854 2316 et
2883 2257 3110 2327 videte,
3144 2254 3207 2317 id
3237 2264 3334 2317 cst
3362 2254 3570 2318 consi·
3628 2272 3631 2277 ·

449 2352 710 2416 etenim
753 2352 1062 2433 loquitur,
1102 2370 1229 2415 non
1268 2352 1559 2415 absolute
1594 2354 1672 2416 de
1708 2354 1974 2435 quibus·
2080 2354 2316 2431 derate,
2356 2374 2444 2413 cm
2490 2355 2793 2414 mentiar.
2842 2356 3251 2430 Respondete,
3297 2356 3569 2424 obsec-2⁰0,

451 2470 770 2534 cumque,
825 2470 1026 2532 quum
1069 2458 1313 2514 certum
1362 2449 1558 2515 fuerit
1602 2451 1748 2529 sibi,
1799 2454 1970 2534 quod
2079 2454 2310 2530 absque
2328 2450 3088 2512 contentionecontentio
3107 2450 3276 2513 enim
3301 2451 3567 2515 rationis

451 2551 676 2613 multa
739 2550 1057 2625 nescivit3
1109 2552 1418 2612 instruite
1473 2572 1592 2613 me.
1654 2551 1969 2634 Sapientis
2080 2548 2348 2630 impedit
2376 2556 2605 2625 actum,
2624 2556 2686 2610 et
2716 2566 2830 2629 per
2856 2565 3253 2629 consequens
3279 2549 3566 2612 veritatis

451 2649 776 2731 equidem
822 2658 941 2725 est,
994 2648 1268 2711 libenter
1317 2647 1653 2712 informari
1696 2658 1760 2712 et
1804 2651 1970 2714 doci·
2078 2645 2563 2728 inquisitionem
2625 2646 3203 2727 disputationisque
3259 2647 3559 2710 fructum.

455 2749 600 2812 lem
632 2766 787 2811 esse.
813 2747 966 2809 Nam
995 2754 1056 2809 et
1077 2747 1368 2810 docilitas
1401 2767 1544 2830 pars
1575 2756 1672 2810 est
1702 2750 1972 2831 pruden-
2075 2746 2336 2827 Propter
2382 2745 2556 2825 quod
2595 2744 2686 2805 ait
2724 2744 3063 2826 Apostolus
3104 2762 3118 2806 :
3166 2745 3303 2807 Noli
3351 2746 3565 2809 verbis
3630 2761 3857 2813 urinam.

123 2872 310 2914 prov-
347 2883 418 2917 a.
459 2847 602 2911 tiae.
640 2847 708 2909 In
747 2845 1109 2909 Proverbiis
1146 2864 1404 2926 quoque
1448 2845 1717 2908 hahetur
1753 2864 1766 2908 :
1804 2847 1968 2910 Doce
2076 2844 2490 2917 contendere3
2522 2842 2600 2905 ad
2632 2842 2795 2905 nihil
2826 2842 2996 2905 enim
3033 2842 3187 2907 utile
3206 2851 3317 2919 est,
3340 2844 3464 2906 nisi
3484 2846 3565 2907 ad
3596 2826 3663 2869 ¹⁴·

149 2950 186 2985 ¹2
217 2938 274 2979 ⁵·
453 2946 742 3029 justum,
773 2954 838 3007 et
877 2942 1210 3007 festinabit
1245 2943 1556 3025 accipere.
1595 2945 1682 3007 Da
1720 2944 1968 3027 sapien-
2075 2941 2557 3006 subversionem
2587 2942 3359 3005 audientium.Contentio
3388 2943 3567 3025 quip-

457 3046 516 3107 ti
545 3043 976 3120 occasionem,
1003 3050 1068 3105 et
1095 3042 1362 3105 addetur
1391 3042 1450 3105 ei
1483 3043 1818 3123 sapientia.
1843 3044 1967 3105 Ali·
1999 3050 2042 3113 C
2075 3060 2177 3123 pe,
2227 3050 2387 3104 teste
2434 3040 2791 3117 Ambrosio,
2834 3048 2931 3104 est
2970 3040 3365 3122 impugnatio
3403 3042 3566 3106 veri-

457 3144 532 3206 bi
588 3160 851 3224 quoque
901 3158 914 3201 :
958 3139 1238 3203 Audiens
1288 3140 1565 3222 sapienS,
1617 3141 1965 3223 sapientior
2075 3140 2222 3202 tatis
2270 3160 2415 3203 cum
2464 3138 2857 3203 confidentia
2894 3137 3215 3202 clamoris,
3257 3139 3399 3203 Ideo
3437 3140 3566 3203 liti-

447 3244 614 3307 erit.
658 3240 1110 3304 Verumtamen
1169 3240 1339 3320 quod
1397 3240 1509 3315 ait,
1562 3240 1788 3303 Docete
1838 3259 1958 3317 me,
2072 3238 2236 3320 giosi
2292 3258 2403 3301 seu
2460 3237 2844 3301 contentiosi
2898 3237 2962 3298 in
3021 3237 3561 3319 disputationibus

445 3350 614 3419 etc„
652 3339 858 3423 accipi
901 3347 1109 3421 potest
1149 3346 1217 3399 ut
1255 3336 1694 3419 superioribus
1738 3340 1964 3402 conde-
2073 3337 2417 3418 praevalere
2456 3342 2751 3417 quaerunt
2785 3335 3112 3415 injuriosis
3150 3337 3558 3417 clamoribus,

443 3440 772 3522 pendenS,
817 3457 945 3501 non
991 3436 1178 3518 quasi
1226 3435 1544 3498 sententia
1590 3454 1703 3517 per
1752 3456 1820 3499 se
1868 3438 1964 3499 di·
2071 3435 2275 3515 magis
2304 3454 2496 3516 quam
2528 3432 3014 3496 rationabilibus
3042 3436 3455 3514 argumentis,
3480 3440 3563 3499 E'c

437 3546 560 3600 cta
595 3554 610 3597 ε
647 3544 718 3598 ut
755 3536 840 3597 sit
878 3554 1126 3611 sensuS‚
1172 3534 1492 3615 Numquid
1535 3534 1689 3611 dixi,
1731 3536 1962 3600 Docet-e
2070 3538 2391 3613 loquentes
2433 3533 2499 3594 in
2545 3532 2977 3613 disputatione
3014 3536 3089 3593 id
3115 3537 3286 3613 quod
3298 3536 3561 3612 justum

435 3638 600 3698 me?
634 3634 698 3697 id
730 3641 846 3709 est,
881 3632 1234 3695 doctrinam
1279 3652 1316 3694 a
1353 3632 1537 3695 vobis
1579 3652 1707 3697 non
1747 3643 1960 3715 postu·
2067 3642 2160 3691 esc
2184 3632 2507 3707 judicate,
2551 3629 2615 3691 id
2654 3637 2770 3705 est,
2816 3638 2985 3693 recte
3037 3630 3403 3709 discernite,
3446 3650 3557 3694 seu

433 3732 608 3807 lavi,
643 3749 772 3794 non
802 3730 976 3811 quod
1019 3748 1097 3792 ex
1137 3729 1416 3793 elatione
1453 3731 1775 3793 omiserim
1813 3732 1956 3810 hoc,
2068 3728 2414 3811 judicando
2444 3728 2920 3810 prosequamini
2960 3730 3130 3809 quod
3168 3738 3264 3792 est
3290 3731 3556 3811 justum,

431 3831 560 3893 sed
594 3830 902 3910 quoniam
935 3835 1126 3891 tantae
1148 3828 1477 3909 sapientiae
1500 3848 1610 3893 vos
1633 3848 1759 3893 non
1785 3832 1953 3894 novi.
2073 3835 2140 3889 ut
2183 3828 2427 3891 scilicet
2454 3846 2595 3907 quae
2632 3845 2778 3889 vera
2820 3824 3137 3904 videntur,
3174 3828 3556 3905 concedatiS,

533 3930 750 3997 Quare
779 3927 1158 3988 detraxistis
1199 3930 1598 3988 sermonibus
1637 3930 1954 4002 veritati&
2070 3936 2134 3991 et
2182 3946 2324 4009 quae
2373 3925 2553 4001 falsa,
2608 3925 2875 4006 negetiS.
2930 3924 3101 3999 Quod
3151 3926 3203 3987 εἰ
3255 3926 3557 4003 feceriti8‚

435 4029 514 4091 id
546 4036 648 4091 est
677 4026 848 4091 veris
877 4025 1116 4103 verbis,
1151 4025 1389 4107 quibus
1417 4044 1520 4088 me
1550 4027 1957 4092 innocentem
2068 4046 2201 4086 non
2230 4026 2574 4085 invenietis
2604 4025 2678 4083 in
2711 4024 2941 4101 linqua
2964 4045 3102 4085 mea
3134 4026 3564 4103 iniquitatem,

439 4146 524 4189 ac
544 4127 796 4207 justum
819 4124 1078 4199 asserui,
1099 4124 1456 4206 ceterisque
1477 4124 1752 4205 eloquiis
1772 4126 1954 4203 meis,
2070 4123 2134 4186 id
2177 4132 2295 4199 est,
2336 4140 2466 4185 non
2508 4122 2780 4185 audietis
2819 4122 3013 4184 verba
3061 4122 3281 4204 iniqua
3331 4123 3409 4185 de
3454 4142 3565 4187 ore

443 4243 600 4305 quae
631 4224 698 4285 in
729 4222 1167 4305 deploratione
1198 4242 1338 4285 mea
1365 4242 1477 4285 seu
1508 4222 1960 4288 lamentatione
1992 4224 2041 4285 D
2069 4239 2212 4285 meo
2242 4221 2605 4304 procedere,
2641 4241 2755 4281 nec
2785 4223 2856 4282 in
2885 4223 3187 4298 faucibus
3226 4223 3381 4281 meis
3406 4225 3567 4283 stul-

447 4322 831 4404 deprompsi
867 4322 1155 4383 veritatis
1195 4339 1430 4398 amore,
1464 4320 1750 4385 dicentes
1788 4325 1958 4404 quod
2071 4322 2219 4381 titia
2240 4320 2636 4397 personabit,
2661 4318 2723 4380 id
2756 4326 2871 4395 est,
2892 4336 3099 4381 sermo
3130 4337 3295 4381 verae
3324 4320 3565 4401 sapien·

450 4440 534 4483 ex
576 4418 978 4501 impatientia
1019 4419 1140 4481 sim
1180 4419 1470 4482 locutus?
1506 4422 1717 4487 Quum
1750 4442 1830 4481 eoe
1863 4444 1959 4482 υο-
2067 4419 2172 4481 tiae
2200 4417 2557 4481 contrarius
2591 4436 2717 4480 non
2750 4415 3111 4499 proferetur
3141 4436 3178 4479 a
3208 4434 3309 4480 me
3342 4438 3357 4482 :
3389 4420 3560 4499 quod

117 4544 140 4561 ·
171 4556 204 4585 e
231 4540 386 4585 eoae·
447 4518 840 4580 his*nullus
866 4520 952 4577 sit
977 4520 1096 4597 qui
1121 4538 1218 4577 me
1243 4520 1442 4594 possit
1471 4538 1784 4595 ‹zv-(suere.-
1805 4520 1957 4601 quia
2068 4534 2195 4579 non
2233 4518 2546 4596 jactanter
2584 4522 3169 4597 praesumptuoseve
3208 4516 3388 4593 dixit,
3426 4518 3559 4580 suis

447 4636 574 4681 nec
603 4615 1006 4692 auctoritate,
1041 4634 1160 4678 nec
1189 4616 1340 4692 vita,
1367 4634 1482 4679 nec
1512 4616 1827 4698 sapientia
1853 4638 1956 4681 me
2064 4615 2309 4679 viribus
2350 4614 2705 4689 innitend0‚
2748 4614 2857 4676 sed
2898 4634 2972 4676 ex
3011 4615 3551 4694 magnanimitate,

443 4717 539 4779 ita
589 4713 928 4791 excellitis,
975 4722 1043 4775 ut
1082 4732 1186 4777 me
1233 4714 1696 4777 rationabiliter
1745 4736 1955 4797 repre-
2063 4722 2124 4777 et
2172 4734 2283 4796 spe
2329 4733 2403 4776 ac
2450 4712 2787 4775 securitate
2832 4711 3123 4792 gratiosae
3168 4713 3554 4776 adsistentiae

439 4814 734 4877 bendere
783 4812 1052 4875 valeatis
1107 4829 1120 4873 ε
1175 4813 1346 4893 quod
1384 4812 1521 4875 zelo
1559 4812 1822 4893 justitiae
1860 4816 1955 4877 di·
2062 4814 2194 4876 Dei.
2229 4813 2331 4876 Sic
2361 4830 2591 4895 nempe
2620 4819 2684 4874 et
2712 4810 3008 4874 Salomon
3036 4811 3127 4872 ait
3160 4829 3174 4873 :
3208 4810 3549 4875 Veritatem
3606 4832 3842 4882 Promm,
3911 4874 3914 4876 ,

435 4912 634 4975 citur.
684 4914 796 4972 Ad
839 4913 1318 4987 increpandum
1367 4920 1646 4981 tantum,
1693 4930 1820 4975 non
1871 4914 1949 4976 ad
2061 4912 2402 4975 meditatur
2437 4917 2658 4989 guttur
2694 4927 2929 4983 meum,
2964 4916 3027 4971 et
3065 4908 3231 4970 labia
3270 4928 3409 4972 mea
3447 4910 3553 4973 de-
3582 4898 3621 4937 ⁷·

437 5010 816 5085 utilitatem,
840 5010 1102 5089 eloquia
1127 5010 1552 5081 concinnatis,
1591 5008 1655 5071 id
1685 5019 1803 5087 est,
1828 5012 1950 5074 dis·
2062 5009 2465 5072 testabuntur
2514 5006 2805 5089 impium.
2855 5005 2956 5068 Sic
3003 5023 3151 5086 ergo
3190 5006 3305 5069 Joh
3354 5005 3553 5088 prosi-

435 5108 814 5191 putationes
855 5107 1106 5169 curiose
1146 5107 1553 5189 componitis,
1586 5118 1646 5168 et
1687 5112 1759 5169 in
1801 5130 1949 5171 ven·
2057 5116 2247 5183 tetur,
2292 5107 2463 5187 quod
2504 5105 2739 5167 locutio
2789 5124 2901 5165 sua
2952 5123 3067 5167 nec
3116 5104 3389 5181 veritati,
3434 5124 3549 5169 nec

439 5218 584 5269 tum
633 5208 828 5267 verba
875 5207 1215 5282 profertis,
1268 5206 1331 5267 id
1382 5214 1498 5282 est,
1555 5206 1947 5271 infructuose
2055 5203 2341 5287 {equitati
2380 5200 2891 5277 contrariabitur,
2937 5220 3052 5265 nec
3093 5201 3157 5263 in
3197 5203 3416 5280 Deum,
3452 5223 3551 5267 ne-

439 5314 510 5367 et
558 5304 877 5386 jactanter
936 5301 1301 5384 loquimini.
1353 5307 1568 5383 Super
1606 5306 1946 5383 pupillum
2057 5302 2280 5385 quein
2310 5300 2669 5384 proximum
2700 5299 3243 5381 praevaricabitur.
