4309 6259
112 2070 205 2113 1οό
238 2084 359 2121 xxn.

64 2136 211 2176 12-14.

70 3065 195 3108 leid.
210 3069 365 3117 xum-5.

104 3756 188 3799 Pa.
206 3769 299 3807 ux,
320 3758 367 3798 3.

82 4250 231 4295 meh.
254 4265 302 4301 v,
322 4252 367 4293 2.

112 4448 191 4491 Pa.
211 4462 271 4499 cn,
290 4450 363 4491 28.

1272 510 1621 557 mutuno
1666 511 1727 557 IN
1771 512 1907 558 CAP-
1954 512 2101 560 xxlv
2142 515 2270 562 JOB.
2313 534 2395 547 —
2434 515 2579 563 Am.
2623 519 2658 563 1,

3391 500 3510 566 593

392 684 513 739 tus
563 678 916 759 infinitam,
950 690 1015 746 et
1063 679 1251 743 filiali
1302 681 1683 763 impleamur
1728 684 1911 747 timo·
1940 686 1989 749 A
2022 704 2059 747 a
2100 686 2308 765 nobiS,
2343 696 2408 751 et
2451 690 2530 751 ad
2569 709 2758 754 omnc
2807 690 3046 753 bonum
3095 688 3512 753 mollificetur

390 794 498 853 re,
548 787 773 843 sancta
816 778 1250 844 sollicitudine
1292 781 1755 859 concutiamur,
1802 800 1911 845 cor
2021 803 2129 848 cor
2173 794 2480 865 nostrum,
2517 807 2633 852 nec
2674 798 2884 852 tamen
2925 808 2962 851 a
3002 787 3308 852 firmitate
3347 808 3512 853 rece-

387 874 641 939 durum
685 886 877 961 atque
917 878 1329 961 impoenitcns
1366 881 1619 943 recedat
1650 898 1911 962 prorsus
2020 883 2128 946 dat
2157 883 2442 965 justitia).

1571 1308 2221 1396 ARTICULUS
2299 1312 2358 1397 L

722 1580 1078 1627 unewano
1131 1581 1505 1640 Ll‘l'rssRAus,
1565 1581 1913 1635 PARTfflQUE
1968 1582 2232 1629 MYSTICA
2284 1585 2557 1631 currum
2608 1588 2870 1635 vlcsssun
2923 1590 3146 1645 QUARTI
3187 1592 3202 1639 :

1125 1680 1205 1725 AB
1246 1678 1665 1726 ontNu‘o'mN‘rE
1707 1678 1829 1724 NON
1873 1679 2025 1725 SUNT
2066 1681 2449 1729 ABscoan'rA
2490 1685 2795 1733 TEMPORA.

404 1954 679 2155 QUIA
708 1956 1013 2021 vicesimo
1046 1957 1325 2019 secundo
1344 1956 1623 2038 capitulo
1644 1955 1904 2037 Eliphaz
1939 1956 1985 2017 B
2012 1957 2208 2020 Deum
2255 1960 2725 2040 quodammodo
2773 1974 3059 2043 noscant,
3094 1966 3304 2047 quoad
3352 1966 3507 2047 quia

570 2056 732 2119 dixit
760 2056 840 2118 ad
868 2055 1007 2133 soh,
1041 2074 1122 2118 an
1154 2055 1621 2137 providentiam
1651 2055 1763 2117 Dei
1794 2073 1897 2136 pu·

398 2164 567 2218 taret
610 2157 692 2218 ad
744 2153 1051 2217 inferiora
1099 2162 1161 2217 et
1207 2154 1289 2216 ad
1340 2162 1520 2216 actus
1567 2153 1899 2217 hominum

400 2273 534 2318 non
578 2253 857 2329 extendi,
910 2253 1063 2315 hinc
1107 2252 1222 2315 Job
1272 2252 1569 2334 praesenti
1620 2252 1900 2333 capitulo

396 2352 685 2415 ostendit
744 2369 814 2414 se
870 2370 1021 2413 sane
1074 2351 1310 2413 sentire
1369 2351 1448 2413 de
1500 2349 1901 2431 providentia

398 2452 533 2513 Dei.
571 2453 673 2513 Ab
706 2452 1149 2527 omnipotente
1182 2470 1309 2509 non
1348 2459 1499 2510 sunt
1530 2451 1898 2510 abscondita

400 2560 719 2627 tempora,
752 2549 817 2611 id
848 2556 965 2625 est,
990 2566 1179 2611 omne
1212 2556 1461 2629 tempus
1492 2555 1551 2609 et
1584 2546 1897 2629 quidquid

398 2648 678 2731 tempori
710 2648 1017 2730 subjacet,
1042 2667 1079 2709 a
1109 2648 1235 2709 Deo
1264 2646 1690 2725 cognoscitur,
1723 2654 1900 2708 aeter-

398 2748 634 2811 naliter
682 2747 903 2827 utique
951 2753 1015 2809 et
1073 2743 1558 2821 invariabiliter,
1602 2743 1898 2807 distincte

397 2856 592 2929 atque
622 2844 999 2909 clarissime.
1034 2843 1173 2925 Ipse
1211 2843 1380 2906 enim
1420 2842 1764 2924 unicuique
1805 2842 1895 2905 rei

400 2944 719 3021 inferiori,
754 2942 1181 3023 corruptibili,
1208 2942 1441 3018 mixtae‚
1476 2950 1709 3003 certam
1745 2960 1898 3023 prae-

402 3043 550 3106 fixit
588 3043 948 3127 periodum.
980 3041 1159 3104 Unde
1200 3040 1495 3122 superius
1533 3040 1694 3102 dixit
1728 3058 1740 3100 :
1775 3040 1897 3102 Nu-

2012 2064 2129 2132 est,
2165 2066 2226 2119 et
2264 2077 2378 2140 per
2417 2061 2767 2123 naturalem
2810 2063 3120 2126 rationem
3161 2084 3234 2128 ac
3279 2064 3499 2140 fidem,

2010 2174 2120 2217 seu
2170 2175 2282 2237 per
2328 2158 2659 2239 sapientise
2698 2161 3300 2243 contemplationem
3346 2162 3502 2225 fidei

2009 2251 2410 2331 innitentem,
2465 2275 2593 2319 non
2655 2265 2867 2321 tamen
2927 2260 3498 2342 comprehendunt,

2008 2369 2125 2413 nec
2157 2352 2325 2415 clare
2362 2352 2554 2433 (sicut
2585 2355 2784 2437 Beati)
2815 2366 3212 2437 cognoscunt
3253 2358 3504 2421 aeterni-

2010 2458 2201 2512 tatem
2233 2451 2341 2512 Dei
2373 2452 2698 2529 sublimis;
2733 2455 3097 2536 aliqualiter
3130 2465 3342 2519 tamen
3361 2476 3500 2519 eam

2006 2557 2412 2628 cognoscunt,
2448 2550 2611 2613 sicut
2644 2552 2896 2615 Boetius
2939 2554 3005 2616 in
3048 2553 3212 2617 libro
3245 2554 3322 2616 de
3351 2555 3503 2618 Con·

2006 2647 2317 2711 solatione
2349 2648 2790 2731 philosophiae,
2829 2651 2909 2713 de
2939 2670 3014 2714 ea
3047 2660 3273 2715 tractat
3303 2651 3501 2714 subti-

2008 2744 2175 2808 liter.

2092 2843 2569 2927 consequenter
2625 2847 2874 2911 inducit
2937 2848 3110 2911 varia
3167 2849 3496 2912 hominum

2004 2945 2265 3021 scelera,
2311 2964 2387 3007 ex
2424 2965 2696 3027 quorum
2744 2947 2917 3027 justa
2957 2947 3198 3010 ultione
3244 2948 3503 3011 demon-

2004 3051 2240 3105 stratur
2270 3043 2490 3105 divina
2519 3045 2925 3125 providentia
2953 3045 3033 3107 ad
3066 3046 3282 3108 omnia
3310 3046 3499 3108 etiam

400 3162 617 3207 merus
666 3140 985 3205 mensium
1036 3140 1176 3221 ejus
1214 3138 1539 3219 (videlicet
1587 3138 1894 3218 hominis)
1931 3142 1973 3204 C
2006 3141 2283 3204 humana
2331 3142 2712 3224 pertingere.
2751 3146 2897 3205 Alii
2945 3147 3250 3205 terminos
3294 3155 3503 3205 trans-

397 3243 571 3325 apud
601 3249 665 3303 te
694 3247 791 3303 est
814 3264 829 3313 ;
853 3237 1241 3301 constituisti
1278 3237 1581 3300 terminos
1610 3237 1771 3317 ejuS.

480 3342 615 3411 Qui
640 3349 861 3401 autem
888 3346 1207 3398 noverunt
1237 3356 1410 3406 eum,
1430 3338 1740 3412 ignorant
1759 3338 1895 3395 dies

398 3442 609 3500 illius.
643 3438 789 3500 Dies
826 3435 957 3513 Dei,
991 3442 1142 3497 sunt
1170 3433 1311 3513 ejus
1346 3433 1665 3495 aeternitas
1702 3450 1715 3494 :
1752 3451 1893 3513 quae

400 3538 727 3601 interdum
792 3533 1203 3615 singulariter
1267 3531 1402 3594 dies
1460 3540 1751 3609 vocatur,
1814 3531 1896 3594 ob

400 3656 583 3699 suam
644 3631 1189 3717 simplicissimam
1236 3638 1299 3692 et
1350 3629 1896 3712 immultiplicabi-

401 3734 527 3797 lem
577 3733 915 3807 unitatem,
968 3730 1134 3793 sicut
1192 3729 1257 3791 in
1306 3730 1553 3793 Psalmo
1603 3747 1616 3791 :
1664 3731 1895 3793 Tecum

401 3830 799 3915 principium
827 3830 894 3892 in
926 3828 1031 3892 die
1059 3828 1315 3891 virtutis
1348 3837 1470 3891 tuae
1503 3828 1567 3890 in
1604 3828 1900 3911 splendo-

400 3932 581 3993 ribus
612 3929 1009 3992 Sanctorum.
1045 3927 1365 3990 Interdum
1400 3927 1731 4009 pluraliter
1760 3929 1897 3991 dies

398 4048 513 4093 seu
542 4028 699 4092 anni
738 4027 1136 4109 exprimitur,
1170 4026 1477 4108 quoniam
1508 4044 1698 4089 omne
1738 4035 1898 4089 tem-

400 4147 521 4209 pus
565 4124 862 4202 includit,
906 4124 1213 4201 continet,
1265 4123 1772 4205 comprehendit,
1825 4132 1897 4187 ut

400 4226 469 4289 in
499 4225 757 4289 Micbaea
787 4222 1018 4303 legitur
1045 4240 1059 4284 ε
1085 4222 1390 4303 Egressus
1421 4220 1596 4285 illius
1626 4223 1897 4303 (scilicet

396 4442 526 4505 que
554 4422 625 4485 in
654 4421 941 4484 Psalmo:
978 4419 1069 4481 Tu
1097 4426 1307 4481 autem
1338 4419 1507 4482 idem
1540 4420 1677 4503 ipse
1708 4440 1797 4497 eS,
1832 4430 1895 4483 et

2005 3245 2319 3311 tulerunt,
2337 3240 2400 3303 id
2433 3249 2550 3318 est,
2570 3241 3048 3322 possessionum
3075 3262 3330 3305 suarum
3353 3261 3500 3306 con-

2005 3336 2166 3400 finia
2202 3340 2620 3401 extenderunt
2655 3356 2668 3401 τ
2705 3338 2927 3419 sicque
2963 3340 3205 3403 alienas
3250 3358 3498 3422 posses-

2004 3435 2215 3499 siones
2234 3445 2723 3520 usurpaverunt,
2751 3439 3102 3501 secundum
3136 3438 3297 3500 illud
3318 3438 3490 3517 Osee,

2003 3533 2174 3597 Facti
2197 3542 2345 3597 sunt
2363 3534 2688 3617 principes
2707 3535 2739 3597 J
2744 3536 2866 3597 uda
2887 3535 3069 3617 quasi
3099 3544 3494 3598 assumentes
3525 3554 3689 3606 osan,
3707 3558 3772 3603 ιο.

2005 3633 2331 3695 terminos
2395 3632 2650 3695 Talibus
2706 3634 3011 3697 Dominus
3069 3631 3496 3696 comminatur

2006 3750 2119 3812 per
2163 3732 2382 3794 lsaiam
2421 3747 2434 3793 :
2471 3731 2597 3809 Vae,
2644 3733 2756 3812 qui
2800 3731 3193 3812 conjungitis
3232 3732 3494 3793 domum

2006 3830 2082 3891 ad
2113 3831 2398 3907 domum,
2422 3838 2485 3893 et
2515 3850 2738 3912 agrum
2767 3847 2916 3910 agro
2947 3828 3262 3912 copulatis
3293 3847 3497 3911 usque

2004 3928 2082 3989 ad
2108 3930 2452 3992 terminum
2484 3929 2628 3992 loci.
2655 3930 2830 3993 Nunc
2861 3937 3074 3992 autem
3105 3928 3184 3990 de
3215 3927 3496 3991 violenta

2004 4036 2067 4089 et
2106 4026 2338 4090 furtiva
2380 4028 2748 4109 hujusmodi
2793 4027 3206 4090 translatione
3239 4025 3496 4108 potissi-

2004 4144 2105 4188 me
2149 4144 2358 4189 sermo
2391 4134 2507 4189 est.
2541 4126 2700 4188 Hinc
2732 4144 2990 4208 quoque
3029 4125 3096 4187 in
3135 4123 3492 4188 Proverbiis

3563 3751 3626 3795 18.
3643 3766 3685 3805 v,
3702 3756 3742 3795 8.
3809 3800 3814 3805 ,

2004 4224 2272 4286 habetur
2307 4242 2320 4285 z
2356 4224 2443 4287 Nc
2476 4224 2956 4304 transgrediaris
2995 4223 3302 4286 terminos
3329 4222 3493 4285 anti·
3535 4248 3780 4303 mmm„

398 4324 667 4403 Christi)
691 4322 773 4385 ab
806 4321 1011 4397 initi0‚
1047 4338 1084 4383 a
1105 4319 1329 4382 diebus
1360 4320 1731 4385 aeternitatis
1758 4347 1772 4398 ;
1807 4331 1897 4384 at-
1922 4331 1973 4393 D
2003 4340 2186 4403 quoS,
2223 4341 2383 4404 quos
2414 4331 2764 4405 posuerunt
2795 4329 3002 4404 patres
3045 4321 3160 4384 tui.
3194 4321 3287 4384 Ad
3318 4321 3490 4403 quod
3520 4313 3588 4355 ²⁸·

2001 4420 2190 4483 etiam
2241 4421 2518 4504 pertinet
2561 4421 2720 4483 illud
2769 4420 3240 4484 Deuteronomii
3290 4438 3304 4481 :

3354 4420 3492 4483 Non
3539 4444 3672 4489 Dent.
3695 4458 3779 4498 m.

393 4521 548 4584 anni
599 4519 695 4582 tui
740 4538 868 4583 non
911 4517 1243 4581 deficient.
1274 4515 1480 4590 Quum
1528 4536 1678 4598 ergo
1727 4519 1891 4581 Deus
1999 4519 2346 4582 transferes
2381 4518 2707 4596 terminOS,
2733 4538 2894 4601 quos
2933 4519 3216 4583 fixerunt
3245 4519 3490 4601 priores
3523 4509 3590 4551 ¹⁴·

388 4628 691 4695 aeternuS,
738 4617 1165 4699 omnipotenS‚
1218 4616 1600 4693 adoranduS,
1646 4616 1730 4679 sit
1778 4636 1890 4679 sua

388 4718 735 4793 aeternitas,
794 4716 1115 4798 quomodo
1173 4716 1285 4797 qui
1345 4735 1490 4777 eum
1552 4724 1885 4793 noverunt,

390 4817 527 4880 dies
578 4816 781 4898 ipsius
832 4814 1169 4896 ignorant?
1217 4814 1292 4877 Et
1344 4815 1882 4897 respondendum,

392 4916 565 4997 quod
610 4920 947 4978 noscentes
980 4913 1174 4976 Deum
1220 4913 1389 4976 clare
1428 4932 1542 4995 per
1580 4914 1881 4995 speciem,

392 5014 801 5078 aeternitatem
843 5029 1104 5094 quoque
1149 5012 1349 5094 ipsius
1400 5012 1891 5094 proportionali-

394 5122 491 5177 ter
530 5114 767 5190 sciunt,
800 5111 1099 5194 quamvis
1146 5130 1264 5174 nec
1300 5112 1518 5188 Deum,
1552 5129 1671 5174 nec
1719 5119 1892 5175 aeter-

394 5213 665 5275 nitatem
710 5211 926 5293 aliqua
972 5228 1128 5293 pura
1174 5218 1459 5273 creatura
1506 5210 1687 5292 plene
1733 5228 1895 5272 com-

398 5311 795 5395 prehendere
823 5309 1049 5393 possit.
1071 5308 1261 5373 Porro
1282 5309 1577 5387 viatoreS,
1599 5308 1891 5389 quamvis

652 5444 719 5495 T.
754 5444 805 5494 4.

2001 4618 2067 4680 in
2100 4619 2500 4700 possessione
2528 4628 2657 4682 tua.
2692 4619 3131 4697 Diripuerunt
3154 4638 3399 4696 qreqes,
3430 4628 3490 4679 et

1991 4727 2320 4796 paverunt
2347 4738 2472 4789 εοε,
2503 4717 2568 4780 id
2595 4725 2714 4795 est,
2749 4716 3021 4780 aliorum
3061 4716 3366 4779 animalia
3397 4734 3494 4777 ra-

2000 4824 2298 4897 puerunt,
2333 4824 2396 4878 et
2429 4816 2509 4878 ad
2540 4816 2869 4898 proprium
2910 4834 2985 4878 ea
3024 4834 3210 4878 usum
3251 4812 3492 4877 nutrie-

1999 4922 2170 4991 runt,
2201 4914 2367 4975 sicut
2398 4913 2598 4977 Sabaei
2627 4921 2818 4995 atque
2846 4911 3121 4975 Chaldaei
3153 4912 3360 4994 primo
3381 4910 3492 4974 hu·
3541 4929 3625 4974 Jot
3651 4944 3681 4983 ι.
3709 4932 3776 4983 ¹⁵,

1998 5012 2102 5095 jus
2149 5012 2301 5075 libri
2349 5012 2630 5095 capitulo
2678 5010 2906 5074 fecisse
2955 5010 3250 5091 leguntur
3298 4996 3537 5073 beato¹

2000 5111 2139 5175 Job.

2084 5208 2533 5291 Spiritualiter,
2573 5208 2880 5272 terminos
2919 5205 3334 5285 transferunt,
3378 5207 3494 5288 qui

2004 5309 2176 5389 leges
2205 5306 2466 5388 justitiae
2499 5316 2562 5369 et
2603 5306 2852 5387 regulas
2891 5325 3004 5369 seu
3051 5311 3286 5367 statuta
3329 5305 3480 5371 vitae

3546 4995 3586 5036 7.
