4309 6259
838 519 1189 566 mantnano
1230 521 1291 566 IN
1334 521 1471 568 CAP.
1519 521 1584 566 lx
1624 520 1783 567 LIBRI
1824 521 1993 566 mum
2033 519 2564 566 PARALlPoussNON.
2610 539 2691 550 --
2729 519 2874 565 ΛΒΤ.
2919 516 2986 564 lx

3333 497 3451 562 139

360 699 421 749 et
468 691 731 751 sisaasai
777 692 963 768 filius
1012 693 1233 760 Adiel,
1271 693 1407 768 filii
1453 694 1671 760 Jezra,
1719 691 1853 767 filii
1880 687 1932 750 A
1956 691 2272 767 propriis,
2301 711 2455 769 quos
2494 691 2963 750 constituerunt
2993 690 3213 751 David
3248 697 3307 748 et
3335 690 3451 749 Sa-

362 790 729 858 Mosellam,
748 791 885 866 filii
904 791 1367 860 Mosollamith,
1388 791 1525 866 filii
1552 792 1855 860 Emmer,·

354 890 599 965 fratres
638 908 893 968 quoque
939 909 1161 948 eorum
1200 889 1558 966 principes,
1590 908 1711 966 per
1752 890 1854 965 fa-

358 987 578 1045 milias
634 1005 811 1056 sum,
876 990 1057 1047 mille
1104 989 1495 1066 septingenti
1550 988 1850 1064 seoeayin-

358 1093 443 1154 ta,
474 1085 829 1161 fortissimi
872 1088 1111 1160 robore,
1144 1089 1232 1147 ad
1276 1088 1658 1164 faciendum
1694 1107 1855 1164 opus

356 1185 721 1244 ministerii
768 1185 841 1246 in
879 1188 1067 1246 domo
1112 1188 1257 1247 Dei.
1311 1191 1405 1246 De
1450 1187 1695 1246 Levitis
1736 1205 1854 1245 au-

356 1292 481 1341 tem
502 1302 526 1341 .·
546 1285 811 1344 Semeia
838 1286 1026 1360 filius
1054 1287 1333 1357 Hassub,
1364 1286 1501 1361 filii
1520 1285 1851 1354 Ezrioam,

352 1380 487 1454 filii
533 1381 847 1451 Hasebia,
883 1384 963 1441 de
1001 1384 1170 1458 filiis
1208 1383 1480 1444 Merari.
1526 1383 1855 1442 Bacbaear

353 1499 608 1558 quoque
629 1483 1119 1556 carpentarius:
1140 1480 1254 1561 qui
1284 1479 1633 1543 secundum
1664 1499 1856 1561 quos-

354 1578 501 1640 dam
534 1577 633 1639 sic
668 1588 1095 1661 nuncupatur,
1116 1579 1422 1661 quoniam
1446 1579 1704 1661 praefuit
1721 1599 1855 1642 car-

352 1675 671 1758 pentariis
738 1677 803 1738 in
864 1679 1053 1740 domo
1114 1678 1391 1741 Domini.
1444 1677 1561 1742 Sed
1622 1677 1854 1742 Levitae

352 1793 549 1856 opera
581 1774 736 1837 talia
770 1793 897 1838 non
919 1776 1301 1839 exercebant
1329 1777 1739 1853 mechanica3
1774 1785 1855 1839 at-

1962 793 2134 850 muel
2167 791 2410 859 videns,
2447 792 2518 848 in
2561 792 2692 866 fide
2717 807 2860 858 sua,
2897 799 3028 848 tam
3054 790 3222 864 ipsos
3251 807 3448 866 quam

1958 885 2143 966 fictos
2179 909 2423 960 eorum,
2467 889 2540 948 in
2589 888 2768 948 ostiis
2808 891 3035 947 domus
3080 887 3349 947 Domini
3387 895 3448 946 et

1960 991 2034 1048 in
2080 989 2509 1058 tabernacuZO,
2561 987 2809 1046 vicibus
2843 987 3006 1054 suis,
3045 985 3164 1046 hoc
3203 991 3320 1060 est,
3369 983 3451 1046 is-

1965 1095 2058 1148 tos
2091 1085 2681 1167 praeordinaverunt
2712 1083 3148 1159 instituendos
3173 1081 3451 1145 fideliter

1962 1183 2396 1266 progenitores
2437 1183 2720 1264 ipsorum
2755 1181 3168 1244 instituendo.
3202 1181 3356 1242 Nam
3387 1189 3450 1242 et

1964 1291 2249 1364 tempore
2281 1280 2592 1344 Samuelis
2625 1279 2748 1342 fuit
2779 1279 3258 1344 tabernaculum
3289 1278 3450 1360 Moy·-

1962 1380 2072 1457 εἰε,
2099 1379 2167 1442 in
2189 1397 2318 1461 quo
2349 1378 2642 1460 dispositi
2671 1385 2851 1440 erant
2877 1377 3114 1441 diversi
3144 1375 3446 1438 ministri.

1966 1483 2097 1541 Per
2126 1488 2410 1558 quatuor
2449 1487 2664 1538 ventos
2699 1486 2886 1537 erant
2925 1477 3207 1546 ostiarii,
3251 1477 3324 1535 id
3362 1485 3450 1536 est

1966 1581 2055 1638 ad
2084 1579 2420 1646 orientem,
2439 1586 2498 1636 et
2527 1579 2616 1636 ad
2634 1577 3042 1646 occidentem,
3065 1583 3124 1634 et
3151 1577 3239 1634 ad
3267 1575 3453 1652 aqui-

1967 1681 2200 1746 lonem,
2229 1685 2290 1736 et
2330 1678 2419 1736 ad
2447 1684 2741 1734 austrum
2766 1673 2875 1734 :id
2905 1680 3022 1750 est,
3057 1672 3316 1754 quidam
3348 1689 3452 1734 eo-

1964 1793 2105 1836 rum
2138 1781 2316 1838 erant
2347 1773 2642 1836 custodes
2669 1772 2880 1853 januae
2911 1770 3078 1848 atrii,
3115 1769 3454 1852 respicien-

354 1881 569 1936 tamen
617 1872 843 1936 Glossa
872 1873 1299 1938 interlinearis
1342 1874 1651 1952 affirmat,
1682 1877 1852 1957 quod
1892 1881 1937 1942 B
1968 1873 2045 1936 tis
2078 1873 2154 1934 ad
2179 1871 2510 1946 orientem,
2536 1870 2795 1952 quidam
2817 1877 3132 1952 praeerant
3149 1867 3452 1931 custodiae

354 1991 471 2034 suo
522 1970 760 2036 officio
812 1970 1200 2052 fungebatur
1257 1975 1323 2036 in
1372 1975 1560 2037 domo
1602 1973 1735 2037 Dei.
1768 1976 1856 2035 Et

361 2073 579 2140 Galat,
612 2081 677 2132 et
710 2075 1057 2134 Mathania
1100 2075 1285 2149 filius
1315 2074 1554 2144 Asicha,
1586 2074 1721 2150 filii
1749 2076 1857 2133 Ze-

350 2169 517 2239 chri,
550 2171 695 2245 filii
722 2173 989 2246 Asaplc,·
1026 2180 1087 2230 et
1118 2172 1322 2232 Obdia
1350 2173 1534 2248 filius
1562 2172 1855 2240 Semeiae,

350 2269 485 2342 filii
518 2270 749 2338 Galal,
779 2271 915 2344 filii
945 2271 1221 2330 Idithun
1246 2293 1275 2341 ,·
1310 2277 1379 2330 et*
1400 2270 1730 2331 Barachia
1772 2273 1853 2346 fi—

354 2369 480 2426 lius
536 2370 703 2436 Asa,
752 2368 888 2444 filit
934 2371 1213 2438 Elcana,
1252 2370 1369 2447 qui
1417 2369 1737 2428 habitavit
1782 2369 1854 2428 in

350 2467 565 2526 atriis·
582 2467 989 2543 Netophathi
996 2513 1010 2526 .

423 2565 763 2624 Ianitores
806 2575 1025 2624 autem
1050 2569 1371 2635 :Sellum,
1414 2575 1473 2626 et
1517 2568 1758 2635 Aooub,
1796 2575 1857 2626 et

358 2663 645 2732 Telmon‚
679 2671 739 2722 et
768 2663 1108 2732 Ahimam,
1144 2674 1204 2724 et
1245 2666 1457 2743 frater
1472 2685 1693 2724 eorum
1724 2667 1855 2726 Sel-

348 2764 485 2819 Ium
525 2763 869 2838 princeps,
905 2781 1103 2839 usque
1144 2765 1233 2822 ad
1272 2763 1445 2821 illud
1490 2773 1733 2838 tempus
1780 2763 1853 2822 in

338 2869 531 2936 porta
563 2861 745 2936 reyis
790 2861 1073 2920 vicissim
1105 2864 1193 2920 ad
1229 2862 1539 2921 orientem
1578 2861 1856 2922 observa-

347 2961 499 3018 bant
543 2978 674 3035 per
718 2960 883 3018 vices
926 2979 1099 3030 suas,
1150 2962 1229 3018 de
1275 2961 1440 3034 filiis
1476 2961 1657 3020 Levi.
1710 2959 1855 3022 Por-

1964 1971 2133 2047 ostii,
2160 1970 2330 2053 quod
2353 1969 2655 2050 vergebat
2683 1970 2761 2031 ad
2792 1969 3208 2044 occidentem,
3233 1967 3454 2048 sicque

1963 2071 2043 2132 de
2075 2069 2218 2131 aliis
2251 2067 2680 2131 sentiendum.
2709 2070 2969 2128 Fratres
2989 2076 3204 2127 autem
3232 2085 3452 2125 eorum

1964 2171 2032 2229 in
2068 2170 2302 2228 viciatis
2343 2168 2787 2235 morabantur,
2819 2165 2884 2226 id
2929 2173 3025 2228 est
3066 2163 3310 2227 villulis
3349 2181 3454 2226 ex-

1962 2275 2061 2330 tra
2105 2265 2476 2342 Jerusalem,
2523 2264 2678 2345 quia
2727 2283 2843 2327 nec
2891 2281 3111 2326 omnes
3159 2269 3452 2345 poterant

1962 2364 2417 2429 convenienter
2450 2363 2514 2424 in
2544 2362 2890 2426 Jerusalem
2921 2360 3317 2436 commorari,
3343 2369 3452 2423 aut

1963 2463 2201 2547 pariter
2242 2462 2628 2538 ministrare,
2674 2462 2782 2524 sed
2827 2460 3065 2542 singuli
3114 2461 3181 2523 in
3229 2459 3454 2523 ordine

1962 2563 2123 2627 vicis
2169 2581 2320 2625 suae.
2369 2561 2512 2625 Ideo
2558 2560 2872 2637 subditur,
2906 2570 2967 2621 et
3009 2562 3348 2621 veniebant
3384 2559 3450 2621 in

1959 2662 2308 2726 Jerusalem
2340 2664 2412 2722 in
2445 2663 2724 2722 sabbatis
2762 2662 2898 2720 suis
2935 2663 3014 2720 de
3046 2670 3319 2736 tempore
3349 2680 3455 2719 us-

1961 2783 2082 2842 que
2111 2765 2200 2822 ad
2241 2771 2512 2837 tempus,
2539 2759 2604 2821 id
2647 2767 2744 2822 est
2775 2778 2812 2820 a
2855 2767 3139 2840 tempore
3180 2777 3309 2840 quo
3351 2777 3452 2821 eo-

1962 2880 2105 2924 rum
2136 2859 2518 2940 obsequium
2561 2858 2786 2921 debuit
2824 2857 3145 2934 inchoare,
3180 2867 3242 2920 et
3271 2866 3452 2921 erant

1964 2959 2051 3022 ibi
2086 2978 2289 3040 usque
2319 2959 2397 3020 ad
2430 2957 2628 3021 finem
2660 2958 2758 3020 sui
2785 2957 3098 3038 obsequii.
3121 3001 3155 3027 ..

348 3063 409 3116 ta
447 3055 574 3118 ista
622 3055 837 3119 adhuc
886 3055 1230 3138 pristinum
1280 3074 1511 3118 nomen
1563 3056 1847 3128 retinuit,
1888 3060 1931 3122 C
2043 3061 2166 3120 His
2213 3068 2492 3136 quatuor
2522 3058 2768 3118 Levitis
2815 3058 3098 3116 creditus
3141 3057 3274 3116 est*
3321 3075 3451 3118 om-

346 3154 651 3233 quamvis
707 3154 841 3235 jam
902 3154 1213 3235 templum
1277 3163 1341 3216 et
1398 3156 1624 3217 domus
1684 3155 1851 3236 regis

344 3261 559 3316 essent
610 3254 963 3315 destructa.
998 3257 1248 3314 Sellum
1280 3273 1423 3314 vero
1460 3256 1643 3332 fitius
1676 3257 1849 3326 Core,

342 3354 477 3427 filii
522 3355 900 3429 Abiasaplz,
938 3355 1075 3429 filii
1119 3355 1295 3422 Core,
1338 3373 1486 3414 cum
1530 3355 1853 3432 fratribus

343 3453 477 3510 suis
515 3460 580 3510 et
624 3453 816 3510 domo
854 3452 1069 3527 patris
1115 3453 1241 3511 sui.
1280 3449 1347 3512 ln
1401 3450 1521 3513 isto
1571 3451 1851 3532 capitulo

344 3556 687 3627 ponuntur
720 3547 1043 3610 interdum
1073 3548 1208 3611 haec
1241 3548 1521 3626 nomina,
1556 3549 1848 3625 PhineeS,

346 3645 633 3723 Eleazar,
674 3645 899 3722 Sadoc‚
936 3645 1171 3728 Asaph‚
1204 3647 1480 3723 Idithun,
1514 3647 1692 3725 Core,
1726 3656 1847 3711 etc.

344 3741 609 3826 Propter
640 3743 815 3824 quod
840 3744 1097 3825 quidam
1134 3745 1257 3807 ista
1276 3753 1602 3826 exponunt
1621 3747 1701 3808 de
1721 3747 1851 3809 illis

346 3841 635 3922 antiquis
686 3840 949 3904 famosis
993 3851 1057 3905 et
1098 3842 1358 3920 sanctiS,
1393 3861 1743 3924 eorumque
1781 3843 1853 3906 fi-

348 3937 468 4001 liis.
496 3940 629 4002 Alii
670 3949 999 4022 exponunt
1028 3942 1105 4004 de
1137 3941 1237 4003 his
1267 3942 1379 4022 qui
1414 3950 1556 4023 post
1578 3943 1849 4004 reditum

343 4057 381 4098 a
424 4037 737 4101 Chaldaea
796 4037 1073 4116 suerunt,
1128 4041 1477 4121 eademque
1526 4061 1668 4104 cum
1723 4041 1852 4104 illis

343 4137 635 4218 antiquis
672 4137 880 4200 sortiti
926 4146 1076 4200 sunt
1116 4139 1397 4201 nomina.
1439 4141 1528 4200 Hi
1563 4151 1717 4202 sunt
1748 4143 1853 4200 Co-

1960 3160 2065 3218 ·nis
2112 3177 2422 3218 numerus
2463 3157 2867 3233 janitorum,
2918 3154 3037 3216 hoc
3086 3163 3204 3230 est,
3256 3155 3450 3218 ceteri

1959 3255 2267 3337 janitores
2311 3263 2492 3317 erant
2528 3254 2852 3317 commissi
2899 3273 2974 3316 ac
3023 3251 3262 3315 subditi
3297 3273 3452 3334 qua-

1964 3361 2105 3417 tuor
2137 3352 2600 3435 principaljbus
2632 3352 2936 3415 ostiorum
2970 3351 3452 3414 custodibusEt

1959 3462 2145 3512 erant
2179 3450 2244 3512 hi
2276 3460 2550 3532 quatuor
2577 3470 2769 3528 super
2787 3454 3081 3520 eoeedras,
3101 3450 3455 3513 custodien-

1964 3558 2056 3612 tes
2087 3552 2371 3626 exedraS,
2407 3550 2470 3612 id
2516 3557 2612 3612 est
2655 3549 2818 3612 aedes
2852 3549 2986 3612 sive
3033 3549 3454 3612 domunculas

1961 3649 2130 3712 circa
2164 3649 2472 3730 templum
2515 3657 2933 3725 constructaS‚
2970 3648 3034 3710 in
3079 3647 3317 3729 quibus
3359 3667 3456 3710 sa-

1962 3748 2247 3810 cerdotes
2293 3754 2355 3808 et
2392 3747 2628 3810 Levitae
2678 3755 2962 3828 tempore
3009 3747 3108 3808 sui
3159 3746 3452 3828 obsequii

1961 3845 2381 3909 vescebantur
2431 3854 2494 3908 et
2536 3844 2971 3927 quiescebant,
3018 3856 3076 3906 et
3129 3847 3454 3906 thesauros

1958 3947 2188 4004 domus
2224 3945 2516 4004 Domini.
2551 3947 2682 4006 Per
2721 3963 2966 4020 qyrum
3001 3963 3250 4022 quoque
3303 3953 3452 4004 tem-

1954 4044 2059 4121 pli
2086 4044 2357 4103 Domini
2388 4044 2809 4102 morabantur
2849 4044 2924 4102 in
2965 4043 3296 4112 custodiis,
3330 4041 3451 4106 hoe

1960 4147 2056 4202 est
2087 4139 2470 4202 habitaculis
2502 4147 2566 4201 et
2594 4138 3150 4202 observationibus
3177 4139 3340 4208 suis,
3377 4150 3451 4201 ut

344 4238 487 4297 ritoe
527 4255 737 4313 super
778 4255 970 4313 opera
1008 4239 1385 4310 ministerii,
1428 4242 1712 4298 custodes
1760 4260 1853 4298 ve·
1882 4246 1929 4307 D
1959 4259 2162 4318 quum
2195 4248 2440 4315 tempus
2468 4239 2724 4316 fuisset,
2747 4239 2876 4315 ipsi
2905 4259 3096 4299 mane
3122 4240 3450 4315 aperirent

342 4335 740 4394 stibulorum
771 4336 1196 4404 tabernaculi,
1232 4335 1293 4398 id
1334 4344 1451 4412 est,
1485 4337 1564 4399 de
1606 4337 1851 4401 semine

342 4429 497 4494 Core
528 4431 673 4494 nati
706 4440 858 4493 sunt
888 4432 993 4493 isti
1017 4433 1303 4514 deputati
1335 4435 1415 4497 ad
1440 4435 1549 4496 Dei
1578 4435 1846 4514 cultum,

345 4531 453 4610 qui
484 4538 551 4593 et
584 4531 755 4592 atria
790 4531 1009 4613 templi
1057 4551 1169 4594 seu
1216 4532 1612 4596 tabernaculi
1644 4543 1853 4598 custo-

342 4627 477 4692 dire
525 4627 893 4704 habebant3
942 4640 1002 4690 et
1032 4632 1313 4706 famitioe
1340 4652 1563 4693 eorum
1600 4653 1719 4709 per
1763 4637 1852 4694 vi-

344 4745 459 4800 ces,
490 4738 865 4788 castrorum
896 4730 1168 4790 Domini
1206 4733 1625 4792 custodientes
1656 4733 1851 4793 intro·

347 4827 535 4887 itum.
572 4828 862 4888 Phinees
893 4837 1107 4888 autem
1150 4830 1334 4904 filius
1368 4833 1679 4890 Eleazari
1710 4842 1850 4893 erat

342 4925 482 4984 dux
522 4945 755 4986 eorum
794 4945 1014 4985 coram
1044 4929 1342 4987 Domino.
1378 4931 1582 4988 Porro
1614 4931 1851 4990 Zacha-

346 5024 479 5082 rias
522 5025 716 5099 filius
753 5025 1190 5092 *Mosollamiffi
1212 5025 1476 5102 janitor
1508 5037 1715 5103 portoe
1762 5038 1849 5088 ta-

348 5119 689 5180 bernaculi
720 5122 1096 5182 testimonii.
1150 5137 1169 5156 ·

426 5223 663 5280 Omnes
692 5221 767 5279 ln·
807 5221 992 5279 electi
1022 5221 1095 5280 in
1134 5222 1429 5280 ostiarios
1452 5241 1573 5298 per
1595 5232 1841 5300 porta-5,

344 5317 607 5378 duoenti
662 5319 1027 5390 duodecim,
1075 5327 1135 5378 et
1184 5320 1494 5396 descripti
1540 5321 1615 5382 in
1664 5323 1844 5383 villis

1956 4338 2128 4414 fores
2169 4336 2391 4418 templi
2427 4337 2582 4399 hora
2620 4337 3064 4419 praeordinata.
3098 4341 3192 4399 De
3229 4358 3446 4399 eorum

1953 4453 2166 4512 yreye,
2191 4434 2266 4496 -id
2315 4442 2410 4496 est
2453 4452 2707 4514 genere,
2742 4446 2929 4497 erant
2957 4446 3017 4496 et
3059 4456 3253 4514 super
3295 4457 3450 4498 vasa

1966 4535 2351 4604 ministerii,
2381 4533 2502 4596 hoc
2533 4542 2651 4612 est,
2683 4535 2884 4616 aliqui
2930 4535 3064 4597 nati
3103 4555 3178 4598 ex
3217 4537 3310 4598 eis
3345 4556 3454 4600 cu-

1963 4631 2326 4695 stodiebant
2373 4651 2552 4695 sacra
2602 4651 2751 4695 vasa
2798 4633 3007 4696 cultus
3065 4634 3291 4698 divini.
3344 4638 3453 4697 Ad

1958 4751 2306 4790 numerum
2351 4733 2626 4792 enimet
2674 4733 3127 4810 inferebantur
3169 4753 3352 4804 vasa,
3390 4745 3451 4794 et

1956 4831 2408 4905 efferebantur,
2441 4828 2503 4891 id
2533 4836 2649 4906 est,
2685 4849 2830 4893 cum
2859 4830 3154 4911 diligenti
3183 4839 3248 4893 ct
3277 4841 3450 4895 certa

1956 4927 2432 5008 computatione
2493 4928 2971 5009 exponebantur
3020 4931 3098 4991 ad
3147 4949 3328 4992 usum
3381 4930 3448 4992 in

1956 5025 2222 5106 templo,
2257 5034 2319 5087 et
2350 5027 2821 5108 reponebantur
2851 5027 2916 5089 in
2949 5027 3080 5088 suis
3112 5027 3446 5090 custodiis,

1960 5127 2056 5185 De
2086 5126 2248 5200 ipsis
2285 5135 2343 5184 et
2373 5126 2491 5204 qui
2509 5127 2756 5185 eredita
2782 5125 2904 5187 sibi
2930 5129 3245 5186 habebant
3273 5137 3450 5188 uten-

1956 5224 2113 5281 silia
2164 5224 2558 5292 sanctuarii,
2589 5221 2654 5284 id
2694 5231 2790 5285 est
2833 5221 3076 5304 templi,
3123 5235 3448 5300 praeerant

1955 5320 2196 5381 similae
2223 5329 2282 5380 et
2314 5321 2468 5380 vino
2495 5328 2555 5381 et
2584 5325 2717 5382 oleo
2745 5331 2806 5382 et
2851 5321 3032 5383 thuri
3060 5332 3120 5383 et
3149 5324 3451 5384 aromati-

3511 3077 3532 3098 *
3557 3080 3658 3120 erat
