4309 6259
1221 524 1568 569 ENARRA'rlo
1610 524 1672 570 IN
1715 524 1852 570 cAP.
1899 524 2007 570 xlx
2045 524 2172 569 1013.
2220 544 2296 553 —
2339 524 2481 570 ΛΒΤ.
2528 524 2672 571 xuu

3360 506 3480 569 553

388 688 814 769 judicandum
841 693 1190 755 secundum
1213 712 1407 776 opera
1431 714 1556 758 sua
1574 696 1887 757 Semicam
1914 695 1967 756 A
1997 694 2128 771 Dei,
2148 694 2302 775 quia
2328 694 2409 757 ab
2432 713 2507 759 eo
2539 696 2755 773 creati,
2776 704 2839 759 et
2868 704 3243 778 potestatem
3274 695 3483 761 sortiti

393 808 608 848 meam
635 791 1099 867 circumsepsit,
1134 791 1196 854 id
1228 800 1346 869 est,
1379 792 1526 855 vitae
1563 811 1720 855 meae
1751 811 1890 874 pro-

390 903 648 948 cessum
700 889 1192 951 adversitatibus
1241 892 1402 953 Deus
1449 890 1888 953 circumvalla-

389 985 506 1061 vit,
540 997 604 1047 et
647 991 928 1048 transire
965 1009 1094 1049 non
1125 1010 1408 1067 possum,
1442 990 1506 1052 id
1536 998 1652 1066 est,
1689 988 1888 1053 libere

392 1087 696 1167 progredi
745 1106 855 1150 seu
899 1090 1166 1152 evadere
1205 1108 1494 1171 nequem
1535 1092 1694 1151 etin
1724 1094 1888 1150 calle

391 1206 554 1253 meo,
607 1185 672 1247 id
722 1195 817 1249 est
865 1187 1307 1269 operationum
1356 1207 1678 1270 processu,
1727 1198 1887 1249 tene-

390 1286 542 1343 bras
593 1285 1086 1350 tribulationum
1125 1290 1364 1363 posuit.
1400 1288 1542 1363 Ista,
1575 1296 1884 1369 quantum

385 1382 466 1444 ad
499 1401 788 1462 sensum,
821 1384 1192 1465 frequenter
1220 1385 1570 1467 praehabita
1597 1394 1767 1447 sunt.
1792 1386 1886 1448 ld-

385 1480 560 1544 circo
609 1491 1003 1563 pertranseo,
1046 1484 1200 1564 quia
1245 1491 1310 1547 et
1355 1484 1750 1547 difficillima
1797 1502 1886 1547 re-

387 1588 582 1640 stant.
601 1584 932 1659 Spolz‘avz‘t
954 1586 1279 1659 meyloria
1301 1604 1468 1653 mea,
1485 1582 1544 1645 id
1570 1591 1663 1645 est
1695 1582 1885 1663 incly-

387 1686 446 1738 ta
483 1677 678 1755 fama,
702 1679 942 1743 honore
973 1690 1035 1744 et
1063 1682 1334 1763 pristina
1363 1682 1738 1757 reverentia,
1757 1701 1883 1762 qua

385 1786 694 1859 tanquam
739 1780 949 1860 justus
989 1788 1052 1842 et
1095 1781 1350 1862 sapiens
1391 1780 1471 1842 ab
1513 1780 1880 1843 hominibus

1995 812 2067 855 ac
2111 793 2331 856 venire
2374 794 2693 874 permissi.
2728 794 3053 857 Daemones
3092 813 3351 877 quoque
3394 794 3483 856 la-

1996 898 2209 953 trones
2240 889 2502 953 suerunt
2532 892 2598 953 in
2627 892 3035 974 percussione
3066 892 3235 955 beati
3260 892 3398 969 Job,
3418 901 3483 955 et
3534 918 3744 970 J01,„‚7,

1995 1008 2214 1052 eorum
2244 990 2353 1071 qui
2385 990 2791 1073 pertinebant
2820 992 2896 1053 ad
2939 991 3144 1073 ipsum
3182 1009 3197 1054 :
3228 992 3381 1074 quia
3419 1002 3483 1055 et

1993 1088 2268 1151 Chaldaei
2295 1098 2359 1151 et
2388 1089 2587 1152 Sabaei
2620 1109 2657 1151 a
2685 1090 3080 1153 daemonibus
3112 1090 3366 1154 fuerant
3395 1092 3484 1155 in-

1994 1187 2193 1250 citati.
2228 1191 2312 1249 Ec
2357 1191 2651 1265 fecerunt
2696 1190 2824 1249 sibi
2870 1174 3075 1251 viam*
3089 1211 3208 1268 per
3253 1212 3373 1261 me,
3416 1192 3479 1254 id

1993 1294 2109 1361 est,
2147 1306 2248 1349 me
2292 1286 2498 1368 ipsum
2540 1295 2602 1349 et
2641 1306 2783 1349 mea
2820 1288 2898 1349 ad
2941 1287 3195 1350 libitum
3226 1289 3481 1352 concul-

1993 1394 2338 1465 caverunt3
2380 1388 2755 1446 obsederunt
2795 1388 2867 1447 in
2904 1406 3067 1464 yyro
3109 1391 3481 1449 tabernacu-

1996 1487 2131 1543 lum
2158 1505 2391 1555 meum,
2412 1483 2474 1545 id
2496 1492 2593 1546 est
2612 1484 2991 1547 domesticos
3021 1504 3195 1547 meos
3219 1494 3281 1548 et
3312 1485 3477 1549 bona

1992 1582 2220 1644 domus
2270 1601 2447 1653 meae,
2497 1601 2607 1645 seu
2657 1582 3089 1646 habitaculum
3142 1584 3374 1665 ipsum,
3412 1585 3476 1646 in

1993 1700 2120 1762 quo
2142 1680 2267 1742 filii
2291 1690 2353 1743 et
2376 1680 2531 1743 siliae
2552 1682 3076 1763 opprimebantur
3096 1682 3207 1746 illo
3228 1691 3472 1747 ruente.
3522 1710 3637 1753 ma.
3654 1725 3684 1762 ι,
3702 1714 3769 1764 ιε,

2069 1782 2331 1841 Fratres
2361 1800 2537 1849 mem,
2564 1780 2628 1841 id
2658 1788 2753 1842 est
2782 1789 3096 1859 cognatos
3116 1780 3216 1845 vel
3248 1780 3476 1844 fratres
3510 1776 3571 1816 ¹⁹·

383 1876 790 1953 honorabar3
831 1890 890 1939 et
930 1882 1194 1939 abstuli-'t
1231 1900 1532 1939 coronam
1566 1882 1644 1939 de
1675 1882 1882 1956 capite
1916 1878 1963 1940 B
1994 1878 2249 1959 proprie
2276 1878 2500 1954 dictOS,
2535 1878 2587 1939 si
2620 1879 2844 1941 habuit
2873 1898 3003 1957 θος,
3038 1884 3217 1957 longe
3252 1882 3409 1958 fecit
3435 1903 3477 1942 a

387 1996 544 2049 meo,
583 1976 649 2038 id
695 1986 792 2039 est
836 1977 1201 2058 judicialem
1255 1986 1632 2059 potestatem
1674 1996 1748 2041 ac
1790 1978 1882 2038 di-

103 2082 218 2169 ³toz>
235 2098 350 2137 mx,
382 2075 720 2152 gnitatem.
753 2075 932 2138 Unde
974 2075 1074 2137 ins
1079 2096 1144 2139 ra
1185 2075 1475 2159 profatur
1511 2094 1524 2139 ε
1557 2076 1756 2151 Quum
1791 2097 1882 2141 se-

103 2148 162 2187 ‘³'
385 2174 608 2236 derem
641 2174 826 2255 quasi
859 2194 990 2251 rex,
1014 2174 1464 2239 circumstante
1493 2177 1796 2239 exercitu.

451 2276 796 2334 Destruoeit
819 2296 919 2334 me
937 2278 1254 2354 undique,
1280 2274 1339 2336 id
1369 2282 1486 2351 est,
1507 2280 1638 2338 tolo
1669 2294 1882 2357 corpo-

383 2390 452 2433 re
493 2371 822 2435 vulnerari
864 2372 1178 2454 permisit,
1213 2381 1276 2435 et
1303 2392 1558 2436 omnem
1589 2374 1881 2436 substan-

382 2469 534 2536 tiam
559 2488 755 2551 quam
783 2470 992 2546 habui,
1015 2471 1306 2552 permisit
1335 2472 1493 2534 mihi
1525 2472 1777 2535 auferri.
1794 2476 1881 2534 Ec

374 2587 592 2644 pet-ec,
626 2567 690 2629 id
733 2576 850 2642 est,
887 2569 1077 2630 morti
1117 2568 1250 2650 jam
1300 2569 1625 2650 proximus
1670 2568 1782 2646 fio,
1818 2578 1880 2631 et

382 2666 680 2729 destruor
711 2684 998 2748 corpore.
1034 2666 1210 2740 Quod
1241 2668 1590 2730 secundnm
1624 2667 1880 2731 inferio-

381 2784 523 2826 rum
555 2772 623 2827 et
653 2765 1038 2827 naturalium
1071 2765 1642 2830 considerationem
1663 2785 1881 2829 causa-

381 2882 523 2925 rum
573 2863 666 2926 sic
707 2862 851 2939 suit,
891 2865 1426 2945 quemadmodum
1460 2864 1742 2927 Ezechiae
1769 2866 1882 2929 Do-

108 2972 350 3077 ¹nannum..
381 2962 598 3023 minus
647 2962 808 3024 dixit
857 2981 970 3044 per
1017 2962 1240 3024 isaiam
1280 2983 1294 3026 :
1338 2963 1612 3045 Dispone
1660 2964 1878 3025 domui

379 3159 602 3221 subdit
651 3177 666 3221 ε
717 3170 778 3220 et
824 3164 1015 3240 quasi
1059 3166 1302 3222 avulsoe
1345 3164 1565 3222 arbori
1612 3164 1878 3222 abstulit

375 3279 550 3335 spem
584 3280 815 3329 meam,
854 3259 914 3321 id
956 3268 1072 3335 est,
1107 3278 1236 3323 non
1281 3260 1543 3341 reliquit
1589 3261 1747 3321 mihi
1799 3259 1880 3323 si-

377 3356 634 3420 duciam
698 3358 1116 3439 recuperandi
1173 3359 1508 3421 sanitatem
1559 3368 1622 3422 et
1671 3367 1878 3423 cetera

375 3455 537 3518 mibi
580 3456 812 3533 ablata,
847 3458 1385 3537 quemadmodum
1419 3458 1627 3522 arbori
1661 3478 1877 3540 ampu-

375 3562 520 3617 tatae
549 3573 680 3617 non
716 3564 1000 3617 remanet
1031 3574 1198 3638 spe-S,
1221 3556 1323 3619 via
1345 3576 1456 3619 scu
1485 3557 1874 3638 possibilitas

373 3652 797 3716 refloritionis
829 3673 902 3716 ac
934 3652 1475 3717 fructificationis,
1498 3656 1877 3737 Supernatu-

372 3749 594 3813 raliter
635 3758 849 3813 tamen
877 3750 993 3814 Job
1025 3751 1243 3814 omnia
1283 3752 1702 3834 recuperavit.
1735 3756 1874 3814 Ira-

374 3860 474 3909 tus
511 3860 604 3909 est
642 3860 868 3911 contra
898 3872 998 3910 me
1024 3851 1220 3927 furor
1250 3852 1411 3928 eju-3,
1449 3851 1509 3912 id
1550 3860 1665 3929 est,
1701 3852 1872 3934 rigor

371 3948 611 4012 divinae
640 3946 906 4030 justitiae
934 3948 1094 4009 mihi
1137 3948 1334 4011 iratus
1365 3950 1636 4027 videtur,
1672 3969 1870 4031 quan-

369 4056 505 4109 tum
537 4048 615 4109 ad
650 4046 1030 4109 exteriorem
1060 4047 1519 4128 apparentiam,
1557 4057 1682 4110 tam
1712 4049 1868 4111 dure

371 4146 692 4229 plagando
743 4164 885 4220 me;
927 4156 988 4207 et
1024 4149 1119 4205 sic
1159 4168 1256 4207 me
1292 4148 1521 4207 habuit
1549 4150 1738 4226 quasi
1765 4150 1868 4207 Ιιο-

1989 1998 2088 2037 me
2133 1976 2532 2058 permissive,
2584 1996 2697 2039 seu
2743 1977 3243 2041 concomitanter
3276 1998 3289 2039 :
3322 1980 3476 2061 quia

1988 2093 2103 2156 per
2133 2076 2253 2138 hoc
2284 2076 2455 2156 quod
2484 2077 2645 2138 Deus
2679 2076 2767 2137 ita
2796 2076 3083 2158 permisit
3111 2078 3226 2139 Job
3258 2097 3477 2159 percu-

1989 2172 2057 2249 ti,
2094 2173 2300 2237 factus
2339 2182 2433 2236 est
2474 2174 2611 2255 ipse
2646 2174 2762 2237 Job
2804 2174 3253 2237 abominabilis
3296 2176 3471 2251 suis;

1985 2283 2044 2333 ec
2065 2275 2203 2333 noce·
2226 2275 2376 2341 mei,
2392 2273 2636 2335 scilicet
2668 2273 3013 2336 familiares
3033 2283 3097 2337 et
3116 2274 3269 2351 cari,
3286 2278 3477 2355 quasi

1987 2374 2195 2432 alieni
2222 2383 2610 2433 recesserunt
2639 2394 2679 2433 α
2710 2394 2835 2442 me,
2860 2391 2986 2435 non
3019 2374 3469 2449 succurrendO,

1989 2470 2410 2546 condolendo,
2462 2471 2791 2533 adstandO.
2833 2474 3331 2551 Dereliquerunt
3378 2494 3475 2534 me

1977 2572 2343 2648 propinqui
2382 2572 2553 2641 mei,·
2588 2580 2647 2631 et
2686 2573 2803 2648 qui
2841 2592 2937 2631 me
2974 2582 3291 2632 noverunt
3320 2579 3476 2633 tem-

1988 2685 2141 2749 pore
2176 2667 2638 2749 prosperitatis,
2657 2671 2841 2728 oblici
2866 2678 3019 2729 sunt
3045 2671 3169 2729 mei
3190 2678 3473 2751 tempore

1988 2766 2411 2841 adversitatiS,
2466 2785 2592 2829 non
2644 2766 3070 2849 impendendo
3116 2766 3471 2830 subsidium

1988 2884 2197 2945 neque
2247 2864 2567 2926 solatium.
2603 2865 2725 2927 Ista
2767 2883 3022 2946 quoque
3062 2866 3351 2947 superius
3380 2868 3487 2945 di<
3513 2882 3763 2934 mas-ma,

1987 2962 2098 3025 xit.
2135 2964 2467 3043 Inquilini
2494 2967 2722 3023 domus
2760 2985 2933 3037 meoe,
2968 2964 3031 3026 id
3078 2973 3173 3027 est
3212 2964 3471 3029 advenae
3502 2948 3567 2990 ¹⁵⁸

383 3069 528 3137 tuae,
567 3061 723 3143 quia
761 3062 1052 3124 morieris
1093 3070 1182 3137 tu,
1219 3071 1281 3125 et
1321 3080 1447 3125 non
1489 3062 1684 3127 vives.
1721 3063 1877 3127 Hinc
1906 3070 1949 3132 C
1987 3062 2052 3123 in
2083 3062 2243 3125 meis
2272 3061 2515 3124 aedibus
2546 3061 3275 3137 incolenteS,etancillae
3292 3085 3468 3137 meoe,

1983 3163 2150 3221 sicut
2196 3161 2486 3221 alienum
2532 3163 2897 3221 habuerunt
2942 3181 3060 3230 me,
3091 3179 3218 3223 non
3248 3180 3473 3225 curan-

1987 3270 2080 3323 tes
2111 3260 2191 3323 de
2220 3279 2344 3337 me,
2370 3260 2546 3323 velut
2575 3260 2627 3322 si
2660 3259 2821 3321 nihil
2855 3260 3248 3323 auctoritatis
3280 3280 3472 3343 super

1985 3378 2093 3421 eos
2136 3358 2457 3422 haberem.
2492 3360 2633 3422 ldeo
2670 3358 2923 3421 additur
2957 3376 2971 3419 :
3003 3369 3063 3419 et
3090 3362 3279 3439 quasi
3297 3380 3473 3436 perc-

1977 3460 2216 3535 yrz'nus
2242 3460 2353 3536 fui
2382 3461 2449 3518 in
2481 3461 2683 3517 oculis
2711 3478 2957 3527 eorum,
2988 3457 3075 3519 ita
3108 3458 3277 3538 quod
3316 3458 3472 3521 obli-

1985 3557 2161 3619 vioni
2192 3576 2293 3619 me
2322 3556 2577 3631 dabant,
2614 3556 2714 3619 vel
2741 3556 2926 3637 quasi
2967 3559 3470 3637 pertranseundo

1983 3655 2442 3737 adspicicbant.
2464 3658 2738 3715 Servum
2764 3676 2971 3715 meum
2996 3676 3142 3716 voca
3154 3657 3312 3725 vi,et
3338 3678 3466 3718 non

1981 3757 2309 3833 respondit
2329 3778 2354 3825 ,·
2389 3774 2494 3813 ore
2526 3756 2794 3831 proprio
2832 3756 3217 3829 deprecabar
3246 3756 3461 3818 illum.

1979 3854 2134 3915 Puto
2185 3852 2289 3915 hic
2338 3852 2657 3930 singulare
2704 3850 2984 3933 positum
3032 3870 3147 3933 pro
3194 3851 3460 3933 plurali,

1981 3952 2067 4014 ita
2105 3952 2276 4032 quod
2317 3970 2354 4012 a
2390 3949 2681 4032 pluribus
2718 3947 2978 4011 famulis
3018 3949 3151 4011 suis
3189 3969 3257 4011 se
3295 3950 3463 4013 dicat

1977 4056 2434 4131 contemptum,
2469 4048 2621 4128 quia
2652 4066 2769 4110 nec
2797 4047 3069 4128 jubenti,
3108 4067 3224 4111 nec
3254 4048 3461 4111 oranti

1976 4146 2435 4228 acquieverunt
2485 4153 2769 4226 tempore
2804 4144 3205 4208 adversitatis
3251 4145 3456 4208 istius.

366 4256 526 4307 stem
553 4266 771 4317 suum,
807 4244 870 4306 id
903 4252 1019 4321 est,
1055 4244 1266 4307 taliter
1295 4263 1396 4307 me
1426 4244 1737 4321 tractavit,
1764 4244 1868 4307 ha-
1897 4250 1946 4311 D
1977 4248 2281 4308 Halitum
2308 4265 2523 4305 meum
2552 4246 2890 4304 eoelzorruit
2920 4264 3087 4303 uxor
3107 4265 3246 4305 mea
3266 4265 3289 4304 .·
3310 4244 3463 4325 quia

369 4344 584 4406 hendo
627 4351 988 4425 respectum
1031 4344 1109 4405 ad
1150 4360 1372 4425 poenas
1414 4343 1652 4424 quibus
1694 4324 1868 4405 afili-

367 4460 482 4523 gor
515 4442 870 4505 secundum
902 4460 968 4504 se
1001 4442 1193 4524 ipsas,
1229 4441 1397 4504 sicut
1436 4442 1667 4524 impios
1704 4442 1864 4505 solet

106 4550 338 4607 mnan.
369 4550 666 4605 tractare.
701 4540 860 4603 Hinc
899 4540 1062 4603 dixit
1097 4540 1390 4623 superius
1425 4556 1440 4601 :
1471 4540 1595 4603 Cur
1634 4539 1862 4604 faciem

371 4649 544 4702 tuam
579 4639 938 4716 abscondiS‚
956 4648 1020 4702 et
1042 4638 1372 4701 arbitraris
1400 4658 1502 4701 me
1531 4638 1860 4701 inimicum

123 4749 338 4809 mama,
369 4742 600 4800 tuum?
633 4746 696 4800 et
724 4737 880 4800 alibi
917 4755 931 4799 z
965 4737 1335 4800 Mirabiliter
1363 4756 1466 4801 me
1497 4737 1765 4814 cruciaS,
1801 4746 1864 4800 et

107 4814 162 4855 ¹⁷·
369 4836 764 4918 multiplicas
805 4836 962 4898 iram
1006 4845 1182 4898 tuam
1222 4836 1561 4899 adversum
1589 4855 1714 4899 me.
1747 4836 1865 4899 Ve-

369 4944 755 5011 rumtamen,
778 4936 1126 4999 secundum
1149 4935 1478 4999 veritatem
1504 4953 1630 4997 non
1653 4934 1775 4997 fuit
1796 4935 1860 4997 in

367 5032 468 5096 bis
493 5033 588 5095 ira
606 5042 716 5095 aut
742 5031 920 5096 furor
942 5033 1044 5095 Dei
1079 5034 1412 5097 adversum
1433 5032 1570 5109 soh,
1587 5033 1694 5095 scd
1716 5033 1864 5096 dile-

366 5132 495 5195 ctio
515 5140 581 5195 et
607 5130 813 5211 gratia
840 5148 1088 5211 magna,
1115 5140 1186 5193 ut
1206 5132 1444 5193 dictum
1469 5138 1564 5193 est
1583 5130 1857 5211 plenius,

117 5276 318 5334 mmm-1
457 5235 686 5294 Simul
745 5240 1050 5290 venerunt
1109 5234 1388 5291 latrones
1438 5230 1600 5306 ejus,
1655 5228 1718 5291 id
1767 5238 1863 5291 est

105 5342 160 5381 ιε.
323 5318 642 5392 'Chaldaei
681 5336 746 5392 et
785 5327 988 5391 Sabaei
1023 5345 1035 5388 ε
1070 5328 1184 5409 qui
1234 5328 1536 5390 dicuntur
1582 5326 1862 5389 latrones

1973 4351 2311 4425 corruptus
2360 4351 2424 4405 et
2471 4341 2733 4405 foetidus
2792 4340 2917 4403 fuit
2962 4360 3037 4404 ex
3087 4341 3459 4405 interiorum

1931 4504 1936 4513 ,
1973 4442 2248 4505 maxima
2294 4440 2620 4503 discrasia.
2654 4442 2738 4501 Et
2780 4442 3041 4501 orabam
3082 4444 3254 4518 filios
3292 4444 3463 4503 uteri

1973 4545 2126 4611 mei,
2157 4542 2219 4603 id
2258 4548 2353 4604 est
2391 4541 2469 4602 de
2512 4538 2757 4602 semine
2798 4556 2939 4601 meo
2970 4540 3355 4621 progenitOS‚
3393 4550 3461 4603 ut

1973 4642 2129 4704 mihi
2184 4640 2340 4721 quid
2381 4638 2775 4701 deservirent
2810 4655 2823 4699 :
2858 4638 3092 4718 quibus
3134 4647 3344 4702 tamen
3382 4642 3459 4703 de

1973 4741 2111 4820 lege
2155 4738 2428 4801 naturali
2470 4744 2534 4801 et
2575 4736 2812 4817 scripta
2861 4736 3038 4817 potui
3090 4737 3454 4819 praecipere.

1972 4838 2128 4900 Huic
2178 4845 2389 4900 autem
2439 4834 2635 4898 verbo
2684 4834 2935 4897 videtur
2980 4834 3241 4898 obviare
3287 4837 3457 4916 quod

1973 4935 2267 5016 superius
2306 4933 2615 5014 scriptum
2654 4940 2770 5007 est,
2808 4929 2983 4994 filios
3013 4934 3153 5013 ejus
3191 4940 3254 4995 et
3286 4933 3457 4995 filias
3511 4958 3749 5012 mama,

1972 5032 2164 5095 simul
2196 5050 2531 5113 oppressos
2566 5030 2630 5091 in
2660 5030 2849 5091 domo
2878 5048 2990 5110 per
3010 5030 3150 5109 ejus
3180 5030 3451 5093 ruinam.
3487 5025 3553 5066 ¹⁹·

1970 5131 2063 5193 Ad
2107 5131 2278 5211 quod
2320 5129 2589 5191 Thomas
2636 5127 2973 5209 respondet
3010 5146 3023 5190 :
3058 5128 3190 5191 Dici
3225 5138 3453 5211 potest,

1970 5230 2140 5310 quod
2176 5227 2277 5291 vel
2318 5225 2517 5307 aliqui
2557 5225 2804 5306 parvuli
2853 5237 3311 5303 remanserunt,
3346 5228 3457 5309 qui

1971 5344 2100 5390 non
2132 5325 2565 5391 interfuerunt
2595 5322 2689 5384 illi
2728 5322 3065 5401 convivi03
3108 5324 3209 5388 vel
3256 5325 3457 5408 aliqui
