4309 6259
791 514 1144 560 mannum
1186 516 1250 561 ιΝ
1291 517 1427 561 οΑΡ.
1477 516 1650 562 χχχιι
1693 514 1850 560 unm
1891 513 2144 559 sacuam
2184 516 2714 563 ΡΑιιΑιιΡοιιεΝοΝ.
2758 538 2839 547 -
2880 519 3023 563 Αιιτ.
3068 518 3244 564 χχχιι
3440 500 3556 563 263

439 687 693 768 psisse.
723 691 806 750 Ec
824 690 1004 765 facta
1032 699 1122 749 esc
1151 699 1376 749 contra
1404 710 1551 751 eum
1587 692 1715 759 ira,
1747 701 1806 751 et
1823 711 1963 751 con-
1992 683 2040 745 A
2073 685 2259 749 vibus
2300 696 2769 751 reservarentur
2808 708 2923 771 pro
2967 697 3247 771 tempore
3284 688 3557 752 obsidio-

441 796 566 845 ενα
596 790 844 847 Iudam
865 798 924 848 et
941 792 1301 849 Jerusalem
1331 810 1354 848 .·
1383 788 1503 853 hoc
1524 797 1640 864 est,
1668 789 1828 851 Deus
1860 791 1962 851 de-

437 893 730 947 testatus
751 893 847 947 cst
870 886 1392 965 ingratitudinem
1415 888 1646 968 ejuS,et
1663 907 1960 969 pompam

435 992 520 1046 et
549 985 823 1063 gloriam
853 1004 1107 1062 vanam,
1143 993 1207 1048 et
1245 995 1466 1048 contra
1505 986 1792 1049 subditos
1821 989 1959 1068 ejus

439 1080 480 1143 f
486 1082 587 1143 uit
623 1083 822 1144 iratus
852 1092 1112 1165 propter
1143 1102 1364 1145 eornm
1407 1093 1684 1165 peccata,
1719 1092 1781 1145 et
1810 1084 1962 1166 quia

439 1200 580 1243 suo
625 1180 756 1262 regi
805 1182 1444 1245 communicaverunt
1488 1182 1552 1244 in
1603 1182 1811 1244 malis,
1849 1183 1959 1245 Vel

443 1288 728 1362 propter
766 1298 988 1343 eorum
1038 1288 1299 1361 peccata
1338 1281 1500 1343 Dens
1542 1282 1832 1363 permisit
1873 1300 1961 1343 re-

441 1395 610 1457 gem
659 1377 946 1459 ipsorum
989 1379 1077 1441 ita
1119 1378 1347 1441 tentari
1387 1398 1460 1441 ac
1502 1378 1652 1455 labi,
1698 1379 1862 1441 sicut
1899 1388 1961 1441 et

63 1497 94 1539 11
111 1499 404 1553 fleam-e,
447 1478 680 1559 ipsum
703 1477 924 1553 David,
947 1478 1098 1539 dum
1122 1478 1432 1560 populum
1463 1478 1783 1541 numerari
1806 1498 1964 1560 prae-

65 1566 102 1606 ¹⁹
125 1564 176 1609 ²*
203 1565 296 1603 ’δ’
443 1576 660 1658 cepit.
693 1575 872 1639 Unde
901 1584 965 1639 et
996 1584 1255 1657 propter
1288 1585 1620 1658 peccatum
1661 1576 1819 1639 illud
1850 1578 1963 1639 Da—

444 1674 600 1749 vid,
653 1693 996 1756 percussus
1053 1683 1154 1737 est
1200 1675 1499 1757 populuS.
1553 1675 1708 1738 Nam
1755 1684 1827 1738 ut
1874 1676 1961 1738 ait

445 1772 830 1853 GregoriuS,
865 1773 1030 1835 Deus
1070 1773 1357 1856 disponit
1389 1775 1577 1837 corda
1623 1774 1964 1855 praesiden-

2073 786 2174 848 nis
2212 804 2226 847 :
2271 788 2433 867 quod
2483 795 2775 867 stagnum
2822 788 2886 849 in
2920 788 3261 869 Evangelio
3296 788 3554 851 Joannis

2073 885 2431 966 appellatur
2454 887 2765 949 natatoria
2786 886 2969 963 Siloe,
2991 895 3179 968 atque
3200 896 3269 948 ut
3288 886 3556 969 Epipha-
3580 911 3849 963 Joanmxa.

2071 983 2216 1044 nius
2259 984 2505 1059 asserit,
2539 985 2693 1047 [saia
2733 994 2973 1061 orante,
3008 984 3325 1066 copiosius
3366 984 3554 1047 solito
3636 998 3849 1055 Epiphan.

2069 1083 2147 1144 de
2182 1081 2356 1145 fonte
2379 1082 2545 1145 Siloe
2578 1083 2767 1165 [aqua
2797 1083 3133 1167 prorupit].
3160 1086 3553 1144 [nomnibus
3582 1061 3852 1168 pit-Prophe-

2068 1184 2366 1257 opere'bus
2394 1184 2529 1241 suis
2556 1184 2711 1259 fecit
2732 1203 3032 1261 prospere
3061 1185 3230 1262 quod
3258 1185 3483 1243 voluit.

2150 1283 2451 1341 Attamen
2486 1282 2553 1339 in
2594 1284 2907 1358 legatione
2936 1284 3317 1359 principum
3344 1282 3556 1358 Baby-

2072 1380 2259 1449 lonis,
2293 1378 2411 1441 hoc
2442 1386 2536 1441 est
2571 1379 2637 1440 in
2669 1379 2974 1442 missione
3006 1378 3363 1442 solennium
3397 1397 3555 1441 nun-

2071 1475 2307 1538 tiorum
2340 1477 2504 1557 regis
2532 1476 2893 1559 Babylonis,
2925 1481 3041 1557 qui
3078 1479 3259 1539 missi
3287 1478 3554 1555 fuerant
3604 1499 3849 1557 ινιιομι,

2070 1578 2158 1633 ad
2196 1596 2343 1635 eum
2387 1594 2424 1637 a
2463 1594 2609 1655 rege
2658 1575 2790 1653 illo,
2840 1584 2912 1638 ut
2949 1584 3173 1658 quarto
3204 1577 3441 1656 Regum
3482 1577 3555 1638 li-
3586 1566 3653 1608 ¹²·

2071 1673 2187 1736 bro
2223 1674 2475 1753 legitur,
2509 1686 2581 1736 ut
2624 1677 3099 1752 itzterroyarenc
3130 1680 3210 1737 de
3236 1686 3556 1753 portento,

2072 1776 2243 1851 quod
2281 1775 2603 1833 acciderat
2639 1794 2831 1851 super
2874 1785 3136 1845 terram,
3167 1774 3231 1836 id
3270 1782 3385 1851 est,
3419 1794 3559 1838 cau-

443 1872 630 1933 tium
670 1872 1024 1934 secundum
1063 1871 1290 1934 merita
1324 1879 1436 1933 aut
1477 1872 1785 1935 demerita
1815 1873 1962 1935 sub-
1999 1868 2045 1929 B
2074 1889 2207 1931 sam
2240 1870 2635 1935 miraculosae
2663 1872 3144 1935 retrocessionis
3174 1872 3326 1935 solis
3367 1873 3447 1936 ab
3484 1893 3559 1936 eo

444 1970 771 2033 ditorum.
797 1969 962 2033 Deus
994 1989 1250 2051 quoque
1279 1990 1392 2051 per
1426 1970 1652 2032 Isaiam
1681 1971 1962 2034 Ezechiae

119 2089 403 2141 samm,
445 2068 764 2151 praedixit
807 2076 870 2131 et
914 2068 1338 2131 comminatus
1387 2078 1482 2131 est
1521 2069 1802 2131 debitam
1849 2091 1963 2152 pu-

67 2156 114 2197 θ’
140 2156 192 2193 ⁷·
449 2166 804 2229 nitionem.
843 2168 1382 2245 Humiliatusque
1417 2177 1507 2227 est
1537 2178 1782 2244 postea,
1813 2168 1965 2247 quia

445 2266 538 2328 ad
569 2264 750 2327 lsaiae
783 2264 1346 2346 reprehensionem
1381 2265 1673 2342 advertit,
1709 2274 1772 2328 et
1802 2267 1964 2329 dete-

447 2372 669 2426 status
698 2370 796 2425 est
825 2382 974 2425 suos
1015 2381 1308 2425 excessus
1348 2383 1420 2425 ac
1461 2362 1665 2440 flevit,
1697 2385 1764 2424 eo
1793 2369 1963 2445 quod

443 2466 827 2523 exaltatum
854 2463 1087 2539 fuisset
1117 2483 1224 2523 cor
1252 2464 1412 2540 ejus,
1439 2473 1572 2523 tam
1603 2465 1737 2541 ipse
1764 2485 1959 2542 quam

445 2566 855 2625 habitatores
873 2564 1227 2623 Jerusalem
1251 2584 1273 2623 .·
1293 2564 1616 2623 etidcirco
1640 2583 1761 2623 non
1789 2567 1962 2623 venit

447 2680 656 2736 super
693 2680 794 2719 eos
835 2662 940 2721 ira
979 2660 1250 2720 Domini
1291 2661 1364 2719 in
1413 2661 1636 2719 dicbus
1669 2662 1962 2721 Ezechiae

447 2776 576 2839 per
615 2758 966 2833 Chaldaeos,
1000 2758 1078 2819 de
1111 2756 1346 2838 quibus
1388 2756 1578 2819 lsaias
1626 2758 1958 2839 praedixit3

138 2884 204 2926 n,-
239 2885 384 2936 aeq.
451 2866 686 2939 postea
715 2874 868 2918 vero
903 2864 1187 2937 tempore
1215 2856 1460 2919 Joakim
1492 2856 1685 2937 coepit
1715 2856 1955 2919 venire.

77 2962 212 2997 ²¹¹³*
241 2948 360 2996 ¹*ss
540 2957 704 3017 Fuit
735 2964 956 3015 autem
997 2956 1309 3017 Ezechias
1358 2958 1535 3014 dives
1577 2964 1637 3015 et
1675 2958 1961 3032 inclytus

2074 1968 2531 2049 investigarent
2565 1988 2578 2031 ε
2616 1990 2807 2051 quam
2854 1970 3373 2033 retrocessionem
3417 1989 3561 2053 pro—

2073 2076 2213 2149 pter
2257 2086 2403 2129 eum
2454 2066 2685 2131 factam
2727 2067 2925 2131 fuisse
2973 2077 3405 2151 perceperant.
3436 2069 3561 2131 Un-

2074 2166 2150 2227 de
2183 2174 2247 2227 et
2285 2166 2425 2248 ejus
2466 2166 2837 2247 dignitatem
2872 2176 2934 2230 et
2972 2167 3411 2230 excellentiam
3443 2168 3560 2229 mi-

2073 2264 2397 2340 rabantur,
2434 2274 2692 2347 propter
2723 2285 2912 2347 quem
2943 2285 3165 2329 cursus
3203 2265 3557 2329 coelestium

2073 2380 2412 2444 corporum
2476 2364 2939 2427 immutaretur.
2997 2366 3358 2445 Der-eliquit
3412 2386 3559 2425 eum

2071 2466 2413 2534 DominuS,
2466 2473 2536 2523 ut
2583 2473 2939 2524 tentaretur
2986 2483 3021 2525 a
3064 2463 3292 2545 spiritu
3342 2483 3561 2545 super-

2072 2560 2217 2637 biae,
2251 2572 2311 2623 et
2361 2572 2507 2623 nota
2555 2567 2785 2639 fierent
2822 2565 3045 2623 omnia
3083 2583 3226 2642 quoe
3261 2573 3449 2623 erant
3485 2566 3559 2623 in

2070 2664 2256 2720 eorde
2301 2662 2467 2738 ejus,
2514 2661 2633 2723 hoc
2682 2668 2797 2737 est,
2856 2660 3119 2723 interior
3165 2662 3304 2742 ejus
3343 2660 3554 2737 elatio,

2073 2757 2458 2837 ingratitudo
2506 2768 2569 2821 et
2616 2778 2777 2823 vana
2826 2759 3027 2840 gloria
3076 2760 3560 2823 ostenderentur

2070 2856 2146 2917 ad
2196 2864 2477 2918 nostram
2521 2857 2855 2933 cautelam,
2891 2875 3003 2938 per
3040 2856 3233 2921 verba
3282 2864 3345 2919 et
3391 2854 3556 2918 facta

2072 2954 2211 3034 ejus
2261 2955 2571 3016 exteriora
2625 2972 2639 3015 ε
2694 2954 2847 3035 quia
2896 2963 3047 3018 tunc
3099 2954 3559 3017 demonstravit

453 3056 677 3123 valde,
709 3062 768 3113 cc
814 3056 1139 3114 thesauros
1175 3055 1304 3113 sibi
1342 3055 1668 3129 plurimos
1713 3074 1962 3131 conyre-
1995 3050 2040 3115 C
2072 3052 2313 3114 nuntiis
2348 3053 2476 3114 illis
2504 3053 2899 3135 opulentiam
2930 3061 2993 3116 et
3012 3052 3556 3135 magnificentiam

439 3153 645 3229 gavit
673 3154 938 3229 aryenci
977 3161 1036 3211 ct
1073 3152 1254 3221 auri,
1285 3162 1344 3211 et
1385 3154 1624 3228 lapidis
1667 3154 1956 3229 pretiosi,

450 3259 833 3313 aromatum
855 3260 915 3311 et
934 3270 1268 3311 armorum
1295 3252 1588 3311 universi
1599 3254 1880 3325 gener-ia,
1903 3262 1962 3311 et

449 3368 768 3409 vasorum
811 3349 1040 3424 mayni
1070 3350 1315 3424 prelii,·
1343 3352 1676 3425 apothecas
1718 3368 1963 3428 quoque

447 3449 814 3525 frumenti,
839 3448 986 3505 vini
1004 3455 1064 3505 et
1082 3447 1230 3515 olei,
1250 3456 1311 3508 et
1329 3449 1648 3525 praesepia
1671 3448 1962 3508 omnium

427 3548 936 3625 jumentorum,
989 3548 1336 3623 caulasque
1373 3547 1732 3620 pecorib-us,
1764 3556 1822 3605 et
1863 3566 1965 3605 ur-

450 3648 559 3705 bes
585 3665 702 3704 sese
738 3646 1115 3721 aedificavit.
1150 3646 1440 3704 Habebat
1479 3646 1716 3721 quippe
1744 3664 1966 3721 yreyes

453 3746 686 3803 ovium
723 3751 783 3801 et
831 3751 1278 3801 armentorum
1324 3744 1852 3811 innumerabiles,
1897 3763 1964 3801 eo

451 3845 636 3921 quod
649 3842 929 3901 dedisset
947 3841 1009 3898 ei
1024 3841 1342 3900 Dominus
1359 3842 1616 3899 substan
1629 3842 1788 3901 tiam
1810 3844 1968 3901 mul-

459 3950 600 4000 tam
623 3940 847 3999 nimis.
869 3937 1142 4018 Fuitque
1175 3937 1450 4018 inclytus
1483 3938 1690 3999 carnis
1721 3937 1966 4019 origine

455 4058 536 4101 ex
561 4036 762 4117 regali
793 4036 992 4099 David
1016 4035 1340 4117 progenie,
1365 4037 1474 4098 sed
1496 4035 1772 4099 nobilior
1794 4055 1968 4099 men-

460 4146 544 4211 te,
587 4154 718 4197 non
773 4135 1216 4214 degenerando
1255 4152 1292 4196 a
1343 4142 1706 4197 sanctorum
1748 4154 1963 4215 regum

2070 3170 2250 3213 snam
2282 3159 2345 3213 et
2374 3151 2497 3214 alia
2535 3152 2848 3233 quaedam,
2882 3152 3085 3234 magis
3123 3171 3315 3233 quam
3351 3150 3553 3229 licuit,
3610 3168 3823 3216 mata.

2072 3258 2141 3311 ut
2175 3258 2401 3330 quarto
2432 3250 2670 3329 Regum
2699 3268 3067 3331 expressum
3100 3259 3217 3313 θεῖ.

2163 3351 2442 3428 Reliqua
2492 3359 2706 3409 autem
2752 3370 3118 3410 sermonum
3169 3349 3462 3411 Ezechiae
3500 3358 3560 3409 et

2074 3448 2671 3506 misericordiarum
2707 3446 2868 3524 ejus)
2902 3448 3143 3525 scripta
3181 3456 3333 3507 sunt
3365 3450 3437 3508 in
3465 3449 3560 3507 vi-

2071 3546 2248 3605 sione
2275 3546 2489 3617 Isaioe,
2522 3545 2657 3622 ficii
2684 3546 2902 3613 AmoS,
2929 3545 3271 3622 prophetae,
3294 3554 3353 3605 ec
3383 3547 3455 3606 in
3487 3548 3562 3605 Zi-

2074 3645 2183 3703 bro
2221 3646 2470 3719 Requm
2511 3646 2683 3703 Juda
2733 3652 2793 3702 ec
2839 3645 3065 3703 Israel.
3119 3645 3563 3723 Dormivitque

2075 3744 2387 3803 Ezechias
2416 3762 2563 3801 cum
2582 3743 2883 3818 patribus
2910 3742 3073 3810 suis,
3093 3751 3152 3803 et
3178 3743 3563 3817 sepelierunt

2075 3861 2223 3900 eum
2251 3859 2448 3916 supra
2470 3842 2763 3917 sepulcra
2781 3842 3074 3916 filiorum
3100 3841 3340 3909 David,
3360 3838 3421 3900 id
3442 3847 3559 3915 est,

2077 3937 2462 4000 eminentius
2494 3945 2683 4017 atque
2702 3936 3068 4017 praeclarius
3090 3936 3450 4018 sepulcrum
3476 3934 3566 3999 fe-

2077 4044 2303 4099 cerunt
2322 4036 2378 4097 ei
2403 4054 2592 4117 quam
2614 4034 2757 4096 aliis
2780 4033 3058 4114 regibuS,
3083 4042 3341 4116 propter
3364 4034 3567 4115 ipsius

2076 4134 2345 4197 virtutes
2378 4132 2666 4209 eximiaS‚
2702 4139 2765 4194 et
2796 4132 3095 4212 quoniam
3128 4140 3329 4194 totum
3367 4150 3570 4216 popu-

461 4233 830 4309 nobilitate‚
857 4232 978 4295 hoc
999 4240 1116 4309 est,
1143 4232 1673 4296 virtuositatessx
1707 4234 1969 4296 rationa-
1997 4239 2046 4300 D
2077 4234 2212 4294 lum
2258 4252 2445 4294 suum
2478 4231 2569 4311 sic
2608 4230 3003 4307 reformavit,
3040 4239 3103 4293 ct
3140 4237 3381 4293 tantam
3432 4250 3569 4313 pro-

459 4332 584 4395 bili
615 4330 813 4394 etiam
845 4348 1037 4393 causa
1068 4340 1328 4413 propter
1358 4349 1696 4394 commune
1725 4331 1963 4394 bonum

458 4429 881 4510 congregavit
910 4437 1000 4491 tot
1021 4448 1196 4510 opeS.
1224 4433 1366 4507 Ipse
1391 4440 1481 4490 est
1508 4433 1821 4492 Ezechias
1851 4433 1968 4510 qui

457 4530 800 4591 obturavit
817 4530 1213 4605 superiorem
1231 4529 1476 4605 fontem
1509 4550 1834 4608 aquarum
1858 4532 1967 4590 Gi-

455 4632 618 4697 hon,
651 4626 716 4689 id
747 4634 864 4701 est,
901 4624 1142 4688 fontem
1174 4625 1356 4687 illum
1391 4626 1481 4689 sic
1511 4625 1760 4703 clausit,
1793 4628 1964 4708 quod

459 4734 642 4789 extra
675 4724 905 4786 urbem
939 4742 1068 4787 non
1104 4722 1315 4801 fluxit,
1341 4724 1424 4787 ob
1446 4744 1701 4787 causam
1733 4726 1965 4807 praeha-

461 4824 526 4886 bi
539 4832 691 4899 tam,
723 4832 785 4883 ec
813 4824 1052 4883 avertit
1079 4844 1207 4894 eas,
1235 4823 1479 4886 scilicet
1507 4842 1702 4903 aquas
1733 4823 1959 4900 Gihon,

457 4924 706 4990 subter,
757 4920 820 4982 id
883 4927 1002 4996 est,
1059 4918 1328 4983 inferius
1380 4940 1484 4984 eas
1544 4922 1856 4984 convertit
1903 4930 1965 4985 et

465 5018 674 5081 fluere
726 5017 906 5094 feeit,
951 5022 1040 5079 ad
1087 5022 1471 5081 occidentem
1515 5024 1691 5080 urbis
1722 5023 1964 5089 Dauid,

461 5126 790 5199 quatenus
830 5116 1198 5179 interiorem
1243 5117 1552 5198 piscinam
1593 5117 1961 5180 influerent.

461 5216 641 5277 Fecit
674 5233 936 5296 quoque
963 5223 1111 5277 ante
1147 5215 1386 5277 fontem
1421 5216 1588 5279 Siloe
1620 5216 1804 5296 quasi
1847 5226 1968 5279 sta-

461 5332 696 5393 gnum,
739 5312 809 5373 in
855 5332 986 5393 quo
1027 5332 1210 5393 aquae
1255 5312 1728 5393 colligerentur,
1773 5323 1836 5376 et
1882 5315 1969 5378 ci-

2076 4331 2444 4413 speritatem
2475 4330 2686 4392 attulit
2712 4347 2927 4409 regno.
2956 4332 3039 4391 Et
3058 4331 3398 4391 celebravit
3428 4332 3567 4407 ejus

2073 4431 2411 4508 exsequias
2442 4431 2785 4488 universus
2811 4431 3007 4499 Iuda,
3042 4438 3103 4487 ct
3131 4448 3343 4488 omnes
3387 4430 3566 4489 habi-

2076 4540 2305 4589 tatores
2341 4532 2694 4591 Jerusalem
2716 4552 2744 4599 ,·
2783 4529 3204 4607 reqnavaque
3236 4531 3565 4591 Manasses

2069 4631 2255 4707 filius
2285 4629 2423 4705 (jus
2443 4646 2567 4704 pro
2592 4646 2683 4687 eo·

2152 4726 2462 4788 Docemur
2501 4743 2575 4786 ex
2621 4723 2742 4786 isto
2791 4722 3093 4803 capitulo,
3132 4730 3200 4783 ut
3240 4722 3303 4785 in
3345 4724 3557 4786 arduis
3651 4748 3813 4792 sensus

2072 4824 2282 4887 causis
2327 4822 2729 4885 celebrentur
2766 4820 3058 4897 concilia,
3092 4830 3156 4882 et.
3194 4822 3449 4905 praelati·
3484 4842 3559 4885 ac
3600 4809 3791 4855 ¹³⁰¹¹¹¹⁸⁰

2072 4922 2420 5005 principeS,
2474 4928 3059 5002 quantumcumque
3118 4918 3436 5000 sapientes
3485 4939 3559 4983 ac

2073 5020 2366 5096 virtuosi,
2401 5038 2526 5082 non
2550 5016 2925 5099 despiciant,
2948 5035 3066 5079 nec
3094 5017 3391 5080 omittant
3412 5037 3558 5081 cum

2074 5119 2206 5180 suis
2240 5114 2665 5180 consiliariter
2689 5112 2888 5195 loqui,
2924 5122 2986 5175 et
3030 5114 3108 5176 de
3145 5114 3406 5194 agendis
3439 5124 3561 5177 tra-

2074 5226 2266 5279 ctare.
2301 5216 2679 5277 Devotorum
2711 5229 2966 5291 quoque
3002 5211 3317 5274 orationes
3352 5214 3564 5294 requi-

2079 5323 2242 5391 rant,
2276 5320 2335 5376 et
2370 5319 2625 5394 sperent
2655 5310 2719 5371 in
2752 5309 3041 5387 Domino,
3068 5311 3564 5394 praeliorumque
