4309 6259
1413 509 1763 557 mutuno
1803 478 1866 556 1'1«
1909 510 2044 555 cu.
2091 509 2135 555 11
2175 510 2301 556 son.
2347 528 2427 539 --
2468 511 2612 557 Aur.
2649 511 2729 556 vn

495 778 686 857 tangi
717 778 964 855 desine,
988 798 1055 838 os
1082 780 1222 857 ejus
1251 787 1310 837 et
1337 797 1624 846 carnem,
1646 774 1710 837 id
1739 784 1857 852 est,
1884 793 2010 837 non

491 876 721 938 solum
755 876 928 939 circa
965 875 1382 958 superficiem
1427 875 1712 955 corporis
1741 873 1864 951 sui,
1903 874 2012 935 sed

493 993 720 1055 usque
751 976 830 1037 ad
864 974 1174 1037 interiora
1204 974 1488 1056 corporis
1521 973 2013 1054 distemperatur

493 1081 574 1135 et
608 1081 1006 1153 torqueatur,
1037 1083 1098 1133 et
1139 1084 1292 1134 tunc
1334 1073 1604 1141 videbis,
1634 1070 1700 1132 in
1742 1072 1881 1153 ipso
1919 1068 2014 1132 es-

497 1165 715 1247 sectu,
757 1172 930 1252 quod
979 1190 1152 1233 nunc
1201 1170 1380 1235 vides
1429 1170 1494 1231 in
1546 1178 1606 1232 te
1652 1169 1814 1252 ipso.
1850 1169 2011 1231 Deus

493 1271 690 1333 enim
719 1270 1018 1351 quamvis
1056 1290 1094 1332 a
1127 1269 1316 1333 rebus
1359 1268 1651 1331 notitiam
1696 1285 2013 1348 nusquam

495 1368 812 1452 accipiat,
834 1369 947 1431 sed
976 1368 1193 1431 omnia
1223 1368 1291 1430 in
1324 1386 1455 1431 suae
1485 1375 1736 1430 aeternae
1766 1366 2015 1448 sapien-

497 1467 623 1529 tiae
673 1467 1028 1549 conspiciat
1073 1466 1240 1543 luce,
1283 1466 1374 1529 sic
1428 1476 1637 1529 tamen
1688 1463 2014 1545 cognoscit

501 1585 618 1629 res
657 1566 722 1627 in
755 1585 823 1629 se
853 1566 1018 1648 ipso,
1051 1573 1124 1627 ut
1167 1564 1372 1627 nihilo
1416 1564 1630 1625 minus
1675 1570 2015 1643 cognoscat

501 1683 626 1727 eas
660 1664 724 1725 in
755 1664 889 1727 suis
915 1664 1161 1726 naturis
1191 1672 1384 1744 atque
1413 1661 1779 1738 effectibuS,
1803 1660 1866 1723 id
1895 1668 2012 1737 est,

505 1764 586 1824 in
619 1782 692 1825 se
729 1762 871 1845 ipso
915 1762 1264 1843 cognoscit,
1299 1762 1554 1842 quando
1593 1769 1655 1823 et
1697 1760 2017 1843 quomodo

3489 491 3607 553 333

489 688 889 761 potestatem
931 699 1174 758 exerce,
1206 689 1268 740 ec
1311 688 1524 756 tange,
1556 677 1620 739 id
1663 686 1782 753 est,
1825 696 1862 739 a
1907 695 2010 739 me
2039 676 2090 739 A
2118 678 2534 741 tentationem
2572 677 2831 756 dicitur,
2866 678 2920 740 si
2960 698 3077 741 nos
3117 678 3334 742 induci
3375 677 3455 741 ab
3502 678 3609 740 ad-

2119 775 2403 840 versario
2431 776 2749 860 patiatur3
2806 777 2895 840 sic
2936 776 3123 839 Satan
3172 796 3425 840 servare
3474 776 3611 839 ani-

2121 894 2291 937 mam
2322 875 2575 953 dicitur,
2600 895 2799 957 quum
2830 876 2991 938 hanc
3026 877 3325 939 tentando
3353 894 3611 958 supera-

2124 994 2189 1038 re
2218 974 2613 1055 prohibetur.
2648 975 2885 1057 ltaque,
2920 975 3086 1038 sicut
3112 976 3275 1037 Deus
3305 974 3609 1037 asseritur

2123 1072 2425 1155 reprobos
2460 1072 2759 1137 indurare
2798 1082 2861 1137 et
2900 1092 3233 1151 excaecare,
3270 1092 3398 1138 non
3438 1072 3611 1154 quod

2122 1171 2546 1235 indurationis
2576 1172 2813 1235 directe
2834 1173 2918 1235 sit
2936 1193 3149 1251 causa,
3169 1174 3279 1237 sed
3308 1172 3461 1254 quia
3483 1190 3609 1236 non

2123 1278 2405 1335 removet
2454 1290 2614 1347 eam,
2668 1270 2958 1335 faciendo
3008 1272 3147 1353 ejus
3198 1272 3606 1354 oppositum3

2123 1369 2218 1431 sic
2249 1369 2436 1431 Satan
2467 1370 2742 1431 animam
2774 1390 2811 1432 a
2849 1379 3053 1433 morte
3090 1371 3331 1452 peccati
3363 1388 3614 1433 servare

2124 1487 2295 1531 nunc
2328 1467 2552 1544 fertur,
2588 1487 2716 1531 non
2750 1470 2923 1551 quod
2964 1470 3511 1533 conservationem
3548 1467 3615 1530 in

2126 1567 2294 1631 bono
2326 1566 2594 1645 efficiat,
2629 1569 2739 1631 sed
2771 1568 2924 1648 quia
2953 1569 3093 1649 ejus
3123 1568 3486 1650 oppositum
3522 1567 3619 1630 in-

2127 1667 2293 1729 ferre
2317 1666 2629 1748 nequibit.
2658 1666 2887 1748 Sicque
2908 1667 3219 1749 expositio
3239 1667 3440 1729 Rabbi
3460 1667 3619 1749 Moy-

2127 1764 2215 1826 sis
2256 1764 2377 1827 erit
2417 1764 2693 1841 subtilis,
2729 1765 3145 1846 intelligendo
3186 1784 3300 1847 per
3337 1764 3617 1829 animam

501 1880 620 1923 nes
655 1870 807 1923 sunt
849 1861 916 1923 in
965 1861 1242 1943 propriis
1283 1860 1670 1924 exsistentiis
1719 1878 1792 1921 ac
1837 1867 2018 1921 natu·
2054 1860 2101 1923 B
2130 1882 2313 1925 usum
2347 1862 2633 1939 rationiS,
2670 1872 2739 1925 ut
2777 1863 3021 1927 scilicet
3048 1864 3350 1926 Dominus
3392 1864 3620 1925 innuat

505 1960 634 2036 τίς,
671 1969 735 2022 et
773 1960 1032 2041 quando
1071 1960 1158 2021 ita
1193 1977 1320 2022 non
1351 1967 1522 2021 sunt.
1559 1958 1694 2035 Vel,
1729 1956 2014 2033 Videbis,

503 2058 584 2121 id
636 2066 758 2135 est,
796 2058 957 2121 alios
1005 2058 1168 2120 scire
1207 2058 1549 2138 videreque
1592 2055 1791 2118 facies
1827 2072 1840 2116 :
1883 2056 2022 2137 jux-

147 2170 296 2215 σοι.
321 2181 460 2217 m,
507 2167 582 2220 ta
636 2156 798 2219 illud
848 2155 958 2219 Dei
1007 2157 1087 2218 ad
1133 2154 1472 2231 Abraham,
1525 2155 1702 2217 Nunc
1751 2152 2020 2233 cognovi

109 2236 192 2276 12.

113 2870 469 2925 maen-111.
515 2852 701 2933 quod
735 2850 922 2913 tertio
952 2850 1190 2927 Regum
1208 2847 1454 2911 Jezabel
1475 2845 1860 2927 impiissima
1879 2844 2027 2907 scri-

103 2936 158 2984 S,
189 2936 284 2975 ¹0.

505 2255 703 2337 quod
729 2254 954 2318 timeas
982 2254 1204 2330 Deum,
1237 2260 1301 2315 et
1329 2271 1458 2315 non
1489 2252 1846 2334 peperceris
1879 2251 2021 2313 filio

507 2364 660 2419 tuo.
686 2358 866 2424 Quod
897 2357 969 2415 in
998 2356 1238 2431 faciem
1271 2355 1598 2414 benedicat
1633 2353 1776 2421 tibi,
1805 2350 1871 2413 id
1900 2358 2018 2425 est,

507 2454 738 2538 palam
779 2453 1140 2517 maledicet.
1174 2454 1260 2515 De
1300 2451 1464 2528 istis,
1499 2450 1651 2532 quia
1695 2451 1827 2532 jam
1875 2457 2022 2511 ante

511 2554 772 2636 prolixe
802 2552 1090 2635 exposita
1121 2560 1291 2627 sunt,
1314 2559 1586 2612 transeo.
1604 2547 1781 2622 Quod
1811 2556 2022 2610 autem

511 2654 592 2716 in
657 2652 1004 2733 Scripturis
1061 2648 1423 2713 benedictio
1483 2648 1592 2711 Dei
1654 2647 1774 2711 hoc
1834 2647 2023 2710 modo

511 2772 645 2835 pro
675 2770 790 2814 suo
818 2750 1169 2831 accipiatur
1199 2748 1541 2823 contrario,
1565 2754 1813 2810 constat
1843 2765 1918 2809 ex
1949 2764 2024 2809 eo

513 2951 656 3033 psit
685 2949 940 3013 civibus
963 2947 1232 3022 Naboth,
1259 2953 1328 3007 ut
1357 2945 1780 3028 producerent
1801 2952 2022 3007 contra

511 3068 674 3111 eum
723 3056 942 3122 testeS,
989 3046 1277 3109 dicentes
1331 3063 1344 3107 ε

509 3149 652 3211 Deo
682 3156 748 3210 et
777 3146 932 3227 regi.

596 3249 800 3309 Dixit
839 3266 986 3325 erqo
1014 3247 1332 3307 Dominus
1369 3248 1456 3306 ad
1483 3248 1718 3312 Satan,
1761 3251 1831 3305 ut
1883 3242 2022 3325 ejus

507 3346 873 3409 falsitatem
914 3344 1298 3420 ostenderet,
1332 3352 1397 3406 et
1435 3341 1637 3405 sancti
1665 3343 1780 3405 Job
1819 3342 2026 3405 decla-

508 3453 694 3508 raret
725 3443 1020 3519 virtuteS,
1052 3441 1516 3525 praemiumque
1545 3450 1806 3520 augeret
1831 3458 1844 3502 ε
1869 3444 2026 3503 Ecce

505 3547 588 3605 in
627 3564 836 3605 manu
865 3552 980 3603 cua
1006 3551 1119 3609 est,
1155 3540 1219 3602 id
1249 3549 1366 3615 est,
1393 3540 1689 3621 potestati
1723 3548 1848 3602 tuae
1876 3558 2022 3602 eum

513 3643 706 3705 trado
728 3641 1104 3704 tentandum
1139 3648 1201 3703 et
1223 3638 1649 3719 affligendum
1672 3638 1738 3699 in
1758 3656 2025 3719 corpore

513 3740 626 3803 inl*
631 3758 702 3802 ra
731 3748 1029 3803 mortem.
1049 3738 1183 3801 Non
1215 3738 1389 3800 enim
1410 3756 1623 3800 servos
1646 3755 1793 3799 suos
1821 3736 2024 3799 Domi-

515 3859 650 3902 nus
681 3837 950 3901 omnino
982 3836 1175 3899 tradit
1204 3836 1449 3899 Satanae
1477 3835 1792 3898 voluntati
1822 3854 1894 3897 ac
1919 3853 2028 3917 po-

513 3937 744 4000 testati
769 3936 1128 4010 tentandOS,
1153 3934 1264 3997 sed
1292 3934 1644 3996 secundum
1666 3952 2028 3996 mensuram

515 4037 866 4099 decentem
896 4054 969 4096 ac
1000 4032 1502 4114 complacentem
1532 4031 1678 4094 sibi.
1712 4034 2032 4094 Verumta-

2125 1960 2551 2024 afflictionem
2580 1980 2708 2023 non
2729 1980 2867 2025 esse
2899 1971 3137 2025 tantam
3158 1962 3413 2035 debere,
3436 1962 3613 2044 quod

2125 2058 2389 2121 rationis
2422 2058 2669 2121 tolleret
2708 2078 2917 2121 usum.
2955 2059 3056 2123 Sic
3098 2079 3376 2141 quoque,
3416 2069 3483 2122 ut
3524 2079 3619 2123 re-

2126 2157 2281 2219 citat
2322 2158 2504 2239 Lyra,
2551 2157 2752 2219 Rabbi
2797 2157 3091 2221 Salomon
3137 2158 3613 2241 interpretatur.

2206 2259 2516 2334 Egressus
2547 2258 2757 2333 iyitur
2784 2260 2995 2319 Satan
3022 2279 3063 2317 a
3089 2259 3261 2334 facie
3288 2260 3560 2319 Domini
3596 2278 3617 2318 :

2126 2355 2300 2436 quod
2339 2373 2531 2436 supra
2566 2355 2925 2436 expositum
2968 2363 3102 2430 est3
3148 2357 3465 2432 pov-cussit
3501 2359 3619 2416 Job

2129 2458 2339 2515 ulcere
2356 2455 2656 2531 pessimO,
2697 2453 2759 2515 id
2804 2462 2899 2517 est
2943 2454 3383 2535 poenalissimo
3420 2461 3484 2516 et
3522 2456 3622 2533 (ut

2129 2551 2393 2634 quidam
2432 2552 2681 2631 dicunt)
2712 2552 3051 2615 incurabili
3089 2569 3103 2613 :
3138 2554 3309 2633 quod
3343 2571 3472 2615 non
3518 2572 3623 2635 ap-

2131 2658 2331 2732 paret,
2365 2650 2419 2712 si
2450 2650 2639 2732 paulo
2670 2659 2816 2713 ante
2859 2670 2973 2733 per
3011 2652 3288 2714 animam
3320 2650 3448 2715 vita
3486 2638 3619 2716 cor-

2130 2748 2369 2831 poralis
2410 2768 2481 2811 ac
2520 2748 2815 2811 animalis
2856 2749 3269 2830 intelligatur.
3306 2750 3407 2813 Sic
3446 2752 3617 2814 enim

2131 2848 2252 2910 hoc
2302 2847 2483 2910 ulcus
2530 2856 2798 2910 mortem
2850 2848 3225 2910 naturaliter
3272 2847 3615 2924 intulisset,

2132 2945 2303 3026 quod
2333 2944 2635 3007 Dominus
2678 2945 3006 3027 prohibuit
3035 2945 3223 3007 Satan
3260 2963 3275 3007 ε
3309 2945 3437 3007 nisi
3476 2947 3623 3027 quis

1398 3044 1725 3109 Benedixit
1775 3043 2022 3107 Naboth
2058 3047 2100 3110 C
2130 3044 2321 3120 dicat,
2346 3044 2518 3124 quod
2546 3043 2851 3106 Dominus
2882 3044 3210 3126 prohibuit
3235 3064 3314 3107 ne
3343 3063 3488 3107 eum
3524 3065 3623 3107 su-

2130 3141 2264 3203 bito
2295 3141 2395 3204 vel
2427 3142 2494 3203 in
2539 3140 2717 3203 brevi
2758 3149 3031 3205 necaret.
3064 3142 3279 3223 Aliqui
3319 3142 3491 3205 enim
3525 3143 3621 3205 in-

2129 3238 2445 3302 curabiles
2476 3238 2680 3302 morbi
2713 3238 2865 3301 satis
2894 3240 3005 3301 diu
3037 3248 3207 3302 stant
3246 3239 3437 3301 simul
3469 3259 3613 3303 cum

2130 3338 2286 3402 vita.
2332 3342 2390 3401 A
2436 3343 2671 3416 planta
2708 3340 2895 3415 pedis
2941 3360 3141 3418 usque
3181 3343 3269 3400 ad
3316 3342 3611 3402 verticem

2131 3440 2297 3515 ey'uS,
2327 3436 2570 3499 scilicet
2598 3435 2847 3518 capitiS,
2869 3435 2957 3498 ita
2977 3439 3147 3517 quod
3180 3446 3311 3500 toto
3342 3436 3467 3500 fuit
3496 3457 3625 3501 cor-

2133 3554 2287 3617 pore
2340 3535 2685 3598 ulcerosuS.
2738 3534 2946 3598 Potuit
2994 3534 3123 3598 dici
3172 3537 3251 3599 de
3297 3536 3414 3599 Job
3463 3537 3621 3599 illud

2132 3634 2307 3697 Isaiae
2343 3652 2357 3696 :
2388 3634 2439 3696 A
2476 3633 2693 3716 planta
2732 3634 2913 3716 pedis
2953 3654 3154 3715 usque
3196 3636 3275 3697 ad
3320 3636 3620 3699 verticem

2135 3731 2385 3815 capitis,
2422 3750 2549 3795 non
2594 3740 2688 3795 est
2731 3732 2795 3793 in
2836 3750 2910 3795 eo
2950 3732 3228 3807 sanitas3
3271 3733 3527 3811 vulnuS,
3562 3742 3625 3797 et

2138 3831 2325 3909 livor,
2357 3839 2421 3893 et
2451 3830 2634 3911 plaga
2668 3838 2939 3894 tumenS.
2964 3830 3140 3893 Unde
3170 3830 3291 3893 hoc
3322 3831 3463 3895 loco
3496 3831 3626 3894 sin-

2138 3928 2359 4010 gulare
2396 3928 2655 4011 ponitur
2694 3946 2808 4010 pro
2856 3927 3113 4010 plurali,
3150 3928 3394 3991 scilicet
3442 3930 3624 3993 ulcus

2138 4048 2254 4111 pro
2285 4027 2859 4090 innumerabilibus
2887 4046 3051 4109 pene
3082 4028 3425 4105 ulceribuS‚
3460 4030 3626 4093 sicut

3664 1094 3903 1147 Ionan-xii,

3638 1159 3713 1208 ως
3743 1158 3777 1201 ll
3800 1159 3903 1202 Cor.

3640 1234 3695 1269 tv.
3712 1223 3752 1263 4.

3686 3660 3749 3705 18.
3770 3676 3799 3711 1,
3819 3663 3860 3705 6.

523 4156 674 4195 -men
701 4136 1002 4195 animam
1022 4134 1206 4192 illius
1224 4130 1517 4201 serva,id
1539 4138 1655 4206 est,
1686 4130 2029 4193 animalem
2140 4127 2207 4188 in
2238 4126 2504 4201 Psalmo,
2538 4125 2728 4202 Dixit,
2762 4135 2826 4189 et
2854 4126 3029 4189 venit
3060 4126 3339 4205 locusta3
3376 4128 3443 4189 in
3472 4128 3625 4191 Exo-
3666 4152 3920 4203 Pmoun.

520 4254 642 4297 seu
664 4231 1066 4314 corporalem
1089 4229 1292 4311 ipsius
1315 4229 1513 4293 vitam
1535 4248 1662 4291 non
1684 4248 2029 4312 praesumas
2060 4234 2112 4297 D
2139 4226 2221 4288 do
2250 4243 2508 4307 quoque
2549 4224 2871 4303 scribitur,
2906 4225 3095 4289 Venit
3131 4245 3352 4289 musca
3390 4226 3627 4307 gravis-
3666 4260 3915 4313 amdam,

519 4332 942 4411 exstinguere
977 4347 992 4391 ε
1026 4328 1197 4410 quod
1245 4328 1490 4409 utique,
1542 4326 1680 4391 visa
1724 4327 2032 4409 patientia

513 4429 666 4506 Job,
701 4428 896 4491 Satan
946 4425 1228 4502 fecisset,
1273 4425 1327 4488 si
1375 4424 1727 4508 permissus
1777 4424 2026 4487 fuisset.

519 4527 732 4591 Rabbi
775 4526 1016 4609 Moyses
1063 4532 1300 4601 autem,
1354 4524 1522 4605 quod
1573 4524 1829 4600 dicitur,
1883 4523 2030 4585 Ani-

518 4645 702 4690 mam
723 4625 902 4686 illius
923 4643 1128 4700 serva,
1149 4623 1411 4705 exponit
1432 4622 1510 4685 de
1531 4640 1606 4685 eo
1626 4623 1798 4704 quod
1819 4630 2032 4685 manet

521 4732 676 4807 post
706 4732 1004 4786 mortem.
1045 4720 1164 4785 Sed
1207 4721 1359 4802 quia
1389 4721 1454 4783 id
1486 4720 2033 4784 immortificabile

523 4831 650 4899 est,
687 4820 866 4903 prior
895 4820 1210 4901 expositio
1250 4818 1458 4901 aptior
1496 4818 1818 4900 judicatur
1855 4836 1868 4880 :
1905 4817 2031 4880 nisi

525 4920 704 4984 forte
749 4918 1149 4997 intelligatur
1185 4918 1263 4981 de
1299 4925 1504 4980 morte
1537 4916 1801 4998 peccati,
1833 4925 1904 4978 ut
1951 4917 2034 4979 sit

529 5038 787 5095 sensus,
813 5017 1108 5079 Animam
1131 5014 1305 5077 illius
1327 5034 1530 5092 serva,
1553 5016 1621 5077 id
1650 5023 1767 5092 cst,
1791 5016 1869 5077 ad
1892 5034 2035 5097 pec-

533 5127 752 5181 catum
797 5135 938 5179 eam
992 5134 1120 5177 non
1170 5113 1454 5177 induces.
1489 5114 1668 5176 Unde
1695 5113 2034 5195 Gregorius

534 5218 630 5280 ait
659 5234 676 5277 ε
708 5214 976 5279 Servare
1007 5213 1196 5280 Satan
1224 5212 1481 5289 dicitur,
1517 5212 1872 5293 irrumpere
1906 5231 2034 5277 non

537 5316 797 5379 audere.
833 5311 1012 5375 Sicut
1049 5310 1222 5375 enim
1259 5312 1424 5374 Deus
1463 5309 1765 5373 inducere
1808 5329 1926 5375 nos
1967 5311 2032 5375 in

2139 4324 2321 4386 sima.
2366 4322 2530 4386 Dicit
2574 4332 2788 4387 autem
2817 4323 3368 4388 AlbertuszUlcus
3417 4326 3624 4389 calido

2139 4422 2429 4486 interiori
2460 4430 2521 4485 et
2552 4422 2815 4486 humido
2855 4432 3280 4506 putrescente,
3316 4424 3382 4486 in
3413 4424 3624 4488 fontes

2140 4522 2573 4585 membrorum
2629 4521 2967 4599 ebulliens,
3022 4522 3197 4606 lepra
3244 4532 3362 4600 est,
3414 4534 3487 4586 ut
3536 4524 3631 4586 di-

2140 4620 2230 4683 cit
2256 4620 2528 4683 Galenus
2565 4637 2579 4681 :
2614 4621 2786 4701 quod
2819 4620 3166 4702 pessimum
3197 4622 3451 4701 dicitur,
3480 4623 3629 4704 quia

2141 4738 2217 4781 ex
2258 4717 2665 4799 corruptione
2707 4718 2991 4781 omnium
3031 4728 3369 4799 generatur
3407 4720 3633 4783 humo-

2143 4834 2307 4878 rum.
2349 4815 2504 4877 Puto
2550 4824 2785 4893 tamen,
2827 4815 3060 4897 inquit,
3110 4817 3281 4897 quod
3327 4815 3452 4878 fuit
3493 4817 3633 4879 her-

2143 4913 2597 4996 pestiomenus.
2649 4913 2761 4975 Ille
2818 4932 3094 4996 namque
3152 4914 3436 4977 corrodit
3492 4934 3631 4977 car·

2145 5031 2289 5076 nem
2312 5019 2375 5074 et
2395 5030 2558 5088 ossa,
2580 5013 2930 5075 secundum
2943 5012 3272 5075 Galenum.
3287 5012 3633 5094 Gregorius

2144 5128 2403 5193 quoque
2445 5109 2533 5171 ait
2579 5127 2592 5172 ε
2640 5110 2894 5173 Duobus
2940 5112 3145 5173 modis
3197 5110 3452 5190 flagella
3484 5130 3634 5193 pen-

2145 5210 2343 5272 sanda
2388 5216 2557 5284 sunt,
2608 5208 2851 5271 scilicet
2897 5209 3114 5290 qualia
3155 5209 3283 5272 sint
3326 5219 3390 5272 et
3435 5228 3635 5290 quan-

2145 5319 2230 5387 ta,
2266 5308 2332 5370 id
2358 5314 2454 5369 est
2480 5326 2671 5387 quam
2701 5307 2901 5369 multa
2928 5316 2991 5371 et
3017 5326 3211 5389 quam
3240 5308 3481 5389 gravia.
3514 5308 3637 5372 Sae-

3654 4326 3723 4367 2⁴.
