4309 6259
883 500 966 563 38
1457 516 1804 561 mannum
1849 515 1910 561 m
1951 515 2088 559 mr.
2137 514 2243 558 vm
2286 512 2445 557 uam
2484 510 2711 565 onaan
2752 509 2977 554 amen.
3022 528 3101 537 -
3144 508 3285 553 aar.
3332 506 3397 553 ιι

653 708 816 752 Senam

601 771 855 827 *⁶⁸⁹¹ss
887 789 1042 865 tulo,
1061 806 1252 869 quam
1275 785 1764 867 omnipotenter,
1781 784 2247 866 multipliciter,
2273 782 2376 863 pie

883 896 948 949 et
979 886 1296 967 insperate
1323 883 1482 946 sciat
1511 883 1814 945 Dominus
1845 882 1912 945 in
1953 901 2022 944 se
2048 880 2378 945 confiden-

887 986 1057 1048 tibus
1091 983 1470 1047 subvenire:
1494 981 1814 1045 idcireoin
1847 982 1987 1063 ipso
2007 989 2104 1043 est
2125 998 2377 1061 semper

887 1082 1299 1165 sperandum.
1332 1080 1506 1154 Quod
1551 1080 1606 1141 si
1647 1080 1711 1142 in
1745 1080 2028 1143 Ecclesia
2072 1097 2377 1160 quacum-

885 1202 1014 1263 que
1043 1188 1149 1243 aut
1177 1179 1670 1260 congregatione
1709 1178 1904 1241 fuerit
1945 1176 2375 1259 spiritualium

885 1279 1332 1342 alimentorum
1357 1286 1639 1340 extrema
1657 1276 1876 1360 inopia
1903 1296 1976 1339 ac
1996 1275 2377 1339 deformatio

887 1378 1184 1453 maxima,
1219 1395 1347 1439 non
1383 1385 1590 1439 tamen
1637 1386 1732 1439 est
1773 1374 2231 1438 diffidendum.
2266 1374 2379 1436 Do-

597 1494 858 1543 aomaao.
888 1476 1102 1537 minus
1132 1476 1304 1538 enim
1337 1475 1654 1537 interdum
1687 1473 1839 1537 facit
1874 1474 2142 1553 gratiam
2183 1473 2379 1535 abun-

888 1575 1058 1652 dare,
1081 1574 1189 1636 ubi
1222 1574 1571 1637 abundavit
1593 1574 1930 1655 iniquita83
1953 1581 2016 1635 et
2045 1574 2197 1635 dum
2220 1571 2372 1646 vult,

888 1672 1197 1758 praevenit
1225 1674 1520 1755 gratiose,
1553 1682 1747 1754 atque
1788 1673 1866 1735 de
1910 1671 2273 1734 infidelium
2304 1690 2377 1733 ac

623 1818 757 1861 m·
775 1832 860 1869 m,
891 1773 1306 1855 reproborum
1329 1772 1730 1834 damnatione
1751 1789 1898 1833 suos
1927 1771 2086 1833 ditat
2105 1770 2372 1833 eleetos:

597 1884 666 1923 2⁵-
889 1872 1064 1953 quia,
1089 1880 1158 1933 ut
1179 1872 1268 1934 ait
1299 1870 1645 1954 Scriptura,
1667 1870 2008 1933 Pestilente
2029 1868 2373 1949 flagellato,
2414 1870 2459 1932 B
2488 1869 2579 1933 vit
2610 1868 2775 1929 Deus
2802 1866 2883 1928 de
2914 1866 3203 1947 proximo
3222 1883 3360 1928 suo.

971 688 1398 771 spiritualiter
1429 704 1578 749 vero
1607 686 1909 749 docemur
1945 705 2022 747 ex
2051 686 2176 747 isto
2204 681 2377 764 capi-
2406 680 2455 742 A
2486 680 2741 755 stultus,
2762 678 2826 740 id
2857 686 2951 740 est
2972 686 3289 760 peccator,
3306 676 3653 759 sapientior
3682 676 3825 739 erit.
3849 676 3963 739 Sed

2488 778 2653 841 fides
2703 776 3071 859 requiritur,
3122 776 3425 857 quoniam
3476 775 3805 838 infidelem
3855 796 3965 838 sua

2484 877 2815 941 conculcat
2846 875 3141 958 perfidia.
3174 875 3517 951 Postremo,
3542 873 3705 937 sicut
3736 874 3965 956 leprosi

2486 975 2803 1053 dixerunt,
2860 976 2925 1037 Si
2978 974 3391 1049 tacuerimuS,
3444 973 3701 1035 sceleris
3750 990 3969 1052 argue-

2486 1094 2669 1148 mur;
2706 1074 2795 1136 ita
2822 1083 2883 1136 et
2914 1092 3033 1135 nos
3064 1072 3189 1135 nisi
3206 1072 3475 1153 gratiam
3507 1071 3691 1133 nobis
3720 1088 3970 1133 conces-

2486 1193 2619 1237 sam
2660 1172 3345 1236 communicaverimus
3388 1170 3692 1253 proximis
3736 1170 3969 1233 nostris

2488 1283 2773 1354 tempore
2803 1279 3187 1354 opportuno,
3210 1279 3274 1333 et
3294 1270 3491 1333 Deum
3516 1270 3597 1331 de
3622 1268 3755 1331 suis
3784 1267 3971 1329 mira-

2488 1372 2728 1436 bilibus
2760 1391 2832 1434 ac
2863 1369 3199 1434 beneficiis
3223 1368 3713 1443 laudaverimuS,
3740 1366 3967 1447 ingrati

2487 1474 2613 1535 Dco
2656 1469 3061 1533 inveniemur
3094 1478 3155 1530 et
3196 1476 3691 1547 transgressores
3722 1475 3969 1549 aposto-

2488 1571 2625 1633 licae
2654 1569 2985 1651 jussioniS,
3019 1587 3149 1649 qua
3178 1566 3414 1629 dicitur
3446 1582 3461 1628 ε
3494 1565 3962 1647 Unusquisque,
4018 1590 4221 1637 necem,

2486 1669 2651 1732 sicut
2682 1668 2927 1749 accepit
2958 1667 3249 1747 gratiam,
3287 1665 3351 1726 in
3388 1664 3761 1727 alterutrum
3792 1663 3967 1725 illam
3998 1656 4057 1693 ¹⁰·

2486 1766 3025 1831 administrantes.
3058 1765 3295 1846 Nempe
3337 1763 3685 1846 unicuique
3714 1763 3969 1825 manda·
3998 1778 4221 1882 gazam..

2006 2328 2659 2416 ARTICULUS
2734 2330 2858 2412 XI

1211 2634 1524 2681 Exposrrlo
1565 2634 1838 2679 carnum
1881 2633 2100 2678 om‘avl
2143 2633 2159 2677 :
2206 2633 2449 2677 Russus
2491 2632 2697 2677 Auri-:u
2740 2630 3001 2676 Loccws
3046 2631 3153 2675 EST
3194 2631 3279 2675 An
3322 2631 3649 2676 unuani-:m

1031 2940 1608 3005 ESCRIBUNTUR
1633 2942 1697 3005 in
1722 2941 1843 3004 isto
1867 2939 2149 3023 capitulo
2174 2938 2381 3002 adhuc

1049 3042 1338 3123 quaedam
1384 3040 1700 3121 magnalia
1732 3040 1948 3116 Elisei,
1984 3048 2048 3101 et
2085 3039 2379 3120 quaedam

893 3139 1124 3203 vitiosa
1165 3140 1244 3201 de
1288 3140 1545 3220 regibus
1573 3139 1734 3201 Juda
1777 3147 1836 3202 et
1880 3138 2090 3201 lsrael.
2124 3139 2382 3198 Elz'seus

893 3249 1112 3299 autem
1141 3242 1386 3299 locutus
1427 3248 1514 3299 est
1551 3240 1639 3298 ad
1677 3240 2038 3307 mulierem,
2067 3238 2257 3313 cujus
2286 3238 2382 3295 vi-

619 3358 670 3402 w
684 3359 864 3413 nean,
895 3358 1038 3397 vere
1056 3337 1318 3413 fecerat,
1343 3335 1405 3397 id
1437 3344 1553 3413 est,
1578 3355 1615 3398 a
1639 3344 1842 3398 morte
1871 3333 2224 3409 suscitavit,
2252 3334 2381 3395 imo

603 3424 670 3528 ῗζζ
699 3424 768 3471 ³⁵·
799 3424 865 3471 ¹⁶⁹
895 3444 958 3497 ct
987 3434 1238 3516 concipi
1275 3434 1658 3515 procuravit,
1679 3436 1926 3511 filium,
1945 3436 2165 3493 dicens
2184 3451 2207 3493 .·
2228 3436 2385 3493 Sur-

887 3544 1070 3612 ye,et
1093 3537 1254 3593 vade
1281 3543 1350 3593 cu
1379 3543 1438 3592 el
1466 3536 1719 3604 domem,
1743 3532 1805 3594 id
1839 3540 1934 3594 est
1967 3531 2213 3593 familia
2244 3542 2377 3601 tua,

892 3642 952 3692 et
963 3634 1384 3709 pereyrinare
1405 3634 1788 3711 ubicumque
1805 3633 2136 3709 repereriS,
2166 3629 2228 3691 id
2260 3637 2377 3705 est,

893 3731 1294 3794 commodum
1329 3730 1445 3792 tibi
1468 3748 1606 3793 esse
1627 3728 2028 3811 prospexeris
2051 3729 2218 3791 inter
2235 3746 2384 3807 gen-

896 3829 1059 3893 tiles.
1121 3831 1366 3891 Vocabit
1413 3832 1589 3889 enim
1637 3830 1958 3889 Dominus
2004 3830 2268 3908 famem,
2317 3825 2381 3888 id

893 3938 1008 4005 est,
1035 3928 1254 3991 venire
1282 3927 1616 4009 jubebitin
1641 3926 1950 3989 ultionem
1983 3924 2377 4000 idololatriae,

2488 2940 2741 3017 cordiae,
2777 2949 2847 3002 ut
2885 2958 3079 3022 opera
3108 2941 3247 3021 ejus
3286 2940 3351 3002 in
3388 2942 3685 3023 praesenti
3719 2960 3977 3024 quoque

2489 3038 2879 3102 remunerari
2928 3038 3259 3121 incipiant.
3292 3039 3555 3114 Quidam
3587 3059 3702 3122 per
3741 3038 3971 3104 famem

2490 3138 2859 3219 intelligunt
2900 3138 3195 3220 angelum
3238 3138 3651 3221 praepositum
3685 3138 3861 3201 fami.
3888 3140 3975 3202 Ex

2488 3256 2618 3317 quo
2650 3236 2925 3299 sumitur
2968 3246 3437 3317 argumentum,
3470 3238 3639 3319 quod
3672 3238 3834 3300 sicut
3870 3258 3977 3301 an-

2488 3336 2670 3415 gelus
2714 3336 2948 3418 aliquis
2988 3338 3283 3419 praesidet
3328 3336 3595 3417 regioni,
3640 3346 3699 3401 et
3740 3337 3975 3419 aliquis

2490 3436 2754 3513 angelus
2786 3436 2992 3498 malus
3022 3436 3213 3499 alicui
3244 3436 3471 3517 culpae,
3504 3436 3598 3500 sic
3633 3445 3696 3501 et
3738 3437 3974 3519 aliquis

2490 3533 2753 3612 angelus
2788 3534 2981 3597 alicui
3021 3552 3247 3617 poenae.
3280 3534 3457 3597 Unde
3498 3535 3563 3597 in
3595 3534 3969 3618 Apocalypsi

2490 3631 2780 3708 habetur,
2818 3634 2988 3715 quod
3018 3634 3282 3713 angelus
3322 3635 3671 3697 ascendens
3710 3634 3791 3697 ab
3828 3644 3971 3698 ortu
4004 3654 4237 3711 Apum-ng.

2490 3730 2666 3806 soliS,
2691 3731 2989 3794 clamavit
3012 3740 3285 3813 quatuor
3315 3731 3579 3812 angeliS,
3602 3733 3837 3815 quibus
3866 3734 3974 3796 da-

2494 3836 2623 3890 tum
2658 3838 2753 3890 est
2780 3846 3007 3892 nocere
3034 3839 3216 3893 terrai
3238 3839 3302 3892 et
3326 3830 3970 3895 mari.Verumtamen

2492 3945 2822 4009 poenarum
2846 3928 3121 3991 inflictio
3152 3928 3497 4010 aliquando
3518 3938 3843 3993 exercetur
3862 3950 3975 4011 per

895 4026 1294 4109 aliorumque
1343 4026 1652 4091 scelerum
1701 4025 1911 4101 lsrael,
1944 4034 2002 4085 et
2035 4027 2244 4085 veniet
2276 4046 2382 4084 su·
2418 4022 2461 4085 C
2491 4024 2789 4105 angelum
2833 4024 3073 4087 bonum
3111 4043 3126 4087 τ
3161 4034 3231 4087 ut
3270 4027 3348 4089 de
3385 4024 3659 4107 Assyriis
3702 4035 3967 4105 constat,
4004 4050 4151 4102 ivm-9
4158 4061 4237 4092 .....

887 4148 1008 4205 per
1041 4138 1292 4196 terram,
1328 4126 1389 4188 id
1434 4135 1531 4188 est
1559 4144 1750 4207 super
1779 4123 2168 4186 habitatores
2202 4132 2381 4185 terrae

899 4224 1106 4301 istiuS,
1138 4236 1370 4302 septem
1413 4226 1629 4286 annis,
1670 4224 1757 4285 De
1794 4241 1945 4303 qua,
1981 4222 2144 4284 sicut
2190 4240 2382 4302 super

683 4336 830 4381 10011.
893 4324 1128 4387 loe-lem
1161 4322 1411 4405 scripsi,
1445 4322 1631 4384 multi
1662 4328 1987 4403 exponunt
2017 4320 2187 4401 quod
2218 4339 2255 4382 a
2282 4320 2382 4383 Jo-

893 4423 992 4485 cle
1035 4424 1114 4485 de
1156 4422 1430 4484 maxima
1475 4420 1732 4483 caristia
1780 4419 2283 4502 praenuntiatum
2317 4428 2383 4481 et

895 4522 984 4584 ita
1022 4521 1156 4585 haec
1199 4520 1398 4583 fames
1445 4518 1569 4581 fuit
1611 4519 1803 4582 etiam
1845 4518 1910 4580 in
1957 4536 2150 4598 regno
2195 4518 2375 4579 Juda.

895 4622 1046 4698 Im0,
1073 4620 1125 4683 si
1159 4620 1248 4682 ibi
1272 4638 1398 4682 non
1425 4618 1670 4695 fuisset,
1695 4618 2052 4681 verisimile
2073 4627 2191 4695 est,
2209 4618 2378 4698 quod

894 4720 1141 4783 Eliseus
1169 4717 1585 4801 suggessisset
1604 4718 1754 4781 huic
1775 4719 2018 4782 devotae
2049 4726 2376 4794 matronae,

893 4818 1108 4901 potius
1139 4837 1208 4881 se
1234 4815 1584 4880 transferre
1613 4818 1693 4879 ad
1723 4823 1956 4880 terram
1985 4816 2159 4891 Juda,
2184 4834 2377 4897 quam

893 4918 970 4979 ad
1001 4916 1336 4997 gentilium
1370 4916 1716 4996 regionem.
1743 4915 2216 4996 Denique,quia
2245 4914 2379 4977 haec

617 5024 862 5083 lvfleoav.
896 5014 1128 5078 mulier
1172 5015 1446 5078 sollicita
1499 5014 1618 5077 fuit
1655 5015 1734 5076 de
1782 5012 2150 5096 provisione
2185 5012 2379 5075 Elisei

599 5091 642 5141 ⁸‘
666 5091 730 5135 ¹⁰·
895 5114 971 5177 in
1013 5114 1387 5178 necessariis
1419 5114 1586 5190 vitae,
1625 5112 1859 5175 idcireo
1899 5119 1963 5173 et
1997 5110 2133 5193 ipse
2172 5111 2376 5173 eidem

2492 4144 2765 4205 quorum
2804 4133 3061 4187 centum
3092 4125 3415 4205 octoginta
3442 4124 3729 4207 quinque
3772 4126 3973 4189 millia
4000 4112 4237 4225 Ξῗέῃιιὶζηῖ.

2490 4223 2751 4303 angelus
2782 4224 2989 4286 bonus
3018 4223 3272 4285 occidit.
3308 4223 3384 4284 Et
3412 4223 3620 4303 angeli
3651 4224 3765 4305 qui
3796 4234 3975 4288 erant
4004 4252 4150 4284 xum,
4174 4238 4227 4277 ³⁶.

2493 4322 2559 4384 in
2590 4322 2779 4385 domo
2807 4323 2943 4398 Lot,
2971 4332 3420 4403 percusserunt
3448 4323 3755 4405 populum
3788 4324 3975 4389 Sodo-
4005 4344 4239 4391 ommi.

2492 4441 2611 4485 mae
2642 4420 2945 4485 caecitate.
2966 4421 3323 4503 Aliquando
3356 4438 3507 4484 vero
3537 4419 3613 4482 fit
3648 4441 3762 4503 per
3791 4441 3974 4504 ange-

2494 4520 2625 4582 lum
2659 4520 2894 4582 malum
2924 4537 2938 4581 ε
2964 4520 3127 4583 sicut
3156 4522 3235 4583 de
3259 4520 3803 4583 excommunicato
3825 4522 3974 4585 scri-

2492 4618 2587 4681 bit
2617 4619 2977 4700 Apostolus,
3014 4619 3285 4682 Tradere
3324 4618 3691 4700 hujusmodi
3730 4618 3973 4684 Satanae
4034 4632 4239 4679 lema.

2495 4717 2558 4778 in
2591 4716 2918 4779 interitum
2952 4718 3184 4781 carniS.

2573 4821 2725 4886 Quoe
2752 4820 3063 4890 surrexit,
3084 4828 3145 4877 et
3174 4820 3329 4897 fecit
3342 4818 3553 4895 juwca
3583 4821 3843 4881 verbum
3871 4822 3977 4879 ho-

2492 4918 2692 4975 minis
2720 4918 2861 4977 Dei.
2898 4920 2984 4979 Et
3021 4920 3257 4977 vadens
3299 4936 3447 4977 cum
3487 4920 3673 4977 domo
3701 4937 3840 4988 sua,
3866 4939 3976 4995 pe-

2494 5018 2832 5092 reyrinata
2874 5027 2961 5077 est
3004 5018 3071 5077 in
3125 5026 3295 5077 terra
3340 5016 3705 5077 philistiim
3752 5018 3974 5076 diebus

2496 5116 2740 5175 multis,
2772 5116 3105 5193 Quumque
3121 5116 3304 5190 finiti
3321 5123 3521 5173 essent
3540 5115 3706 5173 anni
3719 5124 3970 5191 septem,

894 5213 1106 5278 vicem
1149 5213 1440 5296 rependit
1489 5212 1553 5274 in
1603 5213 1744 5286 isto,
1790 5229 1870 5273 ne
1912 5219 2231 5292 pateretur
2270 5230 2379 5293 pe-
2408 5212 2458 5272 D
2491 5232 2743 5271 reversa
2802 5222 2891 5271 est
2940 5213 3181 5272 mulier
3226 5214 3305 5271 de
3356 5221 3527 5271 terra
3576 5212 3967 5272 Philisciim.

897 5314 1169 5376 nuriam.
1205 5314 1402 5375 Tanta
1433 5320 1530 5374 est
1563 5310 1858 5391 equidem
1895 5309 2096 5374 virtus
2130 5310 2377 5373 miseri-

2486 5310 2663 5372 Unde
2691 5318 2886 5392 patet,
2921 5312 3091 5391 quod
3133 5308 3387 5372 interim
3420 5308 3730 5374 habitavit
3770 5310 3835 5371 in
3878 5330 3973 5373 re-
