4309 6259
577 917 662 962 lob
671 918 844 963 xxxmti.

667 3962 748 4005 101)
775 3976 860 4017 quo

600 4026 848 4079 tempore-i

602 4088 728 4132 xci-it.

872 506 992 572 294

1787 520 2134 569 ENARRATIO
2177 520 2239 565 IN
2283 519 2503 565 mamm
2542 517 2667 563 1013.
2715 535 2796 544 —
2836 515 2977 560 ΛΒΤ.
3024 516 3047 559 1

871 696 1008 760 101).
1042 697 1365 773 Praeterea,
1399 697 1476 759 de
1507 696 1784 758 secundo
1826 692 1967 755 filio
1995 692 2260 767 Nachor‚
2296 692 2357 752 id
2389 690 2438 751 A
2471 709 2587 753 nec
2617 689 2825 771 primo
2853 686 3400 768 Paralipomenon,
3434 684 3501 745 in
3532 682 3765 765 quibus
3794 678 3942 743 locis

875 806 971 860 est
996 797 1076 858 vde
1105 796 1244 877 ipso
1282 795 1426 871 Buz,
1460 793 1615 856 dicit
1651 792 2067 875 Hieronymus
2107 790 2361 852 descen-

874 896 1044 959 disse
1077 895 1282 977 ipsum
1313 893 1479 969 Eliu,
1512 893 1591 955 de
1620 910 1746 973 quo
1776 890 1948 953 infra
1987 889 2065 951 fit
2093 888 2355 964 menti0,

875 994 987 1077 qui
1017 992 1500 1073 cognominatur
1528 991 1795 1066 BuziteS,
1822 998 2121 1070 tanquam
2152 989 2231 1050 de
2259 986 2363 1048 tri-

873 1094 958 1157 bu
989 1094 1134 1154 Buz.
1167 1091 1336 1154 1000)
1367 1108 1623 1171 quoque
1649 1089 1872 1152 dicunt
1899 1086 2164 1162 Hebraei,
2199 1104 2359 1167 quos

878 1192 1292 1302 Hieronymus
1323 1188 1389 1251 in
1419 1188 1538 1251 hac
1575 1188 1925 1250 assertione
1953 1194 2209 1249 secutus
2238 1192 2354 1246 est.

874 1291 994 1354 Sed
1023 1298 1087 1352 et
1115 1289 1180 1351 in
1211 1286 1594 1350 Scholastica
1623 1286 1887 1347 historia
1926 1284 2094 1346 idem
2135 1282 2363 1345 asseri-

875 1398 997 1464 tur,
1031 1387 1216 1468 cujus
1236 1384 1630 1466 conscriptor
1648 1384 1840 1447 etiam
1858 1389 2076 1464 aperte
2095 1388 2361 1443 testatur

874 1506 982 1551 eos
1013 1503 1246 1561 errare,
1279 1484 1390 1565 qui
1421 1483 1643 1546 dicunt
1687 1482 1895 1564 ipsum
1937 1479 2054 1543 101)
2091 1481 2170 1542 00
2196 1479 2359 1540 Ε300

875 1584 1298 1649 descendisse.
1359 1582 1535 1644 Unde
1591 1578 2049 1663 posterioribus
2100 1578 2365 1659 quibus-

877 1687 1020 1747 dam
1053 1682 1304 1746 videtur
1339 1682 1540 1761 magis
1569 1680 1952 1743 credendum
1983 1678 2363 1759 Hieronymo

878 1793 940 1847 et
985 1780 1284 1857 HebraeiS,
1338 1788 1640 1861 tanquam
1683 1779 1747 1840 in
1797 1776 2030 1840 talibus
2079 1776 2363 1840 historiis

877 1902 952 1945 ac
980 1879 1368 1962 genealogiis
1399 1878 1676 1960 amplius
1705 1876 1918 1940 certis,

957 1979 1221 2053 Quidam
1251 1978 1442 2039 etiam
1484 1976 1913 2056 imaginantur
1939 1973 2363 2054 Augustinum

877 2087 1072 2159 atque
1098 2075 1501 2138 Ambrosium
1541 2082 1744 2137 motos
1781 2074 1862 2135 ad
1905 2072 2236 2154 praesatam
2268 2091 2371 2154 po·

879 2176 1173 2239 sitionem
1205 2194 1280 2236 ex
1309 2172 1727 2235 similitudine
1757 2172 2086 2234 nominum
2119 2169 2361 2245 horum,

877 2274 994 2337 101)
1032 2281 1093 2336 et
1119 2271 1339 2335 Jobab.
1363 2271 1813 2333 Verumtamen
1852 2270 1972 2332 hoc
2012 2287 2139 2331 non
2186 2288 2366 2349 reor3

881 2392 999 2436 nec
1026 2371 1260 2452 aliquis
1303 2370 1636 2432 Doctorum
1679 2368 1946 2431 istorum
1995 2366 2365 2429 sublimium

881 2470 1084 2551 tangit
1121 2470 1290 2531 istud
1337 2467 1648 2530 motivum
1683 2484 1697 2527 :
1740 2485 1886 2527 nam
1926 2464 2137 2529 debile
2179 2474 2365 2529 esset.

883 2569 1002 2631 Sed
1034 2567 1244 2649 potius
1284 2563 1559 2627 arbitror
1602 2572 1805 2625 motos
1844 2581 1951 2625 eos
1991 2582 2065 2624 ex
2112 2563 2372 2624 transla-

883 2667 1056 2729 tione
1084 2662 1492 2746 Septuaginta
1532 2662 1950 2743 interpretum
1981 2670 2130 2724 1000
2171 2660 2371 2723 famo-

882 2784 972 2840 sa,
1006 2783 1148 2845 0οω
1178 2760 1388 2838 habet,
1422 2760 1531 2823 Vir
1562 2758 1687 2821 fuit
1724 2758 1789 2820 in
1829 2767 1993 2821 terra
2029 2758 2317 2822 Ausitide
2350 2777 2365 2821 τ

883 2882 1024 2945 quae
1054 2869 1220 2923 terra
1252 2858 1454 2922 fertur
1483 2856 1682 2920 fuisse
1711 2856 1777 2919 in
1809 2856 2052 2919 finibus
2080 2858 2369 2921 ldumaeae

880 2969 1075 3041 atque
1103 2958 1371 3020 Arabiae.
1403 2956 1578 3031 Quod
1607 2966 1820 3019 autem
1851 2954 2259 3038 Septuaginta
2282 2956 2369 3019 ita

2470 785 2852 849 describitur
2907 784 3232 865 generatio
3278 783 3465 857 Esau,
3516 800 3633 844 nec
3684 780 3835 843 alibi
3882 779 3943 841 in

2471 885 2814 967 Scripturis
2854 884 3086 964 legitur
3116 883 3271 945 Beor
3311 880 3511 944 fuisse
3550 879 3946 942 immediatus

2472 983 2651 1046 filius
2680 984 2867 1045 Esau.
2904 982 3136 1043 Tamen
3188 980 3396 1062 primo
3431 979 3945 1061 Paralipomenon

2471 1081 2761 1159 habetur,
2815 1082 2986 1163 quod
3025 1080 3191 1157 Bale,
3242 1086 3387 1161 post·
3432 1096 3621 1160 quem
3666 1076 3947 1158 regnavit
3992 1092 4243 1140 11·..ar1.u

2468 1182 2688 1259 Jobab,
2724 1181 2849 1244 fuit
2898 1180 3077 1243 filius
3114 1179 3290 1241 Beor.
3322 1178 3437 1252 Qui
3486 1186 3696 1240 autem
3745 1158 4027 1258 primo⁴³

2469 1281 2992 1363 Paralipomenon
3021 1277 3166 1341 Bale
3196 1284 3479 1353 vocatur,
3512 1275 3579 1336 in
3608 1274 3834 1337 Genesi
3864 1274 3951 1336 di·

2470 1385 2637 1447 citur
2663 1379 2868 1457 Balac,
2895 1378 3243 1442 secundum
3274 1376 3685 1457 expositores.
3720 1375 3950 1435 Rursus

2470 1480 2843 1565 praedictum
2868 1486 2983 1553 est,
3010 1476 3178 1557 quod
3195 1474 3394 1538 Jobab
3417 1472 3539 1536 fuit
3568 1472 3747 1535 111103
3768 1473 3949 1534 Zarae.

2550 1581 2877 1653 Praeterea,
2909 1576 3087 1657 juxta
3127 1573 3427 1657 praedicta
3465 1572 3648 1655 sequi
3679 1572 3950 1647 videtur,

2474 1677 2646 1758 quod
2663 1674 2779 1739 101)
2809 1682 2956 1737 ante
2976 1674 3225 1755 Moysen
3260 1670 3453 1735 fuerit
3477 1690 3490 1733 :
3517 1673 3686 1752 quod
3710 1680 3776 1734 et
3798 1672 3957 1733 mul-

2474 1776 2521 1837 ti
2567 1774 2945 1837 concedunt.
2990 1771 3107 1834 Sed
3150 1769 3509 1851 GregoriuS,
3550 1789 3743 1851 quem
3784 1768 3959 1833 Glos-

2402 1876 2449 1937 B
2476 1894 2547 1936 sa
2574 1872 2884 1955 sequitur,
2916 1868 3315 1945 contradicit,
3349 1887 3637 1932 asserens
3668 1876 3955 1931 sanctum

2472 1971 2589 2035 101)
2623 1970 2822 2032 101330
2852 1978 3135 2050 tempore
3167 1968 3454 2049 judicum
3490 1966 3711 2050 populi
3744 1966 3953 2029 Israel.

2476 2073 2936 2151 Argumentum
2967 2077 3176 2130 autem
3200 2066 3483 2147 Gregorii
3515 2075 3631 2144 est,
3654 2067 3958 2149 quoniam

2478 2170 2545 2232 in
2586 2168 2813 2231 Genesi
2859 2168 3024 2229 inter
3066 2184 3245 2245 reges
3285 2165 3397 2247 qui
3444 2164 3509 2226 in
3554 2166 3827 2229 Idumaea
3866 2185 3962 2228 re·-

2476 2274 2855 2348 gnaverunt,
2878 2274 3216 2346 antequam
3245 2263 3369 2326 filii
3400 2263 3587 2327 Israel
3618 2282 3831 2345 regem
3858 2264 3961 2326 ha-

2477 2366 2768 2441 buerunt,
2791 2364 2987 2427 Jobab
3018 2370 3489 2425 annumeratur.
3513 2362 3601 2424 Ex
3629 2381 3758 2444 quo
3789 2372 3961 2445 patet
3990 2381 4253 2425 ‹za-,mm

2476 2465 2648 2547 quod
2700 2462 3037 2543 Gregorius
3091 2460 3546 2543 praesupponit,
3600 2480 3715 2543 per
3760 2460 3959 2526 Jobab
3986 2447 4063 2487 ³³·

2476 2562 2747 2641 intelligi
2771 2560 2900 2635 101),
2920 2567 2983 2624 et
3006 2579 3118 2642 per
3140 2568 3392 2642 tempus
3416 2560 3779 2642 praecedens
3808 2580 3963 2643 prae-

2478 2662 2813 2726 sidentiam
2856 2677 3073 2739 regum
3114 2658 3325 2735 Israel,
3363 2657 3633 2738 intelligi
3669 2659 3959 2739 judicum

2477 2769 2750 2842 tcmpuS.
2766 2758 2917 2821 Vult
2946 2776 3202 2839 quoque
3222 2756 3579 2837 Gregorius,
3603 2758 3775 2838 quod
3804 2757 3965 2840 Moy—

2478 2879 2578 2923 ses
2624 2856 2852 2941 spiritu
2899 2854 3274 2937 prophetico
3315 2854 3693 2936 loquebatur
3734 2856 3813 2919 de
3853 2857 3965 2919 do-

2477 2957 2679 3021 minio
2717 2953 2916 3018 Jobab
2957 2953 3325 3036 posterioris
3358 2954 3587 3038 Moyse,
3614 2956 3961 3018 secundum

881 3058 1368 3132 transtulerunt,
1397 3064 1662 3118 testatur
1691 3056 1967 3136 quodam
1997 3054 2135 3118 loco
2164 3055 2372 3119 Hiero-
2404 3064 2447 3127 C
2478 3057 2641 3119 hanc
2686 3053 3093 3136 positionem.
3136 3052 3300 3115 Dicit
3342 3052 3514 3116 enim
3558 3053 3894 3134 Gregorius
3942 3072 3957 3117 ε

881 3176 1132 3241 nymuS.
1164 3156 1428 3236 Insuper
1459 3154 1524 3215 in
1553 3152 1880 3234 aliquibus
1909 3152 2152 3231 bibliis,
2188 3154 2254 3215 in
2294 3153 2372 3215 fi-

883 3274 965 3319 ne
1012 3255 1161 3318 libri
1207 3252 1346 3329 101),
1379 3253 1478 3315 vel
1521 3252 1588 3315 in
1638 3251 1774 3315 fine
1812 3252 2072 3315 secundi
2120 3252 2370 3334 prologi

883 3352 1248 3435 Hieronymi
1284 3369 1476 3433 super
1500 3350 1637 3429 101),
1669 3349 1924 3412 additur
1959 3368 1972 3411 ε
2005 3350 2226 3413 Fertur
2262 3371 2373 3413 au-

884 3463 1012 3517 tem
1039 3452 1155 3516 101)
1193 3451 1259 3513 10
1291 3460 1454 3513 terra
1484 3449 1804 3512 habitasse
1823 3449 2130 3527 Ausitide‚
2155 3459 2219 3513 et
2240 3460 2373 3513 erat

885 3552 946 3616 ei
981 3560 1129 3613 ante
1175 3567 1407 3613 nomen
1442 3547 1664 3624 Jobab,
1699 3557 1762 3610 et
1799 3556 1933 3610 erat
1980 3556 2244 3628 quartus
2292 3550 2372 3612 ab

886 3651 1072 3725 Esau,
1115 3656 1235 3711 etc.
1270 3647 1389 3710 Sed
1439 3647 1607 3708 istud
1657 3664 1783 3709 non
1831 3654 1928 3708 est
1975 3645 2040 3707 in
2085 3645 2368 3725 Hebrae0,

887 3748 1238 3811 secundum
1284 3745 1779 3827 Hieronymum3
1822 3763 1938 3806 nec
1985 3752 2134 3806 sunt
2178 3746 2373 3823 verba

887 3845 1275 3929 Hieronymi,
1299 3845 1408 3907 sed
1429 3844 1702 3924 alicujus
1736 3841 1950 3905 forsan
1971 3844 2369 3925 expositoris,

974 3945 1151 4007 Nunc
1200 3943 1679 4023 inquirendum,
1733 3960 1860 4022 quo
1906 3949 2193 4024 tempore
2242 3942 2377 4007 fue-

849 4042 972 4106 'rit
1001 4050 1254 4106 sanctus
1300 4040 1437 4103 101).
1473 4040 1652 4103 Circa
1684 4041 1851 4120 quod
1893 4041 2115 4103 scribit
2159 4042 2220 4104 S.
2256 4044 2377 4105 Au-

886 4141 1179 4221 gustinus
1210 4138 1686 4202 octavodecimo
1714 4138 1793 4200 de
1823 4137 2097 4203 Civitate·
2120 4140 2253 4216 Dei,
2281 4161 2377 4204 ca-

2478 3154 2632 3229 Quia
2653 3154 2719 3214 in
2744 3151 2909 3215 libro
2929 3150 3241 3214 60003003
3260 3150 3459 3213 Jobab
3480 3152 3558 3214 de
3582 3152 3779 3233 stirpe
3799 3152 3961 3215 Esau
4024 3166 4217 3211 wara.

2482 3251 2903 3325 descendisse,
2940 3259 3001 3312 ct
3030 3250 3213 3312 Balac
3244 3249 3385 3313 silio
3412 3251 3566 3313 Beor
3596 3250 3662 3312 in
3698 3268 3963 3331 regnum

2482 3350 2863 3415 successisse
2898 3348 3280 3413 describitur
3307 3375 3321 3426 ;
3358 3349 3531 3412 hunc
3564 3350 3817 3413 beatum
3850 3350 3967 3414 101)

2481 3452 2669 3531 longe
2706 3458 2852 3511 ante
2890 3448 3114 3531 Moysis
3158 3458 3442 3531 tempora
3480 3449 3800 3512 exstitisse
3834 3469 3970 3513 cre·-

2481 3549 2796 3625 diderunt,
2817 3565 3057 3610 morem
3089 3546 3376 3629 profecto
3408 3547 3571 3609 sacri
3595 3547 3835 3631 eloquii
3864 3568 3970 3611 00-

2482 3647 2755 3710 scientes
2798 3664 2812 3709 :
2861 3646 3013 3726 quia
3056 3644 3123 3706 in
3168 3644 3605 3725 superioribus
3648 3646 3779 3708 suis
3826 3666 3971 3729 par-

2484 3745 2653 3807 tibus
2702 3744 2864 3807 solet
2915 3743 3194 3807 brev-iter
3242 3744 3429 3824 longe
3480 3754 3625 3826 post
3676 3754 3971 3811 secutura

2484 3843 2932 3928 perstringere,
2952 3860 3151 3923 quum
3178 3843 3389 3905 studet
3412 3843 3489 3904 ad
3514 3841 3639 3904 alia
3668 3842 3969 3905 subtilius

2484 3943 2915 4005 enumeranda
2937 3958 3297 4023 properare.
3318 3940 3497 4004 Unde
3514 3950 3579 4005 et
3595 3941 3732 4005 illic
3744 3942 3965 4019 sobab,

2485 4040 2857 4123 priusquam
2888 4058 3065 4119 reges
3092 4038 3158 4100 in
3183 4039 3370 4101 Israel
3402 4040 3794 4118 exsisterent,
3823 4040 3973 4103 fuis-

2486 4158 2553 4201 se
2593 4137 3001 4200 describitur.
3036 4137 3446 4219 Nequaquam
3476 4156 3625 4218 ergo
3655 4139 3973 4203 exstitisse

890 4240 1096 4322 pitulo
1145 4240 1220 4299 47
1267 4255 1281 4299 :
1331 4237 1528 4317 Cujus
1579 4235 1852 4315 (scilicet
1900 4237 2045 4319 Job)
2093 4248 2379 4321 tempora
2408 4240 2456 4301 D
2485 4246 2632 4299 ante
2663 4236 2867 4316 legem
2900 4234 3315 4316 cognoscitur,
3341 4235 3453 4317 qui
3484 4236 3973 4301 Israeliticorum

890 4336 1183 4416 quamvis
1207 4353 1334 4398 non
1358 4333 1760 4397 inveniamus
1793 4334 1858 4397 in
1889 4336 2231 4414 chroniciS,
2258 4337 2379 4400 col-

890 4434 1147 4513 ligimus
1178 4441 1390 4494 tamen
1423 4451 1498 4494 ex
1521 4430 1687 4494 libro
1717 4432 1879 4513 ejuS‚
1906 4452 2096 4513 quem
2129 4454 2246 4516 pro
2278 4436 2376 4497 sui

889 4530 1116 4593 merito
1136 4529 1430 4593 Israelitae
1456 4529 1521 4591 in
1542 4529 1981 4593 auctoritatem
2003 4534 2374 4596 canonicam

814 4631 822 4639 ’
889 4636 1282 4709 receperunt,
1305 4628 1492 4689 tertia
1521 4629 1931 4708 generatione
1960 4631 2375 4711 posteriorem

607 5202 768 5244 Gmxx

593 5263 607 5306 l
626 5264 736 5308 Par.
750 5216 854 5317 :³5-

590 5326 658 5367 54.

891 4724 1090 4789 fuisse
1138 4745 1328 4807 quam
1376 4726 1585 4803 Israel,
1624 4727 1686 4789 id
1735 4735 1831 4791 est
1875 4727 2065 4791 Jacob
2111 4729 2377 4810 patriar-

887 4825 1094 4901 cham,
1125 4823 1384 4887 fratrem
1414 4824 1600 4886 Esau.
1626 4824 1716 4886 Ex
1746 4844 1874 4906 000
1903 4825 2177 4903 videtur,
2205 4829 2374 4908 quod

887 4923 1235 4985 secundum
1264 4922 1687 5003 Augustinum
1716 4922 1832 4985 101)
1855 4921 1980 4985 fuit
2007 4925 2232 4987 tertius
2262 4946 2372 4990 seu

887 5029 1148 5102 quartus
1203 5029 1348 5102 post
1401 5021 1587 5083 Esau.
1640 5021 1815 5083 Unde
1867 5020 2069 5102 aliqui
2125 5023 2367 5103 dicunt,

886 5119 1055 5199 quod
1087 5117 1212 5180 fuit
1261 5136 1575 5200 pronepos
1620 5120 1783 5201 ejuS‚
1815 5130 2171 5183 asserentes
2203 5124 2371 5202 quod

842 5214 914 5277 1
921 5216 1012 5277 ult
1043 5214 1222 5278 filius
1253 5215 1458 5287 Balac,
1493 5215 1617 5278 filii
1647 5217 1822 5293 Beor,
1860 5216 1984 5278 filii
2017 5218 2201 5280 Esau.
2227 5218 2373 5293 Qui-

883 5313 1002 5375 bus
1032 5314 1291 5378 obviare
1328 5313 1598 5390 videtur,
1635 5315 1801 5395 0000
1855 5332 1970 5377 000
2011 5316 2075 5376 10
2115 5315 2364 5395 Genesi,

2485 4335 2772 4417 judicum
2822 4342 3109 4417 tempore
3161 4333 3359 4398 fuisse
3408 4344 3813 4398 memoratur.
3856 4336 3977 4399 Vo-

2488 4442 2843 4496 rumtamen
2892 4440 3337 4514 argumentum
3390 4433 3557 4496 istud
3603 4452 3730 4497 non
3778 4436 3969 4515 cogit.

2484 4531 2749 4605 Quidam
2782 4531 2955 4594 enim
2994 4534 3093 4611 (ut
3124 4532 3311 4594 etiam
3356 4532 3422 4593 in
3458 4531 3844 4596 Scholastica
3880 4534 3975 4595 hi-

2486 4629 2681 4693 storia
2719 4630 3111 4710 continetur)
3148 4630 3371 4693 dicunt
3408 4630 3657 4712 Moysen
3696 4648 3825 4694 non
3862 4633 3973 4695 de-

2485 4726 2763 4790 scribere
2786 4746 2961 4807 reges
2984 4728 3290 4804 Idumaeae,
3317 4727 3440 4789 nisi
3463 4748 3666 4810 usque
3684 4730 3762 4791 ad
3790 4729 3969 4793 illum

2484 4845 2675 4907 quem
2726 4834 3008 4907 tempore
3058 4844 3175 4889 suo
3234 4826 3530 4889 ultimum
3588 4846 3969 4909 cognoscere

2484 4924 2711 5006 potuit.
2746 4924 2859 4986 Per
2900 4934 3151 5005 tempus
3185 4942 3443 5006 quoque
3475 4927 3968 5007 praecedens‘re-

2482 5042 2593 5103 ges
2636 5024 2846 5099 Israel,
2895 5042 3168 5103 quorum
3214 5022 3459 5105 primus
3504 5024 3746 5086 exstitit
3791 5024 3963 5104 Saul,
4016 5032 4272 5107 lamma}

2484 5139 2607 5183 non
2640 5127 2736 5183 est
2766 5140 3025 5184 necesse
3055 5119 3317 5202 praecise
3340 5120 3695 5201 intelligere
3718 5130 3965 5206 tempus
3996 5114 4065 5148 ‘⁸'
4088 5106 4228 5151 ¹⁴³³·
4271 5164 4272 5169 κ

2479 5218 2789 5301 judicum,
2814 5219 2925 5281 sed
2954 5217 3225 5300 intelligi
3258 5226 3465 5301 potest
3494 5238 3683 5282 omne
3716 5230 3965 5303 tempus

2479 5316 2812 5379 duodecim
2847 5315 3127 5378 tribuum
3160 5335 3362 5399 usque
3384 5318 3463 5379 ad
3491 5317 3661 5381 Saul.
3684 5319 3965 5401 Denique
