4309 6259
904 448 1020 513 304
1801 462 2150 509 nmmum-10
2192 462 2257 509 ιΝ
2299 462 2437 509 car.
2484 462 2506 507 1
2544 463 2672 509 soa.
2716 484 2797 494 —
2836 465 2981 512 aar.
3028 466 3089 511 iv

901 634 1277 716 stabilisque
1315 634 1675 711 concordia,
1710 631 2176 715 frugaliterque
2224 632 2387 698 vixe-
2416 634 2469 695 A
2497 634 2747 697 bertum
2779 644 2843 699 et
2871 636 3199 699 Thomam.
3234 637 3324 700 Ex
3354 656 3483 720 quo
3510 637 3785 715 videtur,
3810 637 3983 719 quod

901 742 1049 795 runt
1079 752 1092 795 :
1126 753 1397 815 quorum
1445 742 1789 815 utrumque
1825 733 1904 795 ad
1951 732 2203 795 laudem
2247 751 2389 814 per-

901 832 1058 895 tinet
1105 833 1304 915 patris
1351 852 1593 909 eorum,
1639 832 1752 914 qui
1791 851 1899 895 eos
1941 832 2152 894 taliter
2199 832 2382 908 rexit,

901 952 1098 1013 quum
1132 940 1340 994 tamen
1363 931 1753 1013 opulentiam
1777 950 1988 994 rerum
2019 930 2387 1012 frequenter

2496 751 2611 814 pro
2642 732 2905 797 filiabus
2938 754 3065 798 non
3097 736 3330 799 obtulit
3359 753 3373 797 :
3408 736 3507 801 vel
3540 736 3692 817 quia
3721 742 3987 800 noverat

2496 850 2600 894 eas
2632 839 2761 894 ‘tam
2792 834 3183 897 verecundas
3220 853 3298 896 ac
3336 833 3669 910 virtuosaS‚
3704 834 3873 915 quod
3907 834 3987 897 de

2495 948 2711 992 earum
2752 950 3013 995 excessu
3053 932 3322 996 notabili
3364 951 3491 995 non
3534 932 3835 1010 timebat3
3880 932 3985 995 vel

2496 1026 2659 1093 forte
2702 1030 2893 1093 etiam
2938 1049 3054 1113 pro
3092 1032 3185 1094 eis
3226 1030 3481 1108 obtulit,
3516 1031 3807 1113 quamvis
3850 1048 3985 1093 non

2494 1128 2906 1210 exprimatur,
2960 1131 3067 1193 sed
3128 1131 3390 1195 nomine
3450 1129 3735 1194 filiorum
3786 1129 3980 1192 etiam
4071 1149 4241 1193 ruim-

2495 1227 2653 1290 filiae
2689 1228 3136 1310 intelliguntur
3172 1248 3185 1291 ε
3228 1230 3763 1312 quemadmodum
3804 1227 3983 1291 infra
4008 1214 4264 1330 ζῒζηζ

2495 1324 2561 1387 in
2592 1324 2716 1388 isto
2746 1325 3048 1407 capitulo,
3082 1327 3308 1389 domus
3341 1326 3575 1389 cadens
3605 1327 3836 1389 dicitur
3868 1345 3983 1409 op-
4009 1338 4221 1391 exrn‘m

2494 1425 2801 1505 pressisse
2832 1424 3089 1501 liberoS,
3124 1424 3188 1487 id
3219 1434 3316 1488 est
3346 1424 3519 1490 filios
3547 1425 3685 1503 Job,
3718 1445 3831 1489 nec
3867 1427 3985 1489 du—
4010 1404 4091 1442 ω’·

899 1038 1200 1111 sequatur
1219 1030 1534 1094 discordia
1552 1039 1747 1112 atque
1779 1030 2108 1092 tenacitas,
2131 1032 2221 1091 Et
2244 1032 2389 1091 mit—

901 1139 1095 1191 tentes
1124 1132 1431 1191 vocabant
1452 1140 1574 1190 tres
1591 1150 1834 1190 sorores
1851 1150 2024 1201 suaa,
2057 1128 2386 1192 invitando

850 1273 860 1279 -
899 1247 1004 1290 eas
1034 1248 1146 1310 per
1168 1228 1486 1305 nuntium,
1511 1239 1584 1289 ut
1603 1232 1997 1291 comederent
2016 1236 2076 1287 et
2105 1228 2387 1287 biberent

899 1348 1044 1388 cum
1081 1330 1195 1388 eis.
1225 1327 1294 1388 ln
1334 1344 1462 1407 quo
1501 1325 1882 1401 insinuatur,
1919 1325 2088 1406 quod
2131 1343 2259 1388 non
2300 1324 2389 1386 in-

899 1433 1028 1486 star
1084 1425 1504 1506 quorumdam
1551 1420 1992 1507 protervorum
2039 1444 2112 1487 ac
2170 1442 2388 1506 super-

609 1644 624 1688 1
637 1646 868 1698 Petr.iu‚'1.

652 4212 801 4257 Eccli.

598 4288 740 4327 xxxix,
760 4278 801 4317 6.

641 4401 721 4443 Pa.
735 4414 776 4451 ν,
793 4402 834 4442 5.

611 4792 777 4837 Mami.
795 4805 850 4843 vi,

587 4858 655 4899 33.

595 4984 660 5029 Ie.
679 4996 790 5035 xxvi,
807 4985 847 5025 9.

900 1522 1126 1586 borum
1166 1522 1458 1599 fratrum,
1501 1540 1748 1585 sorores
1787 1542 1932 1585 suas
1970 1523 2387 1605 despexerant

899 1621 983 1685 ob
1011 1641 1196 1685 sexus
1225 1620 1736 1698 inferioritatem,
1780 1622 1909 1685 imo
1948 1622 2254 1684 honorem
2293 1620 2386 1683 eis

898 1729 1202 1803 tanquam
1240 1719 1587 1782 infirmiori
1623 1720 1880 1784 vasculo
1903 1719 2379 1801 impendebant,

2496 1522 2671 1585 bium
2702 1523 2861 1605 quin
2893 1522 3063 1586 filias
3095 1543 3348 1605 quoque
3388 1526 3527 1607 ejus
3566 1526 3981 1607 oppresserit,

2494 1622 2787 1703 quamvis
2835 1641 2965 1686 non
3008 1622 3418 1705 exprimatur.
3459 1624 3647 1687 Porro
3688 1622 3987 1687 holocau-

2496 1728 2661 1782 stum
2703 1720 2827 1782 fuit
2866 1720 3195 1785 solennius
3234 1721 3643 1799 sacrificium,
3679 1722 3985 1805 quoniam

899 1828 1088 1902 prout
1113 1838 1150 1880 a
1179 1828 1356 1902 patre
1395 1837 1511 1881 suo
1548 1816 1754 1881 edocti
1801 1828 2001 1882 erant.
2032 1818 2193 1881 Hinc
2230 1818 2386 1881 dicit
2422 1816 2468 1877 Β
2494 1819 2571 1880 ad
2621 1819 2855 1882 divinas
2900 1819 3323 1884 reverentiam
3374 1820 3724 1903 majestatis
3778 1830 3987 1883 totum

897 1918 1232 1999 Gregorius
1281 1936 1294 1979 ε
1335 1917 1383 1981 Ο
1422 1917 1928 1981 inaestimabilem
1979 1926 2258 2000 paternae
2298 1917 2388 1979 in-

897 2017 1247 2080 stitutionis
1279 2018 1530 2079 laudem
1557 2020 1570 2079 !
1605 2017 1680 2079 Et
1708 2024 1888 2099 pater
1915 2016 2094 2079 dives
2124 2016 2379 2094 dicitur,

897 2125 960 2179 et
990 2115 1114 2178 filii
1145 2116 1488 2180 concordes
1517 2124 1888 2178 asseruntur
1913 2139 1926 2189 3
1960 2123 2023 2178 et
2051 2116 2202 2177 dum
2232 2114 2387 2177 divi-

896 2216 1101 2278 denda
1141 2215 1306 2278 inter
1354 2234 1460 2278 eos
1509 2214 1864 2277 substantia
1913 2214 2149 2291 aderat,
2195 2214 2386 2276 corda

897 2324 1108 2377 tamen
1139 2314 1424 2377 omnium
1466 2313 1696 2375 caritas
1736 2312 2009 2376 indivisa
2051 2311 2380 2393 implebat.

999 2418 1338 2493 Quumque
1387 2415 1460 2473 in
1509 2414 1745 2481 orbem,
1796 2410 1859 2471 id
1921 2418 2016 2473 est
2072 2409 2384 2473 circulum

897 2510 1332 2588 hebdomadae,
1373 2512 1748 2571 transissent
1787 2512 1924 2569 dies
1949 2510 2260 2582 convivii,
2297 2528 2388 2571 rc-

897 2611 1152 2673 deundo
1181 2610 1261 2671 ab
1295 2609 1523 2671 ultimo
1569 2627 1641 2670 ac
1682 2607 1929 2670 minore
1967 2607 2046 2669 ad
2078 2606 2381 2689 primum,

896 2716 1117 2790 utpote
1166 2708 1269 2771 die
1319 2716 1540 2771 octava
1591 2706 1938 2768 secundum
1987 2704 2383 2785 Gregorium,

894 2815 1138 2888 septem
1181 2805 1424 2868 scilicet
1460 2804 1687 2867 diebus
1728 2803 2138 2866 hebdomadae
2170 2805 2389 2866 evolu-

895 2905 991 2981 tis,
1022 2906 1306 2965 mittebat
1328 2906 1415 2963 ad
1433 2922 1531 2963 eos
1549 2905 1663 2962 Job
1683 2902 1979 2964 nuntium
2010 2902 2382 2984 quemdam;

2494 1917 3005 1995 comburebatur,
3054 1918 3233 1981 nulla
3280 1919 3421 2000 cjus
3470 1926 3646 2001 parte
3694 1920 3771 1982 ad
3818 1918 3989 1982 offe-

2495 2017 2769 2078 rentium
2802 2035 2988 2078 usum
3022 2026 3341 2081 manente.

2574 2116 2834 2176 Dicebat
2864 2119 3062 2188 enim,
3099 2124 3399 2197 tanquam
3442 2117 3519 2179 de
3560 2114 3845 2180 filiorum
3880 2136 3987 2179 sa-

2493 2212 2627 2275 lute
2657 2212 2992 2289 sollicituS‚
3023 2214 3225 2293 magis
3255 2224 3467 2277 autem
3496 2233 3612 2296 pro
3640 2214 3749 2277 Dei
3779 2215 3989 2279 hono-

2496 2311 2740 2375 ratione
2764 2330 3069 2375 accensus
3097 2316 3223 2375 :Ne
3238 2315 3407 2391 sorte
3416 2315 3825 2391 peccaverint
3840 2316 3989 2392 filii

2494 2412 2642 2472 mei.
2679 2410 2898 2473 Sobrie
2928 2410 3515 2493 circumspecteque
3546 2412 3846 2493 loquitur,
3877 2413 3988 2475 do-

2494 2502 2643 2571 cens
2673 2508 3080 2571 temerarium
3108 2509 3422 2590 Judicium
3453 2528 3593 2573 esse
3622 2510 3983 2572 vitandum.

2494 2606 2637 2670 Ideo
2686 2608 2765 2670 de
2804 2606 3051 2669 actibus
3089 2607 3449 2671 absentium
3488 2616 3679 2690 atque
3717 2608 3987 2671 incertis

2493 2704 2801 2767 assertive
2842 2724 2970 2768 non
3009 2704 3314 2786 loquitur,
3346 2706 3639 2786 quamvis
3680 2705 3989 2788 probabi·

2496 2802 2640 2866 liter
2682 2804 2932 2867 noverit
2980 2822 3087 2867 eos
3128 2803 3194 2865 in
3238 2804 3629 2885 quotidianis
3666 2805 3988 2868 conviviis

2496 2920 2623 2965 non
2663 2903 2919 2985 penitus
2958 2902 3239 2965 caruisse
3279 2903 3577 2983 peccatis,
3621 2902 3987 2966 venialibus

891 3004 994 3066 vel
1045 3004 1458 3079 sacerdotem,
1513 3001 1860 3063 secundum
1911 3001 2238 3063 Albertum
2267 3024 2283 3077 3
2325 3010 2385 3061 et
2418 3003 2463 3066 C
2493 3000 2739 3062 saltem.
2773 3000 3195 3063 Convivantes
3225 3018 3501 3081 namque
3530 3000 3735 3065 solent
3762 3001 3989 3063 multi-

891 3103 1338 3179 sanctificabat
1369 3101 1538 3161 illos,
1573 3098 1624 3159 A
1653 3100 1945 3176 maculiS,
1982 3118 2142 3180 quas
2174 3098 2385 3164 convi-

893 3208 1115 3263 vantes
1157 3198 1480 3261 incurrere
1519 3198 1747 3274 solent,
1783 3197 2376 3275 instrumentaliter,

892 3306 1200 3379 quantum
1245 3296 1474 3378 potuit,
1521 3296 1892 3378 expurgavit
1941 3316 2071 3373 eOS,
2127 3314 2240 3378 per
2292 3295 2383 3357 in-

891 3396 1284 3459 ternuntium
1333 3414 1444 3459 seu
1492 3395 1824 3477 epistolam
1845 3394 2257 3477 [exhortando
2300 3396 2379 3457 ad

888 3495 1191 3558 diluenda
1229 3494 1395 3556 mala
1434 3493 1774 3576 praeterita,
1807 3513 1880 3556 ac
1922 3492 2136 3555 futura
2176 3493 2381 3557 vitan-

887 3595 997 3673 da3
1027 3592 1129 3658 vel
1161 3592 1326 3656 forte
1359 3611 1470 3674 per
1498 3590 1778 3672 aliquem
1811 3592 2004 3653 ritum
2035 3591 2378 3654 oblationis

887 3711 996 3754 seu
1029 3690 1410 3773 expiationis
1440 3708 1549 3753 eos
1580 3688 2030 3752 sanctificavit.
2051 3688 2377 3751 Sacrificia

888 3809 1162 3871 namque
1193 3798 1256 3853 et
1289 3788 1714 3871 primitiarum
1745 3808 1818 3850 ac
1849 3787 2240 3851 decimarum
2272 3787 2379 3850 ob-

884 3889 1060 3966 latio,
1095 3897 1244 3951 ante
1280 3887 1482 3967 legem
1527 3886 1827 3969 scriptam
1873 3885 2153 3962 fuerunt,
2188 3894 2378 3968 prout

886 3988 1060 4069 Hugo
1093 3988 1159 4049 in
1191 3986 1358 4050 libro
1400 3986 1480 4049 de
1519 3984 1941 4047 Sacramentis
1981 3984 2235 4067 plenius
2268 3985 2377 4047 do-

884 4094 1006 4150 cet.
1031 4090 1548 4164 Consuryensque
1568 4086 1880 4155 diluente,
1908 4083 2181 4164 implens
2214 4083 2373 4145 illud

2492 3098 2747 3180 pliciter
2777 3100 3099 3175 excedere,
3134 3097 3379 3161 scilicet
3409 3098 3475 3160 in
3505 3100 3885 3180 quantitate,
3914 3100 3987 3161 in

2491 3196 2928 3274 delectatione,
2948 3195 3015 3258 in
3048 3196 3452 3278 loquacitate,
3472 3196 3539 3259 in
3571 3197 3724 3274 risu,
3749 3197 3815 3259 in
3838 3216 3988 3261 cor-

2488 3295 2588 3357 dis
2618 3313 2873 3376 quoque
2906 3294 3119 3376 inepta
3150 3294 3391 3358 laetitia.
3410 3294 3555 3359 Ideo
3578 3296 3766 3359 homo
3797 3295 3989 3361 timo-

2489 3400 2663 3454 ratus
2712 3392 2902 3455 debet
2950 3412 3093 3455 cum
3146 3410 3373 3473 magna
3428 3392 3637 3456 cordis
3687 3394 3987 3457 custodia

2490 3509 2739 3554 sumere
2770 3490 2985 3553 cibum
3018 3510 3091 3553 ac
3121 3498 3365 3572 potum,
3399 3490 3750 3573 praesertim
3780 3511 3986 3573 quan-

2486 3589 2568 3652 do
2617 3609 2763 3653 cum
2812 3589 2957 3652 aliis
3010 3590 3287 3655 vescitur
3334 3590 3440 3653 vel
3496 3589 3984 3655 delicatioribus

2486 3688 2711 3750 utitur.

2574 3791 2661 3849 Et
2709 3790 3156 3850 benedixerint
3195 3791 3322 3849 Deo
3360 3790 3435 3848 in
3478 3790 3773 3849 cordibus
3810 3793 3981 3864 suia,

2488 3886 2551 3947 id
2602 3894 2719 3963 est,
2771 3885 3110 3965 cogitando
3159 3885 3607 3949 maledixerint
3652 3887 3800 3951 Deo.
3852 3886 3983 3950 Sed

2483 4004 2683 4065 quum
2741 3983 3119 4047 maledicere
3177 3983 3323 4061 Deo,
3390 3984 3474 4046 sit
3528 3984 3983 4065 gravissimum

2486 4083 2713 4159 sceluS,
2747 4082 2980 4144 mirum
3011 4084 3185 4163 quod
3215 4091 3460 4145 tantum
3495 4082 3745 4146 facinus
3776 4085 3987 4166 suspi-

884 4183 1336 4260 Ecclesiastici,
1387 4182 1602 4243 Justus
1651 4200 1759 4244 cor
1809 4201 1992 4243 suum
2044 4182 2249 4246 tradet
2294 4182 2373 4244 ad
2408 4183 2455 4247 D
2483 4181 2745 4244 cabatur
2774 4182 2853 4245 de
2884 4179 3043 4243 filiis
3074 4181 3223 4259 suiS,
3240 4200 3401 4262 quos
3432 4191 3606 4245 tanta
3634 4182 3985 4265 disciplina

886 4282 1282 4367 vigilandum
1324 4280 1610 4343 diluculo
1648 4280 1726 4341 ad
1765 4280 2099 4342 Dominum
2130 4304 2144 4354 ;
2194 4280 2376 4343 item-

885 4394 1011 4459 que
1050 4376 1209 4439 illud
1239 4376 1606 4452 Psalmistae,
1643 4376 1816 4439 Mane
1847 4377 2110 4439 adstabo
2154 4377 2272 4439 tibi
2312 4386 2377 4440 et

884 4475 1132 4538 videb0.
1158 4475 1283 4538 Hac
1303 4474 1600 4556 equidem
1634 4476 1789 4538 hora
1817 4474 2110 4537 sensibus
2144 4475 2374 4538 sobriis

883 4573 1405 4651 consistentibuS,
1449 4582 1512 4636 et
1553 4582 1766 4636 mente
1805 4574 2225 4637 exterioribus
2268 4593 2375 4637 ne-

882 4672 1072 4752 gotiis
1105 4673 1386 4735 nondum
1420 4672 1728 4749 involuta,
1765 4672 1972 4754 aptior
2013 4680 2108 4733 est
2147 4672 2227 4733 ad
2270 4673 2375 4735 de-

884 4770 1204 4835 votionem
1238 4771 1612 4835 homo.1deo
1643 4770 1799 4833 dicit
1820 4770 2138 4833 Salvator:
2164 4770 2373 4834 Primo

883 4853 1147 4950 quaerit'e
1178 4888 1442 4950 regnum
1476 4869 1606 4932 Dei.
1634 4868 1710 4929 Et
1740 4868 1928 4931 isaias
1961 4868 2157 4931 Deum
2190 4888 2372 4931 orsus

879 4966 1071 5031 affari
1109 4985 1123 5029 ε
1157 4968 1243 5031 Dc
1294 4987 1500 5046 mane,
1546 4967 1779 5048 inquit,
1824 4965 2104 5046 vigilabo
2153 4967 2231 5028 ad
2288 4976 2366 5029 te.

881 5070 1191 5145 offerebat
1231 5070 1600 5129 holocausta
1631 5086 1752 5145 per
1789 5068 2100 5143 sinyuloe,
2141 5064 2204 5127 id
2249 5072 2366 5143 est,

878 5183 993 5245 pro
1017 5165 1306 5247 quolibet
1334 5164 1567 5228 obtulit
1598 5164 1874 5246 speciale
1903 5164 2363 5243 holocaustum,

875 5270 1119 5342 septem
1147 5262 1444 5329 videlicet
1473 5262 1861 5339 holocausta,
1886 5262 2238 5325 secundum
2260 5262 2361 5324 Al-

2484 4280 2878 4361 compescuit
2918 4288 2979 4343 et
3024 4288 3153 4342 tam
3196 4280 3429 4361 probos
3470 4279 3807 4360 cognovit3
3843 4280 3984 4344 imo

2483 4378 2641 4440 dicit
2677 4377 3015 4459 Gregorius
3053 4396 3066 4440 :
3106 4378 3277 4442 Beati
3307 4379 3423 4442 Job
3464 4377 3587 4440 filii
3628 4388 3803 4441 tanta
3842 4378 3987 4442 fue-

2484 4484 2626 4539 rant
2676 4477 2859 4540 bonae
2909 4476 3329 4539 institutionis
3376 4477 3715 4559 disciplina
3762 4478 3985 4541 accin—

2483 4576 2591 4652 cti,
2630 4584 2697 4637 ut
2728 4594 2934 4657 neque
2966 4595 3078 4657 per
3110 4574 3277 4639 facta
3309 4576 3374 4638 in
3406 4575 3743 4653 conviviiS,
3764 4596 3983 4657 neque

2484 4694 2597 4757 pcr
2635 4674 2828 4737 verba
2868 4675 3350 4756 delinquerent3
3383 4674 3701 4757 perfectos
3731 4674 3983 4757 quippe

2482 4792 2591 4837 eos
2619 4792 2759 4835 csse
2790 4772 2854 4833 in
2886 4792 3078 4854 opcre
3108 4782 3169 4837 et
3203 4792 3494 4837 sermone
3525 4774 3842 4836 docuerat.
3879 4774 3983 4837 Ad

2480 4872 2651 4953 quod
2684 4872 3195 4953 respondendum
3228 4872 3493 4947 videtur,
3510 4872 3681 4953 quod
3710 4890 3837 4935 non
3861 4891 3984 4953 pu-

2486 4969 2639 5033 tavit
2671 4988 2778 5033 eos
2810 4969 2873 5031 in
2908 4968 3102 5031 verba
3136 4970 3605 5033 maledictionis
3645 4970 3985 5051 prorupis-

2481 5087 2571 5143 se,
2604 5086 2719 5130 nec
2752 5066 3085 5129 tentationi
3118 5068 3197 5129 de
3224 5067 3659 5131 maledicendo
3681 5068 3805 5130 Deo
3838 5068 3983 5149 ple—

2484 5166 2661 5227 narie
2691 5165 3122 5242 consensisse3
3153 5165 3262 5229 sed
3294 5165 3508 5227 timuit
3540 5186 3619 5229 ne
3650 5166 3819 5229 circa
3848 5166 3983 5230 hoc

2480 5263 2822 5327 habuerint
2851 5262 3126 5344 aliquem
3150 5263 3429 5346 primum
3460 5272 3707 5327 motum
3732 5263 3837 5327 vel
3872 5283 3982 5328 co-
