4309 6259
1217 524 1565 576 mannum
1606 531 1668 577 IN
1712 532 1847 577 CAP-
1895 531 2006 577 1111
2045 531 2173 578 JOB.
2214 551 2293 562 —
2334 532 2477 578 ΛΒΤ.
2524 532 2699 580 xxxn

3379 514 3497 577 503

403 694 646 757 habent
687 696 1168 776 difficultatem,
1205 699 1257 761 si
1303 700 1716 782 praecedentis
1760 700 1904 763 arti·
1932 698 1981 761 A
2011 702 2355 764 admodum
2385 720 2535 765 vero
2576 720 2689 783 per
2716 711 2976 765 ventum
3017 701 3244 765 folium
3284 701 3365 764 ab
3402 719 3501 763 ar-

404 794 534 857 culi
567 796 884 877 expositio
914 798 1034 861 rite
1063 807 1368 880 penset-ur
1395 816 1410 873 ;
1459 800 1567 861 scd
1601 800 1666 861 in
1707 800 1904 861 omni-

405 893 524 955 bus
555 913 699 975 quae
739 894 845 958 hic
884 896 1276 973 scribuntur,
1311 905 1591 959 nostram
1627 896 1904 961 defectu-

402 992 723 1071 ositatcm‚
772 993 1205 1075 fragilitatem,
1253 996 1559 1060 vilitatem
1598 997 1902 1060 debemus

405 1093 826 1173 perpendere,
842 1093 1188 1156 humillimi
1213 1104 1579 1176 esse‚atque
1607 1096 1684 1157 ad
1707 1096 1900 1157 Deum

407 1190 472 1251 in
502 1191 754 1253 cunctis
784 1189 1144 1255 affectuose
1173 1212 1425 1275 semper
1456 1192 1818 1272 confugere.

487 1290 797 1371 Denique,
834 1292 1137 1371 quoniam
1184 1292 1250 1354 in
1293 1291 1528 1355 Officio
1574 1291 1905 1355 defuncto-

406 1408 549 1450 rum
599 1408 676 1451 ex
733 1390 1014 1472 capitulo
1074 1390 1196 1453 isto
1246 1392 1535 1472 quaedam
1597 1391 1901 1453 lectiones

403 1496 771 1564 sumuntur,
806 1488 1088 1553 breviter
1126 1508 1268 1552 reor
1305 1489 1714 1569 tangendum,
1749 1509 1905 1571 quo—

404 1586 598 1648 modo
643 1585 950 1649 lectiones
991 1587 1090 1649 hae
1128 1586 1193 1650 in
1235 1606 1506 1669 persona
1542 1588 1769 1649 animae
1797 1589 1906 1651 de-

403 1682 612 1746 functi
659 1685 910 1766 possint
959 1685 1388 1767 interpretari.
1435 1686 1650 1767 ltaque
1689 1687 1905 1748 anima

401 1782 470 1843 in
493 1782 865 1864 purgatorio
885 1783 1024 1860 sita,
1041 1784 1506 1866 suppliciorum
1535 1802 1795 1846 suorum
1827 1784 1904 1845 fi-

155 1302 206 1344 De
223 1302 378 1345 anima-

133 1365 373 1419 hminpuh

131 1428 274 1481 gamno
299 1428 374 1469 de-

133 1492 260 1533 lutis.

2014 800 2167 861 bore
2196 800 2571 881 abjectatur,
2604 801 2695 862 sic
2725 801 2935 863 anima
2967 821 3003 862 a
3029 800 3275 863 Chr-isto
3311 808 3499 863 vento

2013 897 2349 979 superbiae,
2393 898 2781 975 tentationiS,
2818 898 3137 975 vanitatiS,
3172 907 3231 961 et
3262 898 3501 980 passio-

2013 1014 2167 1058 num
2200 996 2583 1078 impulsibus
2623 1006 2949 1079 separatur
2984 1014 2997 1059 ε
3034 996 3173 1061 ideo
3212 1005 3394 1062 vocat
3432 1016 3499 1059 εθ

2015 1095 2242 1159 folium
2273 1104 2461 1160 vento
2502 1104 2775 1179 raptum.
2810 1096 2900 1159 Ob
2943 1116 3134 1177 qnam
3176 1116 3213 1158 a
3250 1095 3499 1159 Christo

2014 1195 2479 1275 separationem
2521 1195 2785 1277 punitur
2828 1213 2842 1257 ε
2889 1195 3042 1275 quia
3078 1194 3198 1257 etsi
3228 1195 3307 1257 de
3334 1213 3501 1257 mor-

2013 1292 2124 1354 tali
2167 1293 2489 1374 poenituit,
2526 1312 2653 1356 non
2697 1301 2907 1356 tamen
2949 1293 3235 1375 plenarie
3274 1293 3341 1355 in
3371 1292 3501 1356 vita

2013 1390 2130 1453 hac
2170 1390 2497 1455 satisfecit.

2109 1490 2437 1567 Praeterea,
2485 1490 2773 1553 Christus
2822 1499 3145 1572 comparat
3191 1510 3259 1553 sc
3302 1508 3499 1570 grano

2013 1587 2343 1665 frumenti,
2376 1589 2646 1653 dicendo
2679 1610 2692 1654 ε
2727 1589 2859 1651 Nisi
2898 1607 3165 1669 granum
3198 1588 3501 1653 frumenti

2012 1686 2245 1749 cadens
2276 1687 2341 1747 in
2384 1696 2636 1765 terram,
2678 1697 2998 1752 mortuum
3031 1687 3245 1764 fuerit,
3290 1688 3499 1770 ipsum

2014 1786 2221 1847 solum
2261 1795 2495 1848 manet.
2520 1787 2659 1869 lpse
2700 1787 2933 1849 etenim
2972 1788 3350 1867 (secundum
3380 1788 3503 1849 Au-

399 1899 548 1942 nem
579 1881 746 1944 scire
765 1890 830 1943 et
847 1882 1124 1963 experiri
1147 1882 1512 1945 desiderans
1530 1881 1700 1962 (talis
1731 1883 1901 1944 enim
1941 1879 1985 1939 Β
2014 1884 2369 1965 gustinum)
2406 1885 2647 1947 exstitit
2682 1904 2950 1965 granum
2980 1884 3499 1949 mortificandum

399 1980 806 2061 praescientia
827 1978 983 2042 finis
1017 1998 1620 2063 poenarum‚magna
1645 1989 1742 2043 est
1761 2000 1904 2043 con-

399 2078 634 2142 solatio
675 2078 1126 2161 afflictorum),
1179 2080 1464 2161 loquitur
1509 2081 1634 2144 Deo
1691 2099 1705 2142 ε
1753 2084 1906 2142 Res-

391 2182 614 2255 ponde
643 2180 834 2250 mihi,
868 2189 1148 2257 quantas
1189 2182 1384 2240 habeo
1425 2182 1807 2259 iniquitates
1844 2190 1904 2241 et

391 2287 686 2355 peccata,
735 2285 807 2339 ut
857 2295 934 2339 ex
991 2277 1512 2341 consideratione
1569 2279 1902 2361 culparum

400 2394 691 2439 mearum
737 2377 1128 2458 perpendam
1174 2396 1462 2439 mearum
1504 2378 1902 2440 durationem

399 2493 764 2557 poenarum.
794 2478 926 2536 Cur
951 2478 1190 2555 faciem
1222 2486 1402 2537 tuam
1430 2478 1760 2537 abscondis
1782 2480 1811 2536 ?
1841 2477 1902 2538 id

398 2582 518 2647 est,
545 2592 582 2633 a
605 2582 952 2656 conspectu
985 2570 1204 2654 gloriae
1239 2584 1381 2651 tuae,
1413 2594 1449 2636 a
1480 2574 1782 2637 beatifica
1811 2574 1906 2639 vi-

399 2672 584 2733 sione
616 2671 950 2753 sapientiae
977 2680 1169 2754 atque
1189 2673 1482 2736 essentiae
1512 2679 1634 2735 tuae
1664 2691 1764 2735 me
1785 2672 1906 2734 dif-

401 2770 640 2847 ferS,et
669 2778 730 2831 te
753 2770 937 2851 quasi
971 2771 1202 2832 iratum
1233 2771 1394 2833 mihi
1425 2790 1596 2834 nunc
1618 2771 1900 2834 exhich.

401 2870 548 2932 ideo
589 2869 832 2947 subdit,
865 2880 926 2930 et
962 2872 1310 2930 arbitraris
1343 2892 1440 2929 me
1470 2870 1764 2952 spiritum
1808 2870 1907 2932 de-

402 2967 614 3031 functi
640 2970 992 3029 inimicum
1020 2973 1250 3029 tuum?
1267 2968 1332 3031 id
1353 2976 1470 3045 est,
1496 2967 1678 3049 quasi
1703 2968 1905 3031 hostis

2014 1980 2287 2062 perfidia
2330 1981 2713 2059 Judaeorum,
2750 1992 2813 2045 et
2856 1982 3321 2047 vivificandum
3373 1980 3504 2045 fide

2012 2080 2431 2143 credentium.
2466 2080 2642 2143 Unde
2686 2080 2875 2144 homo
2912 2101 3021 2143 seu
3053 2081 3268 2143 anima
3297 2080 3503 2144 consi-

2015 2186 2186 2239 stens
2218 2178 2283 2239 in
2316 2178 2575 2241 caritate
2604 2189 2665 2242 et
2693 2180 2915 2259 gratia,
2934 2188 3030 2242 est
3048 2179 3225 2242 velut
3252 2179 3501 2243 culmus

2015 2296 2125 2339 seu
2178 2277 2459 2340 calamus
2508 2277 2700 2358 hujus
2746 2277 2950 2357 grani,
3002 2277 3260 2341 trahens
3306 2277 3388 2339 ab
3426 2296 3502 2340 eo

2015 2374 2365 2456 spiritualis
2395 2374 2681 2437 alimenti
2710 2376 3043 2439 humorem
3072 2385 3135 2437 et
3160 2376 3378 2455 gratiae
3410 2394 3504 2437 ro-

2015 2492 2171 2551 rem,
2206 2492 2397 2554 quem
2436 2475 2761 2555 ‚peccando
2799 2474 3055 2551 amittit,
3090 2483 3153 2537 et
3183 2475 3358 2537 velut
3396 2473 3506 2535 sti-

2014 2571 2167 2654 pula
2194 2572 2362 2635 sicca
2391 2571 2718 2635 efficitur:
2753 2572 3056 2653 quoniam
3086 2572 3322 2654 stipula
3348 2572 3506 2635 dici-

2016 2678 2116 2731 tur
2154 2670 2348 2733 herba
2386 2691 2421 2732 a
2463 2680 2687 2734 trunco
2728 2672 2975 2734 abscisa
3014 2680 3207 2753 atque
3244 2672 3499 2734 siccata.

2015 2768 2091 2829 Et
2117 2770 2295 2849 juxta
2328 2769 2497 2831 hunc
2526 2788 2805 2847 sensum,
2840 2779 3108 2852 possunt
3147 2770 3280 2832 haec
3311 2769 3504 2833 verba

2016 2867 2094 2929 de
2126 2867 2386 2930 homine
2416 2868 2660 2931 viatore
2686 2887 2762 2930 ac
2792 2876 3122 2950 peccatore
3152 2868 3406 2950 exponi.

2094 2966 2437 3041 PostremO,
2464 2985 2591 3047 quo
2623 2967 2813 3029 homo
2843 2985 2953 3029 scu
2970 2966 3181 3028 anima
3212 2966 3507 3028 naturali·

403 3086 639 3143 essem,
675 3086 781 3129 me
811 3067 1025 3149 puniS,
1070 3086 1270 3148 quum
1305 3076 1516 3129 tamen
1548 3067 1616 3128 in
1645 3067 1907 3129 caritate
1942 3069 1986 3132 C
2017 3073 2112 3127 ter
2143 3062 2635 3145 imperfectioris
2671 3073 2767 3126 est
2808 3065 3397 3141 intellectualitatiS,
3430 3084 3505 3129 eo

405 3164 530 3227 sim
563 3174 696 3227 tua.
730 3163 917 3238 Quasi
950 3164 1158 3227 dicat:
1195 3164 1334 3227 Noli
1365 3172 1425 3226 te
1456 3164 1616 3226 mihi
1643 3163 1909 3227 abscon-

406 3264 580 3341 dere,
628 3263 761 3326 noli
801 3283 905 3326 me
947 3272 1018 3325 ut
1060 3263 1308 3326 hostem
1343 3262 1602 3339 habere,
1635 3264 1743 3325 sed
1785 3263 1909 3325 cle-

405 3370 660 3425 menter
705 3361 988 3441 indulge,
1032 3380 1330 3424 succurre
1373 3370 1433 3424 et
1474 3362 1736 3424 redime.
1773 3361 1906 3423 Tali

402 3462 663 3538 animae,
714 3479 914 3542 quum
963 3459 1161 3524 fuerit
1197 3459 1485 3536 liberata,
1532 3458 1700 3523 dicet
1745 3460 1907 3522 Deus

167 3574 219 3616 ιε.
237 3590 310 3623 tw,
332 3580 373 3618 s.
407 3560 573 3623 illud
596 3558 772 3621 lsaiae
797 3577 812 3621 ε
837 3560 905 3621 In
927 3566 1250 3621 momento
1274 3558 1732 3637 indignationis
1753 3578 1908 3621 meae

405 3657 717 3721 abscondi
741 3676 1083 3740 parumper
1105 3655 1338 3719 faciem
1359 3676 1565 3719 meam
1587 3676 1624 3718 a
1646 3665 1728 3733 te,
1753 3665 1816 3719 et
1841 3657 1906 3719 in

403 3754 852 3819 misericordia
877 3754 1268 3836 sempiterna
1291 3755 1588 3817 misertus
1619 3775 1760 3816 sum
1788 3754 1902 3816 tui.

487 3857 730 3916 Contra
767 3855 1008 3933 folium
1049 3856 1220 3932 quod
1265 3862 1450 3913 vento
1498 3855 1782 3931 rapitur,
1815 3874 1908 3913 os-

405 3955 620 4014 tendis
643 3953 1008 4031 potentiam
1031 3962 1231 4023 tuam,
1256 3962 1314 4011 et
1332 3953 1646 4029 stipulam
1673 3955 1907 4013 siccam

397 4053 844 4131 persequeris:
868 4050 932 4112 id
963 4058 1080 4126 est,
1103 4058 1325 4112 contra
1345 4069 1448 4113 mc
1467 4050 1906 4133 imperfectam

400 4159 602 4231 atque
631 4147 1024 4223 instabilem,
1051 4148 1258 4230 poenis
1296 4158 1606 4224 exustam,
1627 4150 1906 4211 ostendis

2017 3162 2391 3225 naturaliter
2428 3162 2787 3226 instabilior
2816 3172 2913 3226 est
2949 3172 3141 3245 atque
3178 3164 3499 3240 mobilior,

2017 3270 2078 3323 et
2111 3261 2321 3322 minus
2351 3262 2430 3323 de
2462 3260 2789 3343 sapientiae
2824 3261 3067 3325 habens
3105 3263 3277 3325 dulci
3308 3282 3381 3326 ac
3412 3282 3508 3326 re-

2020 3357 2256 3422 fectivo
2288 3360 2554 3427 humore
2587 3377 2601 3419 z
2642 3360 2785 3422 ideo
2816 3360 2937 3423 rite
2966 3360 3121 3424 folio
3150 3380 3224 3423 ac
3252 3361 3505 3443 stipulae

2017 3466 2436 3539 comparatur.

2096 3558 2343 3618 Scribis
2370 3559 2567 3629 enim,
2602 3556 2665 3618 id
2697 3565 2812 3633 est,
2857 3555 3162 3621 tenaciter
3204 3557 3405 3621 infers
3442 3566 3507 3621 et

2018 3654 2275 3730 retineS,
2308 3666 2529 3715 contra
2560 3676 2681 3725 me,
2712 3655 2775 3717 id
2821 3663 2918 3718 est
2955 3656 3034 3717 ad
3079 3675 3286 3719 meam
3326 3657 3507 3719 deso-

2019 3752 2345 3829 lationem,
2368 3753 2948 3823 amaritudines,id
2970 3761 3065 3815 est
3096 3772 3317 3834 poenas
3347 3774 3505 3835 quas

2017 3852 2227 3932 patior
2283 3869 2683 3932 praeamaraS,
2734 3861 2795 3910 et
2838 3871 3207 3911 consumere
3260 3873 3360 3912 me
3404 3855 3505 3913 vis

2006 3952 2287 4028 peccatis
2316 3951 2755 4011 adolescentz'oe
2794 3970 2972 4020 meae,
3002 3948 3065 4011 id
3096 3958 3211 4027 est,
3246 3958 3505 4032 propter

2016 4056 2273 4129 peccata
2319 4065 2456 4109 mea
2499 4047 2565 4108 in
2615 4046 2724 4109 illa
2760 4055 2942 4110 aetate
2978 4047 3337 4125 commissa,
3374 4057 3502 4111 tam

2013 4146 2243 4209 acerbe
2264 4164 2365 4208 me
2395 4145 2663 4221 crucias,
2685 4144 2867 4226 quasi
2888 4145 3084 4208 velles
3113 4165 3215 4208 me
3244 4165 3505 4228 prorsus

403 4257 650 4331 quanta
693 4248 778 4309 sit
819 4247 1083 4327 justitiae
1125 4256 1248 4309 tuae
1289 4256 1591 4329 potestaS,
1627 4266 1748 4328 qua
1795 4266 1909 4329 per
1940 4255 1987 4316 D
2017 4244 2769 4309 consumere.Constituti
2800 4252 3009 4307 autem
3033 4244 3098 4306 in
3130 4244 3376 4325 magnis
3396 4246 3504 4308 do-

404 4364 634 4430 poenas
664 4364 770 4407 me
799 4346 953 4407 istas
988 4343 1275 4407 infestas.
1320 4345 1648 4426 Tanquam
1687 4346 1854 4407 dicat
1886 4365 1901 4409 ε

403 4447 621 4521 Decet,
673 4463 712 4507 o
769 4442 1058 4519 Domine,
1114 4452 1181 4503 ut
1240 4443 1552 4523 ignoscas,
1603 4443 1906 4506 Praeterea

402 4542 726 4619 ChristuS,
747 4541 1063 4623 sapientia
1093 4541 1315 4617 PatriS,
1336 4541 1582 4621 lignum
1605 4541 1750 4603 vitae
1778 4550 1902 4615 θεὶς

403 4642 488 4703 de
540 4659 669 4721 qua
721 4638 1018 4702 Salomon
1068 4640 1157 4701 ait
1213 4639 1280 4701 in
1330 4639 1495 4701 libro
1541 4639 1910 4702 Proverbio-

133 4747 376 4800 Prot-mss.
407 4758 554 4802 rum
584 4756 602 4799 ι
629 4738 905 4817 Lignum
936 4738 1082 4802 vitae
1110 4746 1206 4801 est
1237 4738 1533 4800 omnibus
1560 4737 1909 4819 apprehen-

403 4837 714 4901 dentibus
745 4837 1216 4901 eam.Christus
1251 4836 1423 4899 enim
1459 4835 1908 4898 saluberrimos

405 4935 661 4998 fructus
712 4934 1026 5017 producit,
1061 4934 1295 5016 quibus
1343 4943 1589 4997 mentes
1637 4934 1911 4997 feliciter

405 5032 822 5096 reficiuntur.
864 5034 1064 5114 Hujus
1093 5042 1306 5095 autem
1336 5032 1582 5095 arboris
1614 5033 1790 5095 velut
1819 5033 1912 5095 fo-

405 5132 498 5193 lia
543 5140 694 5193 sunt
733 5130 966 5193 animae
1007 5130 1390 5208 christianae,
1425 5130 1491 5191 in
1523 5130 1770 5193 Christo
1799 5150 1910 5212 per

405 5228 749 5292 caritatem
779 5236 1132 5291 manentes
1151 5228 1328 5291 Unde
1358 5237 1419 5291 et
1449 5228 1586 5311 ipse
1615 5228 1704 5289 ait
1733 5227 1914 5290 disci-

130 5346 378 5401 Jomms.
407 5326 590 5408 pulis
624 5344 639 5388 ε
673 5326 804 5406 Ego
834 5346 976 5388 sum
1005 5326 1181 5403 vitis,
1215 5346 1326 5389 vos
1357 5326 1674 5409 palmites,
1698 5324 1915 5399 Quem-

2019 4343 2284 4420 loribuS,
2304 4343 2508 4406 solent
2538 4361 2681 4406 cum
2716 4343 2985 4423 quadam
3017 4344 3384 4406 excedentia
3416 4345 3506 4407 lo·-

2020 4442 2154 4523 qui,
2209 4443 2284 4504 ad
2339 4442 2793 4504 insinuandum
2850 4442 3357 4522 magnitudinem
3406 4444 3505 4505 sui

2019 4540 2291 4603 affectus
2330 4549 2521 4620 atque
2567 4540 2829 4602 doloriS.
2864 4543 3153 4601 Posuisti
3200 4544 3275 4601 in
3312 4562 3506 4603 nervo

2018 4642 2240 4717 pedem
2288 4638 2611 4707 meum,id
2662 4646 2778 4715 est,
2804 4638 2871 4699 in
2923 4638 3061 4702 loco
3109 4639 3230 4702 isto
3269 4639 3505 4721 poenali

2019 4757 2121 4800 me
2151 4736 2408 4799 arctasti
2430 4745 2491 4799 et
2511 4743 2740 4813 arctaS,
2763 4745 2832 4798 ut
2864 4756 2990 4817 quo
3020 4737 3232 4819 cupio,
3258 4738 3350 4800 ire
3380 4756 3504 4800 non

2020 4854 2275 4917 queam,
2308 4853 2425 4897 nec
2474 4854 2731 4896 manum
2788 4844 2958 4896 tuam
3000 4835 3287 4898 evadere.
3332 4834 3507 4897 Deni-

2022 4953 2146 5014 que
2188 4952 2441 4996 omnem
2476 4933 2753 4995 animam
2792 4933 3058 4995 electam
3098 4952 3207 4995 seu
3238 4934 3376 5014 ejus
3406 4952 3509 5015 pe-

2022 5033 2190 5107 dem,
2215 5032 2277 5093 id
2308 5040 2404 5093 est
2423 5029 2759 5108 affectum,
2784 5031 2945 5092 Deus
2979 5031 3160 5111 ponit
3192 5030 3257 5093 in
3288 5049 3505 5108 nerv0,

2025 5131 2087 5193 id
2133 5138 2230 5192 est
2275 5130 2341 5191 in
2388 5130 2544 5209 legis
2590 5148 2722 5191 suae
2760 5129 3067 5205 custodia,
3100 5130 3510 5211 caritatisque

2023 5227 2301 5303 vinculo,
2328 5236 2668 5307 antequam
2699 5236 3025 5307 separetur
3054 5246 3091 5288 a
3119 5246 3403 5309 corpore,
3423 5228 3511 5290 ita

2024 5327 2194 5409 quod
2234 5324 2513 5387 caritatis
2553 5332 2939 5406 praeceptum
2976 5325 3303 5407 adimplet,
3326 5346 3395 5389 se
3429 5327 3511 5388 ad

3542 1601 3704 1645 loann.
3721 1614 3792 1651 κει,

3528 1666 3596 1716 24,
3612 1665 3681 1708 25.
