4309 6259
947 500 1296 547 manuue
1339 502 1402 548 ιΝ
1444 500 1580 547 car.
1627 499 1691 546 ¹1
1734 499 1891 545 unm
1933 499 2157 554 omum
2196 500 2421 548 nauum.
2466 520 2545 531 —
2586 503 2728 548 aar.
2773 502 2879 548 xlv
3376 486 3449 569 51

91 685 331 737 nemun.
357 679 642 750 runtque
679 692 830 740 eum
871 694 1105 751 reyem,
1141 684 1202 735 et
1239 683 1596 745 unoeerunt,
1642 673 1857 737 Joiada
1884 668 1935 730 A
1967 671 2505 753 conspirationem
2534 648 2598 737 et
2627 673 2967 757 practicam
3013 682 3237 738 contra
3266 694 3334 738 se
3364 674 3456 738 fa-

92 752 146 791 ¹¹·
357 768 650 849 pontifex
677 778 742 833 et
773 769 901 831 filii
931 772 1092 852 ejus,
1129 780 1200 833 ut
1230 771 1296 833 in
1326 771 1852 853 Paralipomenon
1965 776 2154 832 ctam.
2190 773 2506 848 Praecepit
2545 782 2761 834 autem
2787 774 3021 834 Joiada
3052 775 3451 835 centurioni-

127 1869 296 1915 Ibidem.

105 2163 212 2205 Dent.
225 2178 316 2216 xm,

91 2228 144 2269 is.
164 2228 218 2269 19.

355 866 626 943 dicitur3
659 877 720 927 et
741 873 1130 946 plaudentes
1159 892 1384 943 manu,
1421 871 1486 933 id
1515 878 1631 947 est,
1673 870 1853 951 signa

355 964 594 1029 laetitiae
619 984 773 1027 cum
804 986 1112 1029 manuum
1133 968 1478 1050 agitatione
1499 976 1852 1033 monstran-

353 1072 470 1141 tes,
486 1066 846 1126 dixerunt:
863 1068 1050 1127 Vivat
1069 1088 1205 1128 νοω.
1226 1067 1521 1132 Naturale
1552 1075 1648 1131 est
1677 1067 1852 1149 equi-

349 1162 494 1225 dem
525 1162 924 1241 hominibuS,
959 1164 1234 1230 libenter
1263 1166 1498 1229 habere
1534 1187 1758 1233 verum
1787 1176 1851 1229 et

351 1259 808 1325 hereditarium
843 1264 1227 1347 principem,
1262 1275 1326 1329 et
1356 1266 1548 1329 malle
1588 1266 1849 1329 subesse

351 1358 489 1424 viro
537 1380 734 1443 quam
785 1361 1065 1427 feminae.
1103 1364 1248 1427 ldeo
1296 1364 1586 1429 videntes
1637 1381 1848 1445 regem

351 1458 690 1522 inunctum
731 1469 796 1523 et
836 1461 1196 1525 diademate
1236 1471 1632 1538 coronatum,
1665 1470 1728 1524 et
1769 1464 1848 1525 de

1966 870 2079 928 bus
2108 871 2227 948 qui
2254 880 2439 930 erant
2467 890 2658 947 super
2685 874 3065 942 emercitum,
3089 882 3149 933 et
3178 874 3275 933 ait
3306 874 3398 932 eis
3428 889 3450 932 .·

1963 969 2238 1029 Educite
2282 989 2426 1029 eam
2481 979 2667 1029 eoetra
2714 980 2889 1047 septa
2943 972 3189 1047 templi,
3240 969 3304 1034 id
3355 978 3451 1034 est

1961 1074 2135 1129 extra
2187 1065 2526 1130 circuitum
2580 1076 2644 1129 et
2702 1068 3061 1132 clausuram
3114 1068 3336 1151 ipsius,
3389 1078 3449 1130 et

1961 1167 2350 1245 quicumque
2394 1187 2537 1227 eam
2578 1176 2827 1227 secutus
2864 1168 3071 1244 fuerit
3110 1167 3189 1229 ad
3238 1165 3449 1230 fercn-

1960 1262 2113 1324 dum
2143 1263 2204 1325 ei
2236 1264 2567 1342 auxilium,
2590 1267 2879 1343 feriatur
2899 1268 3148 1343 qladiO.
3171 1268 3447 1327 Dioeerat

1957 1364 2134 1422 enim
2172 1366 2459 1424 sacerdos
2492 1384 2514 1423 .·
2546 1365 2695 1425 Non
2727 1365 3059 1424 occidatur
3098 1366 3170 1424 in
3219 1367 3447 1442 templo

1959 1462 2251 1522 Domini.
2272 1464 2857 1541 Imposueruntque
2884 1464 2948 1522 ei
2981 1482 3233 1535 manus,
3251 1472 3311 1523 et
3331 1464 3451 1523 im-

351 1556 490 1620 loco
535 1576 669 1621 suae
707 1558 1148 1624 absconsionis
1188 1561 1570 1643 productum
1615 1560 1680 1622 in
1720 1580 1851 1623 me-
1951 1568 2292 1635 peoerunb
2315 1558 2381 1621 id
2411 1566 2509 1622 est
2536 1558 2953 1640 impulerunt,
2976 1580 3119 1620 eam
3133 1579 3253 1637 per
3272 1563 3447 1621 viam

349 1654 478 1731 dio,
521 1664 588 1718 et
631 1656 1069 1721 testimonium
1117 1658 1397 1741 positum
1442 1678 1635 1741 super
1677 1678 1845 1737 eum,

351 1751 410 1815 id
443 1762 542 1816 est
574 1754 816 1817 librum
845 1755 1004 1836 legis
1033 1756 1101 1817 in
1130 1775 1326 1819 manu
1365 1756 1526 1839 ejuS‚
1559 1757 1738 1837 juxta
1773 1757 1850 1818 il-

1961 1657 2267 1716 introitus
2286 1677 2596 1735 equorum
2599 1658 2803 1734 juoeta
2818 1659 3327 1739 palatium.·quae
3344 1657 3448 1721 via

1961 1754 2053 1817 sic
2092 1756 2457 1831 vocabatur,
2492 1755 2798 1836 quoniam
2843 1754 3091 1819 nobiles
3132 1764 3195 1818 et
3228 1764 3450 1840 po'ten-
3541 1784 3548 1795 ·

347 1849 460 1913 lud
495 1852 562 1913 in
600 1851 1150 1936 Paralipomenon,
1185 1855 1504 1917 Dederunt
1545 1854 1613 1916 in
1649 1874 1846 1917 manu
1887 1852 1932 1913 B
1962 1859 2074 1930 teS,
2102 1852 2419 1917 veniendo
2447 1854 2524 1917 ad
2558 1855 2891 1935 templum,
2921 1861 3216 1937 poterant
3246 1874 3449 1937 usque

345 1947 485 2030 ejus
529 1950 878 2013 tenendam
922 1950 1126 2030 legem
1161 1968 1176 2012 t
1215 1960 1288 2013 ut
1326 1951 1572 2015 scilicet
1608 1951 1848 2033 jugiter

347 2061 753 2116 exerceretur
781 2072 856 2116 ac
885 2054 1301 2118 meditaretur
1331 2053 1396 2117 in
1427 2075 1525 2132 ea,
1555 2056 1737 2137 juxta
1767 2055 1843 2117 il-

345 2150 455 2212 lud
476 2152 1338 2235 Deuteronomii,Postquam
1370 2173 1480 2217 rex
1509 2155 1746 2218 sederit
1777 2156 1846 2218 in

345 2248 509 2313 solio
545 2249 730 2329 regni
775 2250 898 2327 sui,
934 2250 1253 2315 describet
1295 2251 1418 2314 sibi
1462 2254 1847 2317 Deuterono-

343 2348 549 2410 mium
582 2347 745 2429 legis
784 2348 974 2431 hujus
1017 2349 1082 2411 in
1126 2350 1475 2427 volumine,
1521 2352 1844 2434 accipiens

343 2447 674 2529 exemplar
730 2466 767 2509 a
825 2448 1282 2526 sacerdotibus,
1341 2448 1631 2531 legetque
1685 2450 1843 2513 illud

343 2546 652 2607 omnibus
681 2544 912 2608 diebus
941 2544 1088 2609 vitae
1119 2566 1270 2622 suae,
1291 2554 1361 2609 ut
1391 2547 1596 2611 discat
1623 2549 1847 2612 timere

345 2642 691 2706 Dominum
725 2643 920 2705 Deum
961 2663 1150 2706 suum
1186 2662 1200 2708 ε
1239 2646 1394 2722 haec,
1433 2645 1716 2727 inquam,
1754 2647 1848 2709 vi-

341 2740 592 2817 denteS,
618 2740 826 2823 gavisi
855 2750 1006 2805 sunt
1035 2743 1320 2821 valde,et
1339 2742 1672 2807 vociferati
1697 2754 1848 2809 sunt

344 2836 410 2899 in
441 2838 676 2900 altum.

400 2938 692 2997 Audivit
711 2946 929 2998 autem
942 2939 1214 2999 Athalia
1236 2959 1445 3000 vocem
1459 2942 1692 3017 populi
1711 2961 1849 3001 cur-

1959 1952 2038 2013 ad
2068 1951 2279 2014 locum
2312 1951 2495 2015 illum
2520 1952 2741 2015 venire
2772 1960 3120 2034 equestreS,
3156 1953 3266 2015 sed
3298 1952 3447 2015 inde

1959 2052 2405 2130 processerunt
2450 2050 2815 2132 pedestres;
2864 2060 2923 2111 et
2969 2052 3310 2128 interfecta
3358 2061 3449 2111 est

1957 2147 2401 2210 ibi.Prohibuit
2420 2148 2659 2230 quippe
2679 2145 2969 2229 pontifex
2989 2148 3193 2211 occidi
3214 2168 3353 2211 eam
3378 2149 3445 2211 in

1957 2264 2134 2310 sacro
2166 2245 2328 2323 loco,
2364 2264 2445 2309 ne
2475 2253 2763 2308 sanctum
2792 2244 3127 2323 violarent,
3153 2246 3445 2310 occiden-

1954 2346 2036 2407 do
2065 2344 2132 2406 in
2164 2363 2239 2407 co
2268 2341 2648 2421 veneficam,
2684 2353 2754 2406 ut
2780 2344 3089 2427 Iosephus
3125 2345 3373 2426 loquitu
3386 2365 3437 2406 r.

2034 2445 2297 2521 Pepiyit
2331 2463 2475 2521 erqo
2505 2445 2741 2504 Joiada
2778 2445 2992 2520 foedus
3037 2446 3209 2505 inter
3236 2447 3445 2506 Deum

1953 2552 2012 2602 et
2053 2544 2227 2603 inter
2270 2561 2477 2618 reyem
2518 2550 2579 2602 et
2621 2542 2795 2601 inter
2825 2545 3169 2619 populum,
3212 2541 3277 2604 id
3322 2550 3439 2619 est,

1957 2659 2169 2721 regem
2216 2660 2288 2702 ac
2337 2640 2645 2722 populum
2692 2638 3085 2717 hortabatur,
3134 2639 3446 2720 obligavit

1955 2748 2018 2802 et
2055 2738 2395 2821 adjuravit,
2431 2747 2502 2800 ut
2538 2740 2667 2801 Deo
2707 2737 2987 2802 fideliter
3020 2737 3438 2817 deservirent,

1957 2838 2100 2901 ideo
2123 2836 2440 2914 subditur,
2466 2846 2539 2898 ut
2557 2847 2711 2897 esset
2728 2840 3011 2915 populus
3030 2839 3301 2899 Domini
3331 2856 3444 2919 per

1956 2936 2198 2999 cultum
2236 2943 2301 2999 et
2335 2934 2799 3009 obedientiam3
2832 2944 2893 2997 et
2932 2936 3103 2996 inter
3141 2955 3352 3012 reqem
3384 2945 3444 2996 et

340 3038 572 3107 rantis,
605 3044 668 3097 et
697 3036 988 3113 ingressa
1035 3039 1124 3099 ad
1167 3039 1384 3098 turbas
1421 3040 1496 3099 in
1539 3043 1846 3117 templum
1881 3028 1926 3093 C
1949 3038 2289 3113 populum,
2317 3042 2387 3095 ut
2412 3032 2543 3113 regi
2565 3042 2779 3096 essent
2800 3032 3185 3095 favorabiles
3217 3042 3279 3095 et
3301 3033 3445 3096 sub—

339 3135 627 3195 Domini.
641 3133 800 3196 Nam
821 3134 900 3196 de
921 3133 1236 3197 industria
1257 3136 1684 3217 permiserunt
1705 3156 1845 3200 eam

340 3231 586 3294 intrare
617 3240 690 3295 ut
720 3240 1092 3314 caperetur;
1126 3241 1190 3296 et
1235 3233 1300 3295 in
1332 3243 1652 3318 praecepto
1680 3235 1844 3299 Joia-

339 3331 460 3407 dae,
501 3330 623 3412 qui
673 3330 1024 3407 mandavit,
1063 3350 1145 3394 ne
1183 3332 1328 3414 quis
1367 3334 1844 3414 permitteretur

341 3427 586 3491 intrare
617 3428 686 3490 in
719 3428 1030 3511 templum
1062 3429 1164 3493 vel
1199 3430 1455 3508 atrium,
1490 3430 1628 3514 ipsa
1658 3432 1844 3495 intel-

341 3526 667 3607 ligebatur
694 3536 978 3609 excepta.
1004 3526 1294 3610 Dicitque
1311 3528 1492 3611 Lyra,
1517 3532 1686 3612 quod
1708 3549 1847 3613 per-

343 3626 546 3688 missa
575 3624 707 3687 fuit
734 3626 976 3689 intrare
1005 3645 1150 3689 cum
1181 3646 1296 3689 sua
1315 3626 1634 3693 comitiva.
1653 3628 1844 3693 Porro

338 3724 658 3807 Iosephus
689 3724 932 3802 scribit,
958 3725 1128 3807 quod
1150 3726 1508 3789 sacerdotes
1537 3745 1676 3790 eam
1699 3746 1844 3791 mox

341 3828 754 3906 acceperunt,
789 3832 1065 3887 armatos
1106 3843 1258 3889 vero
1293 3825 1405 3906 qui
1436 3844 1576 3889 eam
1620 3845 1844 3907 seque-

342 3922 608 3997 bantur,
633 3920 872 3985 intrare
902 3922 1402 4005 prohibuerunt:
1427 3925 1597 4005 quod
1629 3924 1843 3987 verius

344 4039 513 4085 reor.
546 4022 726 4083 Vidit
765 4041 976 4099 reqem
1007 4033 1282 4085 stantem
1317 4042 1512 4101 super
1555 4025 1845 4084 tribunal

1952 3132 2127 3214 jecti,
2170 3151 2278 3195 rex
2318 3150 2575 3214 quoque
2620 3149 2731 3193 eos
2774 3130 2988 3193 debite
3026 3130 3437 3210 gubernaret.

1951 3236 2409 3310 Inqressusque
2424 3239 2515 3290 est
2544 3230 2755 3291 omnis
2772 3233 3058 3306 populus
3082 3240 3267 3292 terrae
3290 3240 3443 3291 tem-

1945 3334 2135 3409 plum
2169 3332 2337 3389 Baal
2366 3349 2389 3388 .·
2418 3328 2612 3410 quod,
2649 3326 2922 3409 Josepho
2969 3324 3310 3404 referente,
3343 3328 3445 3391 Jo-

1954 3446 2088 3490 ram
2134 3446 2242 3490 rex
2291 3434 2355 3489 et
2402 3444 2561 3489 uxor
2599 3425 2738 3506 ejus
2782 3424 3033 3488 Athalia
3076 3435 3443 3489 construxe-

1955 3534 2096 3589 rant
2123 3525 2292 3603 Baal,
2316 3524 2394 3587 ad
2428 3524 2535 3587 Dei
2567 3524 2871 3607 injuriam
2902 3531 2966 3586 et
2995 3522 3199 3606 ipsius
3226 3524 3443 3588 Achab

1952 3625 2302 3699 honorem3
2352 3636 2412 3685 et
2458 3627 2921 3685 destruxerunt
2971 3643 3123 3684 aras
3172 3624 3339 3701 ejus,
3383 3633 3443 3685 et

1953 3726 2272 3801 imayines
2310 3726 2756 3784 contriverunt
2794 3723 3011 3781 valide
3041 3742 3065 3781 .·
3096 3721 3225 3785 imo
3257 3730 3320 3785 et
3355 3730 3443 3786 to-

1953 3831 2089 3885 tum
2119 3822 2431 3905 templum
2461 3821 2620 3882 illud
2650 3819 3051 3899 sacrilegum,
3078 3828 3147 3881 ut
3178 3820 3245 3882 in
3264 3820 3443 3883 Para·
3470 3844 3733 3949 ananum,

1952 3921 2322 4005 lipomenon
2362 3918 2613 3999 legitur.
2648 3920 2923 3979 Matlzan
2953 3939 3202 3998 quoque
3228 3940 3437 3980 sacer-

1953 4024 2161 4082 dotem
2194 4022 2365 4081 Baal
2410 4018 2778 4077 occiderunt
2819 4035 3035 4076 coram
3083 4018 3307 4077 altari.
3350 4020 3437 4081 Et

327 4120 542 4195 juoeta
571 4138 842 4189 morem,
871 4118 938 4180 id
969 4128 1064 4182 est
1093 4138 1285 4202 super
1321 4121 1554 4184 solium
1578 4120 1846 4203 judicia·
1948 4120 2167 4200 posuit
2206 4118 2493 4177 sacerdos
2522 4115 2842 4175 custodias
2883 4114 2957 4175 in
2999 4117 3184 4175 domo
3216 4117 3440 4177 Domi-

345 4216 426 4293 le,
461 4215 532 4277 in
563 4216 846 4297 signum,
877 4218 1052 4297 quod
1080 4225 1249 4280 esset
1278 4218 1498 4301 populi
1529 4220 1742 4299 judex.
1778 4219 1844 4281 In
1876 4216 1930 4280 D
1955 4220 2054 4288 ni,
2074 4216 2138 4279 id
2170 4223 2286 4291 est,
2307 4214 2657 4277 custodiam
2677 4232 2751 4275 ac
2779 4211 3180 4293 diligentiam
3211 4213 3438 4298 templi

105 4328 320 4385 uram,
345 4314 876 4397 Paralipomenon
909 4316 1143 4397 legitur
1175 4334 1190 4379 z
1225 4316 1558 4399 Quumque
1581 4318 1848 4383 vidisset
1955 4337 2028 4380 ac
2061 4314 2225 4395 regis
2266 4312 2331 4375 in
2364 4331 2461 4389 eo,
2494 4311 2814 4376 commisit
2846 4310 3067 4375 Joiada
3104 4313 3440 4379 sacerdoti-

107 4394 158 4433 ¹³'
347 4430 564 4493 regem
595 4422 870 4477 stantem
912 4434 1105 4498 super
1134 4416 1402 4498 gradum
1435 4416 1504 4478 in
1551 4416 1840 4479 introitu.
1957 4416 2073 4479 bus
2123 4433 2196 4476 ac
2243 4411 2501 4476 Levitis.
2562 4413 2861 4491 Tulitque
2906 4414 3335 4484 centuriones,
3384 4422 3443 4475 et

125 4524 261 4585 ωιτη.
278 4546 318 4583 1,
349 4512 434 4575 De
463 4511 632 4575 solio
662 4512 786 4575 isto
814 4514 1056 4577 dictum
1086 4524 1184 4578 est
1214 4516 1402 4579 tertio
1432 4515 1620 4593 libr0‚
1644 4516 1712 4578 in
1743 4515 1844 4578 his
1960 4515 2208 4577 cerethi
2235 4522 2295 4573 et
2324 4512 2622 4574 Pheletlii
2642 4512 2941 4586 temones,
2969 4521 3030 4572 et
3057 4531 3308 4573 omnem
3332 4533 3443 4591 po-

107 4590 215 4637 am·
348 4629 494 4692 quae
522 4612 603 4675 de
631 4611 875 4694 templo
905 4612 1260 4677 Salomonis
1302 4614 1660 4677 introducta
1696 4621 1846 4677 sunt
1949 4617 2187 4691 pulum
2219 4612 2977 4690 terroe,deduoeeruntque
2997 4629 3208 4687 reyem
3236 4614 3315 4671 de
3334 4614 3442 4672 do·

159 4718 304 4765 ‘tubo
348 4707 462 4772 ibi.
489 4712 578 4771 Et
606 4722 896 4772 cantores
925 4722 984 4771 et
1017 4715 1278 4774 turbas*
1295 4732 1498 4791 prope
1526 4734 1699 4783 eum,
1719 4734 1846 4775 om-
1959 4732 2058 4773 mo
2090 4712 2379 4771 Domini.
2418 4711 2500 4771 Εἰ
2532 4719 2844 4770 venerunt
2865 4729 2985 4786 per
3028 4711 3207 4770 viam
3234 4720 3441 4787 portoe

349 4828 624 4889 nemque
642 4814 962 4888 populum
989 4820 1176 4873 terrae
1204 4822 1541 4873 canentem.
1571 4812 1843 4883 tubis,id
1956 4812 2391 4871 scutariorum
2442 4810 2517 4869 in.
2553 4810 2910 4885 palatium,
2942 4817 3001 4868 et
3038 4810 3204 4870 sedit
3250 4828 3443 4887 super

348 4915 445 4969 est
459 4908 778 4988 quosdam
799 4909 876 4971 de
897 4908 1195 4972 omnibus
1216 4928 1377 4991 quos
1399 4908 1685 4991 pontifex
1705 4928 1848 4973 con-
1961 4912 2263 4971 thronum
2291 4928 2535 4985 reyum.
2560 4909 2967 4985 Loetatusque
2994 4916 3085 4967 est
3112 4908 3322 4969 omnis
3332 4927 3443 4984 po-

351 5006 628 5070 vocavit.
665 5010 752 5069 Et
787 5009 980 5069 scidit
1012 5010 1389 5070 vestimenta
1431 5030 1574 5081 sua,
1608 5014 1850 5071 clama-
1949 5013 2151 5085 putus
2184 5017 2392 5077 terroe‚
2411 5014 2471 5067 et
2500 5006 2731 5066 civitas
2748 5006 3135 5084 conquievit.
3169 5006 3444 5067 Ackalia

353 5106 571 5185 vitque
600 5126 624 5166 .·
661 5107 1065 5183 Conjurati0‚
1099 5107 1488 5185 conjuratiO.
1520 5107 1589 5169 ln
1616 5106 1849 5170 Parali-
1958 5118 2174 5169 autem
2202 5108 2406 5166 occisa
2424 5114 2513 5165 est
2525 5105 2751 5181 ¹eladio
2778 5105 2852 5165 in
2870 5104 3055 5163 domo
3076 5106 3265 5181 reyis.
3289 5108 3447 5181 Sep-

107 5215 329 5275 neamm,
353 5220 676 5284 pomenon
697 5201 899 5266 fertur
917 5203 1248 5281 clamasse,
1265 5204 1530 5281 Insidiae,
1557 5205 1842 5269 insidiae:
1962 5217 2209 5286 temque
2235 5224 2562 5265 annorum
2592 5211 2734 5261 erat
2763 5204 2913 5261 Joas
2942 5220 3145 5280 quum
3172 5220 3445 5279 regnare

109 5280 164 5323 ³²·
353 5302 504 5383 quia
531 5302 1042 5384 conjurationem
1083 5312 1147 5367 et
1190 5303 1460 5367 insidias
1500 5302 1852 5388 appellavit
1959 5307 2263 5383 coepisset.
2295 5300 2454 5375 Quid
2484 5307 2697 5362 autem
2724 5316 2839 5381 per
2867 5297 3118 5361 Cerethi
3148 5306 3211 5363 et
3238 5299 3453 5365 Phele-
