4309 6259
843 485 959 549 174

1229 504 1576 552 mammo
1618 503 1681 550 IN
1723 502 1862 548 m.
1907 500 2054 547 xxv1
2097 498 2256 545 unm
2295 498 2466 546 Pnnss
2511 499 3043 548 Pauuroumon.
3087 522 3169 533 -·-
3207 502 3351 549 ΛΒΤ.
3392 500 3539 547 xxvl

838 692 966 737 non
997 674 1219 738 habuit
1256 675 1775 759 primogenitum.
1811 672 2102 738 Secundo
2131 690 2325 754 expo-
2352 670 2404 733 A
2512 680 2619 737 Ad
2646 679 2955 738 orientem
2986 696 3131 737 vero
3152 677 3391 739 Levitae
3418 673 3641 744 sex-,id
3664 680 3781 749 est,
3806 690 3923 734 sex

834 773 1027 850 nitur,
1062 774 1231 855 quod
1279 775 1422 839 ideo
1466 774 1681 857 posuit
1728 773 1918 837 istum
1971 775 2036 837 in
2088 770 2325 855 princi-

830 892 993 955 pem,
1015 874 1168 955 quia
1188 892 1314 937 non
1335 873 1561 937 habuit
1580 874 2076 957 primogenitum
2098 881 2321 956 aptum

828 972 904 1033 ad
938 973 1390 1055 principatum.
1423 973 1697 1035 Primam
1737 980 1948 1035 autem
1980 972 2323 1055 expositio-

828 1088 972 1132 nem
1004 1072 1302 1153 reprobat
1340 1072 1474 1149 ille,
1507 1072 1662 1153 quia
1690 1071 1912 1133 saltem
1959 1071 2080 1134 iste
2111 1070 2313 1133 Semri

826 1167 950 1230 fuit
980 1170 1443 1251 primogenitus
1478 1171 1616 1252 ejus
1661 1180 1770 1233 aut
1799 1170 1986 1232 aliuS.
2022 1169 2114 1232 Ad
2143 1168 2315 1251 quod

826 1269 971 1349 quis
1001 1269 1212 1332 dicere
1245 1279 1479 1352 posset,
1513 1270 1685 1351 quod
1716 1270 1881 1332 Hosa
1910 1269 2052 1332 ideo
2083 1268 2319 1331 dicitur

829 1366 1324 1448 primogenitum
1365 1387 1492 1430 non
1539 1367 1862 1443 habuisse,
1898 1366 2050 1448 quia
2079 1366 2318 1449 primo-

827 1465 1080 1544 genitus
1119 1466 1255 1547 ejus
1299 1465 1427 1546 jam
1475 1465 1657 1542 obiit,
1697 1465 1918 1547 sicque
1958 1464 2071 1527 illa
2110 1472 2315 1528 cessat

826 1562 1126 1645 objectio.
1171 1567 1428 1626 Heleia-s
1474 1568 1817 1634 secundus,
1856 1566 2144 1625 Tabelias
2196 1574 2317 1625 ter-

830 1664 986 1733 tiuS,
1018 1664 1372 1724 Zacharias
1395 1674 1668 1743 quartus
1689 1683 1711 1722 .·
1742 1682 1954 1723 omnes
1987 1665 2061 1724 hi
2087 1664 2224 1740 filii
2252 1672 2313 1723 et

823 1761 1063 1838 fratres
1084 1765 1284 1829 Hosa,
1317 1764 1638 1823 tredecim.

2429 774 2721 837 custodes
2778 775 3075 839 Leviticae
3129 774 3346 856 stirpis
3408 771 3665 835 fuerunt
3720 771 3925 852 depu-

2430 872 2543 934 tati
2590 874 2671 934 ad
2718 873 3046 937 orientalis
3096 881 3293 955 portae
3341 869 3924 934 custodiam.Tem-

2428 969 2605 1051 plum
2664 972 2837 1035 enim
2898 992 3118 1037 versus
3166 972 3555 1035 occidentem
3618 967 3921 1050 respicie—

2428 1071 2555 1147 bat,
2592 1079 2655 1133 et
2694 1070 2784 1133 ita
2828 1071 3182 1134 intrabatur
3213 1070 3279 1132 in
3320 1069 3480 1131 illud
3520 1087 3633 1151 per
3663 1074 3915 1149 portam

2426 1169 2823 1247 orientalem,
2850 1189 2964 1252 per
2993 1189 3185 1252 quam
3220 1168 3341 1230 ruit
3370 1167 3574 1249 major
3596 1184 3909 1228 accessus,

2425 1267 2568 1332 Ideo
2612 1269 2940 1332 constituti
2980 1276 3131 1331 sunt
3160 1267 3250 1330 ibi
3290 1286 3399 1329 sex
3438 1266 3518 1327 ad
3566 1263 3917 1346 reprimen-

2424 1368 2577 1429 dum
2638 1367 3004 1429 tumultum.
3058 1368 3125 1429 ln
3184 1366 3328 1429 aliis
3387 1363 3587 1446 portis
3636 1369 3913 1443 quatuor

2424 1474 2625 1543 crant,
2660 1475 2728 1528 ut
2767 1467 3080 1529 subditur.
3116 1469 3200 1528 Et
3238 1468 3326 1525 ad
3357 1465 3721 1543 aquilonem
3748 1480 3911 1540 qua-

2427 1574 2573 1624 tuor
2616 1585 2735 1643 per
2792 1568 2967 1625 diem
2989 1590 3015 1638 ,·
3062 1575 3256 1644 atque
3300 1565 3389 1623 ad
3438 1561 3771 1621 meridiem
3820 1562 3910 1619 si-

2424 1665 2669 1723 militer
2708 1666 2783 1725 in
2810 1667 2920 1724 die
2945 1673 3228 1743 quatuor
3248 1686 3275 1733 ,·
3312 1670 3373 1721 et
3404 1662 3516 1720 ubi
3544 1668 3681 1720 erat
3708 1656 3911 1717 conci-

2424 1764 2613 1833 lium,
2648 1764 2790 1822 bini
2830 1773 2890 1823 et
2920 1764 3082 1823 bini.
3116 1763 3201 1823 In
3240 1761 3492 1819 cellulis
3540 1776 3810 1837 quoque,
3842 1753 3907 1815 id

904 1863 1000 1922 Hi
1039 1860 1170 1941 jam
1208 1860 1512 1942 expressi,
1546 1862 1751 1921 divisi
1779 1870 1931 1923 sunt
1962 1863 2035 1921 in
2052 1861 2310 1938 janito-
2347 1854 2395 1919 B
2422 1869 2519 1923 est
2547 1861 2838 1937 cameriS,
2847 1863 3225 1940 janitorum
3244 1862 3334 1919 ad
3352 1859 3736 1920 occidentem
3755 1874 3911 1933 qua-

820 1980 944 2029 res,
974 1970 1046 2021 ut
1087 1980 1333 2041 semper
1367 1962 1699 2039 principes
1742 1962 2211 2029 custodiarum,
2243 1959 2306 2021 id

817 2064 934 2133 est,
967 2065 1281 2138 quatenus
1311 2057 1435 2139 ipsi
1465 2057 1700 2137 jugiter
1729 2057 2106 2121 exsistentes
2136 2057 2309 2140 prin-

815 2154 1051 2237 cipales
1083 2155 1148 2217 in
1187 2156 1604 2219 custodiendo
1647 2156 1875 2236 januas
1904 2165 1968 2219 et
2010 2164 2309 2219 contenta

817 2253 987 2315 infra
1029 2254 1299 2330 easdem,
1333 2257 1500 2315 sicut
1529 2263 1588 2314 et
1624 2255 1868 2332 fratres
1909 2275 2157 2324 eorum,
2188 2257 2307 2315 mi·

2422 1968 2566 2019 tuor
2594 1967 2778 2021 erant
2806 1959 3039 2023 Levitae
3070 1961 3141 2019 in
3176 1959 3288 2017 via
3317 1974 3433 2039 pro
3464 1951 3905 2017 accedentium

2416 2056 2787 2133 directione,
2835 2059 3098 2137 binique
3134 2076 3253 2135 per
3294 2058 3589 2123 cellulaS,
3618 2052 3739 2113 hoc
3782 2058 3903 2123 est,

2416 2156 2543 2219 duo
2576 2156 2638 2218 in
2670 2156 2958 2237 qualibet
2984 2155 3217 2218 cellula
3245 2151 3763 2217 commanebant.
3798 2150 3909 2209 Aa

2412 2259 2905 2332 septentrionem
2942 2275 3086 2315 vero
3115 2265 3175 2314 et
3208 2254 3569 2321 meridiem,
3601 2247 3910 2327 quaterni

816 2354 1171 2414 nistrarent
1203 2352 1267 2414 in
1301 2351 1422 2415 isto
1452 2351 1552 2415 off
1557 2352 1679 2415 icio
1701 2355 1774 2412 in
1802 2356 1989 2414 domo
2008 2354 2299 2413 Domini.
2406 2372 2527 2429 per
2564 2355 2698 2413 dies
2734 2356 3021 2431 singulos
3064 2354 3490 2413 mutabantur
3512 2374 3538 2421 ,·
3574 2358 3633 2409 et
3669 2349 3757 2407 ad
3796 2348 3909 2405 ba-

817 2453 1033 2513 Missoe
1059 2462 1211 2513 sunt
1240 2471 1386 2529 erqo
1416 2461 1610 2512 sortes
1647 2472 1728 2510 ea:
1755 2471 1960 2529 oequO,
1991 2461 2051 2511 et
2075 2454 2305 2528 parvis
2411 2453 2667 2513 silicam
2713 2454 2977 2513 concilii
3024 2455 3111 2512 ad
3148 2453 3531 2511 occidentem
3574 2447 3741 2515 bini,
3788 2446 3908 2505 ha-

816 2560 876 2609 et
927 2552 1181 2626 magmis
1221 2569 1342 2627 per
1388 2550 1692 2627 familias
1733 2570 1910 2619 suas,
1962 2552 2032 2609 in
2081 2569 2307 2610 unam·
2415 2551 2619 2611 bentes
2655 2553 2961 2629 subjectos
2990 2553 3153 2611 alios
3192 2552 3265 2611 in
3312 2551 3450 2617 via,
3480 2548 3743 2624 binique
3780 2563 3905 2621 per

816 2668 1138 2728 quamque
1157 2657 1529 2725 portarum,
1557 2648 1637 2709 ad
1677 2648 2188 2727 cognoscendum
2225 2649 2305 2711 ad
2412 2652 2699 2710 cellulas.
2735 2652 2853 2711 Hae
2879 2659 3032 2710 sunt
3059 2650 3411 2709 divisiones
3423 2646 3799 2723 janitorum
3830 2646 3905 2719 fi-

816 2745 1000 2826 cujus
1046 2754 1245 2828 portae
1288 2745 1641 2808 custodiam
1680 2746 2126 2827 unusquisque
2158 2746 2305 2809 isto·
2416 2750 2655 2808 tiorum
2688 2751 2839 2809 Core
2865 2758 2926 2809 et
2954 2750 3224 2808 Merari.

816 2864 953 2905 rum
999 2844 1430 2926 deputaretur.
1470 2846 1712 2905 Cecidit
1740 2864 1888 2922 erqo
1915 2865 2051 2905 sors
2093 2848 2304 2907 orien-
2492 2846 2791 2928 Sequitur
2847 2847 2927 2908 de
2983 2845 3357 2909 custodibus
3417 2862 3529 2905 seu
3588 2838 3895 2913 sacristis,

815 2944 966 3003 talis
1001 2944 1321 3012 Selemioe,
1362 2942 1427 3003 id
1475 2949 1592 3019 est,
1637 2961 1774 3005 sors
1821 2942 2110 3005 indicans
2155 2944 2302 3025 quis
2410 2964 2684 3027 quorum
2728 2944 3026 3009 officium
3074 2951 3209 3007 erat
3256 2939 3670 3006 sacerdotalia
3714 2956 3903 3001 orna-

814 3038 1000 3103 [ieret
1027 3048 1240 3103 custos
1271 3048 1470 3123 portae
1499 3040 1826 3103 orientalis
1877 3040 2080 3123 ipsius
2124 3043 2294 3118 atrii,
2337 3042 2380 3105 C
2410 3053 2624 3107 menta
2670 3052 2735 3107 et
2792 3064 2971 3108 sacra
3016 3064 3167 3108 vasa
3225 3042 3567 3117 custodire,
3621 3037 3901 3122 pretiosa

807 3157 1060 3219 egressa
1091 3147 1187 3202 est
1217 3139 1354 3203 viro
1385 3138 1481 3199 illi
1514 3138 1772 3201 nominc
1805 3138 2114 3203 Selemiae.
2141 3144 2301 3203 Por·
2408 3162 2665 3224 quoque
2696 3151 2767 3206 ut
2785 3162 3033 3219 aurum,
3058 3148 3414 3222 argentum,
3439 3149 3502 3203 et
3531 3134 3903 3202 consimilia

807 3258 878 3298 ro
909 3240 1246 3299 Zachariae
1274 3240 1416 3316 filio
1445 3238 1584 3315 ejus
1612 3248 1671 3298 et
1702 3240 1842 3298 viro
1863 3242 2301 3315 prudentissi-
2410 3240 2675 3305 Domino
2704 3250 3093 3316 consecrata,
3118 3259 3393 3303 servare.
3427 3241 3635 3301 Porro
3656 3238 3899 3297 Achias

807 3356 910 3397 mo
941 3335 1006 3398 in
1053 3336 1243 3399 rebus
1284 3336 1603 3413 humani8‚
1638 3347 1697 3397 et
1725 3339 1980 3397 erudito
2027 3336 2093 3398 in
2129 3337 2299 3400 divi·
2406 3350 2547 3400 erat
2564 3360 2757 3419 super
2789 3344 3113 3401 thesauros
3140 3343 3369 3401 domus
3399 3337 3669 3401 Domini
3697 3344 3757 3395 et
3788 3354 3901 3393 va·-

807 3435 926 3511 nis,
941 3437 1162 3497 sortito
1182 3436 1429 3513 obtigit,
1445 3434 1512 3496 id
1535 3442 1630 3497 est
1649 3436 1950 3516 deputata
1971 3440 2297 3513 esssplaya
2405 3460 2478 3499 sa
2522 3450 2911 3511 sanctorum,
2950 3439 3013 3501 id
3064 3446 3161 3502 est
3207 3437 3409 3499 divini
3460 3435 3693 3499 cultuS.
3730 3434 3902 3495 Filii

801 3536 1344 3611 septentrionalis,
1378 3534 1496 3597 hoc
1528 3540 1624 3596 est
1655 3532 1941 3596 custodia
1971 3542 2169 3615 portae
2209 3554 2299 3596 re·
2406 3558 2652 3617 quoque
2680 3542 2959 3610 Leedan,
2980 3540 3114 3615 filii
3149 3538 3465 3598 Gersonni
3489 3556 3511 3595 .·
3532 3537 3611 3595 de
3634 3534 3895 3593 Leedan

807 3632 1138 3714 spicientis
1157 3633 1238 3695 ad
1275 3632 1664 3713 aquilonem.
1701 3632 1937 3713 Nempe
1965 3651 2167 3713 quum
2199 3632 2297 3695 vir
2396 3637 2728 3712 principes
2740 3638 3183 3716 familiarum,
3196 3638 3474 3708 Lcedan,
3489 3643 3548 3695 et
3566 3631 3891 3697 Gersonni.

806 3730 927 3794 istc
974 3729 1170 3793 fuerit
1219 3739 1409 3794 tantae
1458 3729 1836 3813 prudentiae,
1889 3730 2102 3792 decuit
2143 3749 2293 3793 eum
2402 3736 2656 3795 Jehieli.
2692 3736 2861 3795 Filii
2877 3735 3460 3802 Jehieli:Zathan,
3488 3742 3549 3792 et
3574 3734 3733 3801 Joel,
3756 3731 3899 3807 fra·

805 3829 1228 3912 principalem
1269 3848 1409 3892 esse
1453 3829 1780 3892 custodem
1825 3828 1890 3889 in
1923 3847 2049 3890 una
2086 3837 2291 3911 porta.

809 3930 1156 3990 Obededom
1185 3948 1330 3989 vero
1373 3937 1432 3988 et
1457 3930 1623 4005 filiis
1665 3928 1807 4005 ejus
1845 3930 1934 3987 ad
1970 3937 2294 3998 austrum,

803 4026 864 4088 id
895 4035 1012 4101 est,
1037 4034 1206 4089 sorte
1235 4025 1504 4106 contigit
1525 4042 1796 4107 praeesse
1818 4025 2126 4088 custodiae
2154 4043 2296 4107 por-

799 4134 878 4188 tae
905 4125 1234 4198 australis;
1271 4128 1342 4186 in
1373 4146 1503 4205 qua
1531 4134 1721 4201 parte
1748 4127 1977 4185 domus
2011 4123 2122 4187 Dei
2153 4134 2293 4185 erat

2408 3842 2529 3892 tres
2556 3832 2719 3909 ejus,
2750 3850 2944 3909 super
2976 3835 3301 3893 thesauros
3340 3834 3567 3891 domus
3597 3828 3893 3899 Domini,

2402 3931 2815 4001 Amramitis,
2847 3939 2906 3989 et
2936 3932 3266 3999 Isaaritis,
3307 3940 3367 3991 et
3400 3928 3799 3995 Hebronitis,
3836 3934 3897 3985 et

2408 4029 2719 4089 Ozielitis.
2746 4030 2989 4089 Subuel
3009 4038 3226 4090 autem
3245 4031 3431 4106 filius
3456 4030 3736 4094 Gersom,
3758 4025 3899 4102 filii

2402 4128 2666 4203 Moysis,
2693 4130 3079 4204 praepositus
3112 4128 3451 4188 thesauris.
3477 4129 3710 4186 Frater
3739 4142 3897 4203 quo-

795 4226 1124 4285 seniorum
1165 4225 1540 4293 concilium,
1574 4221 1636 4283 id
1689 4230 1803 4297 est,
1837 4222 2085 4302 judices
2125 4223 2296 4286 ordi·
2323 4226 2372 4288 D
2402 4245 2523 4303 que
2557 4226 2697 4302 ejus
2728 4227 3003 4297 Eliezer,
3037 4228 3227 4304 cujus
3264 4228 3447 4304 filius
3478 4224 3802 4291 Rahabia,
3832 4230 3895 4280 et

797 4321 962 4383 narii
993 4320 1411 4383 consulebant
1443 4318 1534 4381 ibi
1565 4320 1644 4382 de
1674 4319 1842 4381 bono
1871 4320 2196 4382 communi
2231 4329 2293 4383 et

793 4418 1279 4482 occurrentibus
1299 4417 1516 4480 arduis
1544 4416 1774 4492 causiS,
1801 4417 1945 4479 ideo
1966 4426 2157 4499 porta
2177 4418 2292 4481 illa

799 4516 924 4579 fuit
953 4516 1294 4597 diligenter
1319 4514 1756 4580 custodienda.
1789 4517 2058 4593 Sephim
2086 4526 2146 4577 et
2168 4520 2293 4579 Ho-

797 4637 870 4677 sa
898 4614 1294 4698 praefuerunt
1327 4622 1526 4697 portae
1564 4614 1702 4677 sitae
1744 4617 1840 4675 ad
1877 4616 2289 4685 occidentem,

786 4716 996 4794 juxta
1034 4724 1295 4793 portam
1342 4734 1484 4791 quae
1510 4714 1695 4774 ducit
1732 4715 1821 4772 ad
1859 4714 2039 4773 viam
2079 4733 2293 4773 ascen-

797 4814 1023 4884 sionis,
1053 4831 1184 4895 qua
1227 4811 1356 4873 itur
1401 4811 1480 4874 ad
1529 4818 1812 4873 montem
1858 4810 2031 4887 Sion,
2067 4810 2169 4873 vel
2211 4811 2291 4873 ad

801 4910 1109 4993 palatium
1139 4908 1326 4990 regiS,
1352 4908 1488 4973 sive
1526 4910 1603 4971 ad
1633 4908 1810 4972 aliud
1851 4908 2006 4990 quid
2039 4907 2287 4983 simile3

798 5012 1090 5071 custodia
1109 5018 1331 5069 contra
1362 5009 1764 5069 custodiam:
1787 5025 1934 5068 nam
1966 5013 2149 5088 porta
2180 5006 2292 5068 illa

799 5106 1210 5172 occidentalis
1243 5104 1366 5168 fuit
1388 5105 1629 5169 directe
1657 5123 1735 5167 ex
1765 5104 2060 5186 opposito
2091 5112 2291 5186 portae

795 5205 1126 5270 orientalis
1149 5204 1373 5282 locata,
1394 5203 1615 5286 sicque
1635 5201 1925 5265 custodia
1949 5202 2140 5264 unius
2165 5200 2290 5265 fuit

796 5324 832 5369 e
861 5305 1118 5387 regione
1146 5302 1452 5367 custodiae
1479 5300 1764 5365 alterius.

2400 4324 2599 4400 hujus
2625 4325 2807 4401 filius
2837 4325 3070 4395 Isaias,
3102 4334 3161 4385 et
3192 4326 3390 4403 hujus
3427 4325 3612 4401 filius
3638 4324 3890 4389 loram,

2400 4422 2599 4497 hujus
2627 4440 2874 4500 quoque
2900 4423 3083 4498 filius
3104 4425 3357 4493 Zechri,
3390 4430 3447 4482 et
3479 4421 3681 4497 hujus
3706 4420 3893 4496 filius

2398 4520 2728 4580 Selemith,
2762 4520 2907 4596 Ipse
2952 4522 3284 4591 Selemith,
3333 4530 3393 4580 et
3432 4520 3673 4596 fratres
3722 4517 3893 4593 ejus,

2400 4613 2523 4676 fuit
2550 4635 2741 4692 super
2764 4618 3089 4677 thesauros
3116 4626 3509 4687 sanctorum,
3540 4614 3604 4678 id
3634 4621 3731 4677 est
3762 4613 3894 4675 the-

2401 4730 2619 4775 sauros
2650 4720 2841 4793 atque
2861 4714 3163 4795 pecunias
3186 4713 3433 4796 templi,
3460 4713 3783 4777 ordinatas
3804 4709 3883 4772 ad

2400 4817 2617 4872 sancta
2650 4828 2727 4872 ex
2758 4810 2853 4872 eis
2888 4809 3242 4888 formanda,
3276 4811 3744 4894 componenda,
3778 4816 3889 4871 aut

2400 4909 2851 4991 recuperanda,
2874 4932 3017 4990 quoe
3044 4914 3479 4988 sanctificavit
3498 4912 3719 4973 David
3744 4928 3884 4980 rex,

2396 5016 2456 5067 et
2476 5008 2807 5085 principes
2824 5010 3270 5086 familiarum,
3292 5020 3353 5070 et
3386 5010 3638 5070 tribuni
3664 5018 3723 5069 et
3742 5028 3885 5067 cen-

2400 5106 2685 5165 turiones
2702 5115 2763 5166 et
2781 5108 2971 5166 duces
2999 5110 3343 5177 exercitus,
3363 5110 3443 5167 de
3464 5109 3647 5167 bellis
3672 5115 3731 5167 et
3752 5127 3889 5167 ma-

2396 5205 2615 5265 nubiis
2640 5206 3043 5281 proeliorum,
3074 5226 3219 5285 quoe
3247 5214 3769 5266 consecraverant
3799 5208 3891 5265 ad

2396 5302 2939 5362 instaurationem
2958 5312 3017 5363 et
3044 5304 3500 5381 supellectilem
3524 5305 3746 5381 templi
3764 5306 3891 5363 Do—
