4309 6259
76 865 130 902 ¹¹²
158 859 291 963 Ε’ζξζ
320 881 465 935 sunt
496 875 717 939 habita
748 887 941 959 atquc
966 875 1680 960 exposita.Describitur
1709 894 1815 937 au-

72 939 101 964 n
136 927 174 964 lo

72 1053 170 1093 5140.

122 2071 149 2112 ll
174 2071 265 2114 Par.

72 2147 153 2180 nu,
166 2136 281 2177 1648.

88 2957 285 3012 [Βοὴ-,πῃ

806 511 1155 558 mammo
1198 511 1259 556 m
1302 511 1440 557 CAP.
1488 511 1549 555 vl
1590 509 1747 556 amm
1789 509 1958 556 Pmm
1998 508 2528 559 PARAMPOuRNON.
2575 533 2656 544 --
2694 513 2838 561 An‘r.
2885 515 2946 561 vl

3295 493 3405 562 131

320 682 529 740 Sadoc
552 683 787 758 yenuit
816 682 1563 752 Achimaas,Ac-himaas
1583 681 1815 758 yenuit
1844 679 1896 742 A
1942 683 2224 754 Vasseni,
2268 694 2327 744 et
2369 687 2562 748 Abia.
2615 689 2786 747 Filii
2831 697 3050 748 autem
3093 689 3346 748 Merari
3385 707 3409 746 .-

95 799 291 844 amun,
319 779 661 840 Azariam.
694 779 818 841 Ista
857 779 923 842 in
964 779 1147 842 libris
1179 777 1406 860 Moysis
1447 777 1815 858 frequenter
1922 780 2412 850 Mokoli,Lobni
2428 786 2612 861 filius
2629 787 3019 863 ejus-,Semei
3039 788 3222 862 filius
3241 787 3404 862 ejus,

317 1073 521 1136 Aaron
567 1092 775 1157 usque
812 1078 891 1138 ad
934 1075 1559 1156 transmigrationem
1603 1073 1670 1135 in
1700 1072 1813 1133 Ba-

316 1170 635 1252 bylonem,
668 1183 731 1238 et
763 1175 953 1256 plana
982 1183 1081 1238 est
1109 1173 1343 1237 littera.
1376 1172 1615 1236 Deinde
1645 1171 1811 1233 inter

315 1279 525 1334 cetera
562 1272 797 1336 dicitur
832 1291 847 1336 ε
882 1276 1165 1336 Azao-ias
1202 1283 1419 1334 autem
1451 1272 1683 1348 yenuit
1708 1272 1809 1330 Jo-

314 1371 562 1442 hanan,
577 1374 883 1433 Iohanan
906 1370 1196 1454 pontifex
1207 1371 1439 1448 ,qenuit
1459 1371 1803 1431 Azariam.

312 1471 477 1546 Ipse,
514 1468 817 1532 videlicet
844 1469 1119 1546 Azarias,
1154 1480 1243 1530 est
1276 1470 1393 1548 qui
1422 1471 1690 1548 functus
1718 1475 1807 1526 est

310 1569 663 1629 sacerdotio
695 1570 769 1630 in
796 1572 983 1630 domo
1012 1589 1213 1649 quam
1243 1567 1595 1645 aedificavit
1634 1568 1807 1628 Salo-

315 1686 461 1726 mon
482 1669 557 1726 in
574 1671 955 1740 Jerusalem,
978 1667 1041 1730 id
1064 1674 1161 1730 est
1182 1667 1248 1729 in
1274 1665 1511 1748 templo
1532 1664 1808 1727 Salomo—

314 1763 425 1838 nis
444 1764 511 1827 in
534 1782 664 1846 quo
686 1765 984 1829 videlicet
1007 1765 1249 1848 templo
1270 1765 1461 1828 etiam
1482 1763 1592 1826 alii
1616 1761 1804 1825 multi

1925 880 2056 938 Οἷα
2084 881 2269 954 filius
2295 882 2462 957 ejus,
2491 885 2804 944 Sammaa
2828 886 3010 960 filius
3040 886 3201 960 ejus,
3231 887 3409 960 Haq-

72 987 169 1030 vam
190 955 291 1036 un:
320 978 439 1034 tem
472 976 630 1038 ordo
663 977 1089 1040 successionis
1110 976 1344 1039 summi
1366 974 1711 1038 sacerdotis
1731 972 1813 1035 ab
1912 976 2029 1050 ¹qia
2058 978 2243 1052 filius
2270 981 2431 1056 ejus,
2463 982 2670 1042 Asaia
2695 984 2878 1059 filius
2907 983 3067 1060 ejus.

2017 1076 2141 1135 Isti
2177 1087 2330 1138 sunt
2373 1099 2527 1158 quos
2575 1082 2909 1140 constituit
2948 1083 3168 1142 David
3213 1101 3406 1159 super

1917 1182 2204 1234 cantores
2239 1178 2468 1238 domus
2495 1180 2787 1250 Domini,
2817 1199 2900 1238 ea·
2937 1199 3060 1258 quo
3099 1183 3404 1240 collocata

1915 1280 2005 1330 est
2033 1291 2231 1345 arca,·
2265 1283 2326 1334 et
2365 1277 2826 1338 ministrabant
2863 1298 3080 1339 coram
3112 1281 3406 1339 taberna-

1914 1372 2056 1428 culo
2088 1373 2463 1443 testimonii,
2484 1385 2801 1446 canentes,
2821 1379 3021 1436 donec
3049 1379 3402 1455 <edificaret

1918 1469 2219 1529 Salomon
2271 1473 2534 1532 domum
2583 1476 2854 1534 Domini
2899 1477 2973 1535 in
3019 1478 3398 1538 Jerusalem.

1914 1565 2191 1626 Stabant
2237 1577 2454 1629 autem
2483 1570 2692 1644 juoeta
2739 1573 3034 1630 ordinem
3079 1591 3268 1632 suum
3326 1573 3401 1632 in

1916 1663 2298 1726 ministerio.
2334 1666 2600 1729 Sanctus
2642 1667 2840 1730 David
2879 1668 3013 1731 zelo
3053 1669 3257 1732 divini
3291 1668 3402 1732 ho-

1916 1759 2090 1821 noris
2130 1770 2298 1824 totus
2341 1763 2599 1843 ignituS,
2634 1766 2878 1847 optavit
2917 1767 3040 1830 Deo
3077 1766 3402 1830 aedificare
3447 1782 3692 1840 numam,

311 1865 671 1927 sacerdotes
709 1864 876 1927 bene
915 1863 1122 1927 suncti
1162 1871 1331 1925 sunt.
1366 1862 1490 1948 Cur
1528 1879 1679 1942 ergo
1717 1861 1806 1925 di·
1842 1863 1889 1926 Β
1916 1859 2226 1940 templum
2257 1864 2611 1940 cedrinum,
2637 1872 2700 1926 et
2730 1865 3090 1946 prohibitus
3121 1864 3280 1944 fuit3
3314 1873 3401 1928 at·
3427 1848 3514 1892 ²⁶⁵·

310 1963 477 2025 citur
513 1963 683 2026 istud
724 1965 1090 2046 specialiter
1129 1965 1209 2027 de
1246 1963 1367 2027 hoc
1404 1962 1665 2025 Azarial
1694 1962 1805 2024 Re-

310 2063 681 2142 spondetur,
696 2064 869 2145 quod
902 2064 1067 2139 ideo,
1087 2063 1243 2145 quia
1264 2061 1542 2125 viriliter
1572 2059 1806 2122 restitit

308 2159 463 2224 Oziae
500 2161 638 2242 regi
684 2161 1020 2244 usurpanti
1059 2161 1185 2224 sibi
1225 2159 1613 2225 sacerdotale
1654 2157 1805 2221 orfi-

307 2259 473 2320 cium
508 2260 577 2321 in
612 2259 1068 2323 thurificando.
1118 2262 1357 2322 Genuit
1386 2269 1601 2320 autem
1632 2261 1804 2319 Aza-

304 2361 437 2419 rias
458 2361 833 2429 Amariam,
848 2369 907 2420 et
927 2361 1240 2421 Amarias
1253 2379 1377 2437 ¹qen
1388 2361 1487 2419 uit
1508 2358 1803 2425 Aeliitob,

306 2459 577 2518 Ackitob
624 2460 861 2535 qenuit
916 2462 1155 2528 Sadoc,
1202 2469 1261 2519 et
1310 2461 1522 2519 Sadoc
1571 2456 1803 2533 {lenuit

308 2558 583 2626 Sellum,
624 2559 875 2618 Sellum
912 2559 1146 2633 genuit
1192 2559 1508 2627 IIelciam,
1544 2556 1803 2616 Hele-ias

300 2657 527 2730 ,qenuit
546 2659 1197 2726 Azariam,Azarias
1208 2656 1413 2730 ‚qenui
1419 2665 1439 2715 t
1462 2655 1797 2723 Saraiam,

306 2765 357 2813 et
396 2757 679 2816 Saraias
713 2758 947 2833 genuit
984 2758 1259 2816 Josedec.
1303 2754 1534 2817 Dicunt
1578 2771 1802 2833 quam-

310 2851 569 2933 plurimi
593 2853 767 2916 hunc
784 2853 1045 2917 Iosedec
1064 2853 1329 2915 Esdram
1360 2851 1387 2912 l'
1390 2851 1579 2928 uisse,
1599 2868 1799 2932 quum

311 2956 367 3012 et
395 2951 461 3012 in
494 2950 667 3014 libro
696 2951 911 3014 Esdrae
942 2951 1187 3030 legatur
1223 2967 1237 3011 :
1271 2950 1416 3012 Post
1446 2950 1577 3012 haec
1609 2948 1677 3009 in
1710 2965 1801 3008 re-

1919 1965 2129 2021 tamen
2167 1969 2312 2024 ante
2353 1962 2472 2025 hoc
2512 1961 2751 2026 fecerat
2785 1963 2980 2026 David
3027 1965 3402 2028 tabernacu-

1916 2057 2071 2136 lum,
2116 2060 2194 2121 ad
2240 2060 2605 2141 ponendum
2651 2061 2717 2122 in
2761 2080 2837 2124 eo
2881 2081 3114 2138 arcam,
3164 2062 3230 2125 in
3270 2081 3399 2143 quo

1914 2176 2112 2238 quum
2148 2176 2288 2221 eam
2327 2159 2782 2237 constituisset,
2819 2159 3098 2222 instituit
3138 2160 3229 2223 ibi
3274 2171 3400 2225 tres
3431 2176 3689 2223 levum.

1914 2256 2141 2320 choros
2172 2265 2524 2334 cantorum,
2557 2257 2792 2340 quibus
2823 2258 3107 2322 vicissim
3137 2259 3404 2342 praefue-

1916 2364 2063 2418 runt
2101 2356 2360 2420 diversi.
2395 2356 2844 2421 Verumtamen
2884 2358 3237 2440 unicuique
3269 2368 3403 2422 tur-

1914 2473 2034 2516 mae
2060 2463 2408 2532 cantorum,
2428 2455 2540 2536 qui
2571 2463 2634 2517 et
2662 2456 2894 2520 Levitae
2928 2456 3207 2534 fuerunt,
3233 2478 3399 2520 unus

1911 2553 2075 2634 prael'
2077 2555 2168 2615 uit
2189 2554 2577 2637 principalis
2593 2554 2680 2617 ita
2694 2557 2862 2636 quod
2883 2565 3066 2619 erant
3085 2564 3213 2620 tres
3234 2557 3402 2639 prin-

1912 2652 2149 2734 cipales
2181 2652 2272 2716 sic
2303 2652 2729 2736 praesidenteS,
2750 2654 2880 2717 nati
2906 2654 3210 2718 extribus
3239 2655 3399 2718 filiis

1910 2751 2085 2813 Levi.
2103 2752 2256 2814 Nam
2277 2752 2516 2815 Heman
2537 2761 2722 2815 natus
2743 2773 2820 2816 ex
2839 2754 3031 2815 Caath
3054 2753 3196 2818 silio
3219 2755 3394 2830 Levi,

1912 2848 2172 2930 praefuit
2202 2857 2423 2913 turmae
2453 2859 2786 2914 cantorum
2818 2870 2962 2933 quae
2993 2861 3132 2914 erat
3164 2852 3231 2914 in
3268 2872 3400 2916 me-

1912 2945 2048 3021 dio;
2071 2947 2284 3029 Asaph
2305 2966 2550 3011 veroex
2569 2947 2808 3013 Gerson
2831 2951 3404 3033 progenituS‚prin-

312 3067 427 3128 gno
470 3049 841 3112 Artaxerxis
882 3049 1113 3111 Esdras
1153 3047 1333 3110 silius
1373 3047 1624 3122 Samias,
1676 3054 1801 3108 etc.
1830 3042 1873 3105 C
1910 3063 2061 3126 ceps
2090 3046 2330 3108 exstitit
2359 3046 2538 3110 chori
2559 3048 2637 3109 ad
2659 3047 2979 3110 dexteram
3009 3049 3398 3113 exsistentis,

312 3145 587 3211 Saraiam
627 3156 843 3210 autem
880 3149 1271 3211 sacerdotem
1318 3146 1596 3230 primum
1637 3144 1803 3208 occi-

309 3245 397 3306 dit
426 3267 533 3310 rex
556 3246 918 3328 BabyloniS,
946 3246 1289 3330 ipsumque
1313 3245 1574 3308 Iosedec
1606 3253 1802 3306 trans-

312 3345 447 3407 tulit
476 3346 546 3408 in
577 3346 962 3410 Chaldaeam.
994 3349 1203 3408 Porro
1231 3349 1485 3408 Josedec
1518 3364 1801 3422 eyressus

304 3455 416 3513 est,
452 3447 717 3524 quando
748 3447 1085 3505 transtulit
1112 3445 1436 3506 Dominus
1464 3446 1708 3504 Judam
1738 3451 1799 3502 et

300 3545 675 3614 Jerusalem,
724 3563 841 3620 per
894 3563 1132 3604 manus
1184 3544 1787 3604 Nabuchodonosor.

382 3643 546 3702 Filii
570 3661 722 3719 erqo
752 3643 911 3703 Levi
933 3662 955 3701 .·
984 3644 1247 3713 Gerson,
1275 3643 1474 3702 Caath
1505 3650 1566 3701 et
1594 3643 1803 3701 Asera-

300 3742 384 3800 ri.
410 3743 487 3802 Et
505 3743 639 3802 hoec
658 3742 931 3801 nomina
956 3742 1254 3818 filiorum
1280 3743 1515 3800 Get-son
1538 3760 1561 3799 .·
1582 3741 1792 3800 Lobni

302 3849 361 3897 et
390 3841 621 3902 Semei.
646 3841 820 3899 Filii
854 3839 1055 3900 Caatlt
1086 3857 1111 3900 .·
1132 3841 1405 3900 Amram
1438 3847 1499 3898 et
1528 3841 1720 3898 Isaar
1738 3848 1798 3898 et

305 3939 557 3998 Hebron
584 3947 645 3996 et
679 3937 886 3998 Oziel.
920 3936 1090 3996 Filii
1119 3937 1371 3996 Merari
1402 3956 1425 3995 .·
1456 3935 1704 3998 Mokoli
1739 3946 1798 3995 et

304 4038 502 4096 λίπετ’.
526 4039 649 4098 Jlae
676 4044 895 4095 autem
917 4037 1365 4111 generationes
1393 4037 1554 4095 Levi
1579 4055 1797 4095 secun-

300 4136 461 4194 dum
490 4135 789 4214 familias
816 4153 1060 4194 eor-um.
1091 4135 1354 4202 Gerson,
1376 4135 1584 4194 Lobni
1610 4136 1795 4211 filius

1910 3143 2114 3206 Ethan
2161 3163 2311 3209 vero
2353 3164 2428 3208 ex
2472 3145 2717 3208 semine
2756 3145 2997 3224 lucrari,
3033 3156 3167 3211 erat
3205 3168 3397 3233 super

1908 3242 2174 3305 chorum
2222 3251 2554 3306 cantorum
2612 3244 3054 3309 exsistentium
3113 3249 3212 3310 ad·
3241 3247 3398 3310 sini-

1908 3348 2127 3402 stram.
2161 3340 2484 3404 Canebant
2512 3351 2724 3405 autem
2765 3342 3044 3425 psalmos
3078 3345 3391 3424 ordinate,

1909 3447 1975 3500 et
2019 3447 2306 3522 tempore
2353 3439 2728 3521 praestitut0‚
2780 3442 2984 3505 donec
3041 3443 3396 3508 aedil'icaret

1910 3536 2206 3600 Salomon
2245 3537 2504 3599 domum
2535 3538 2808 3616 Domini,
2843 3539 2910 3603 id
2947 3550 3044 3604 est
3084 3543 3395 3624 templum

1909 3635 1976 3698 in
2002 3634 2374 3711 Jerusalem,
2409 3653 2536 3698 non
2567 3638 2739 3719 quod
2773 3639 3008 3720 templo
3041 3639 3396 3705 Salomonis

1909 3743 2294 3812 constructo,
2335 3734 2461 3816 ipsi
2507 3753 2808 3799 eorumve
2852 3737 3089 3818 posteri
3136 3748 3391 3802 cantare

1908 3833 2319 3898 cessaverint.

1990 3936 2083 3994 Hi
2112 3953 2258 3993 vero
2286 3941 2464 4001 sunt,
2493 3933 2611 4010 qui
2635 3934 3026 3994 adsistebant
3053 3953 3202 3995 cum
3228 3937 3393 4012 filiis
3427 3958 3450 3968 “

1903 4033 2040 4092 suis
2065 4053 2087 4091 .·
2108 4034 2188 4091 de
2213 4032 2320 4107 fili
2326 4031 2378 4088 is
2412 4030 2638 4098 Caath,
2660 4032 2912 4091 Heman
2941 4041 3188 4103 cantor,
3209 4033 3392 4108 filius

1901 4134 2059 4201 Joel,
2089 4131 2226 4207 filii
2249 4131 2539 4198 Samuel,
2571 4129 2706 4204 ficii
2741 4129 3020 4198 Eleana,
3048 4131 3183 4206 filii
3217 4133 3392 4191 Jero-

300 4232 465 4308 eju-⁸,
483 4235 723 4294 Jakatli
740 4234 926 4309 fili-us
945 4232 1107 4308 ejus,
1128 4235 1399 4292 Zamma
1426 4232 1611 4308 filius
1628 4233 1789 4309 ejus,
1822 4229 1873 4291 D
1903 4231 2081 4298 kam,
2117 4227 2254 4304 filii
2291 4227 2485 4298 Eliel,
2533 4227 2669 4303 filii
2717 4228 2960 4298 Thoku,
2999 4229 3134 4305 filii
3179 4231 3386 4308 Supk,

298 4333 461 4391 Joalz
506 4333 687 4408 filius
734 4331 898 4408 ejus,
945 4333 1136 4391 Addo
1178 4331 1365 4406 filius
1408 4331 1569 4406 ejus,
1616 4335 1794 4392 Zara

300 4431 485 4503 filius
510 4430 943 4506 ejus,Jethrai
968 4429 1153 4506 filius
1180 4429 1343 4504 ejus.
1370 4430 1531 4489 Filii
1553 4430 1751 4489 Caath
1770 4451 1793 4489 .·

301 4529 670 4588 Aminadab
688 4529 875 4605 filius
893 4527 1059 4604 ejuS,
1079 4529 1231 4586 Core
1254 4528 1437 4604 filius
1455 4529 1616 4604 ejus,
1637 4529 1794 4589 Asir

300 4628 487 4700 filius
522 4627 686 4704 ejus,
734 4627 985 4688 E'lcana
1023 4627 1208 4702 filius·
1247 4627 1413 4702 ejus,
1458 4628 1790 4705 Abiasapk

300 4725 487 4798 filius
510 4725 671 4802 eius,
702 4726 861 4785 Asir
888 4726 1073 4801 filius
1101 4725 1267 4803 ejus,
1298 4725 1587 4785 leakatlz
1610 4728 1793 4802 filius

300 4822 464 4894 ejus,
510 4824 678 4882 Uriel
718 4824 907 4900 filius
949 4822 1113 4900 ejus,
1162 4823 1353 4884 Ozias
1400 4824 1585 4900 filius
1628 4824 1794 4899 ejus,

303 4921 470 4978 Saul
498 4922 674 4996 filius
700 4921 867 4996 ejus.
900 4921 1070 4981 Filii
1100 4923 1351 4981 Elcana
1378 4939 1401 4981 .·
1434 4923 1707 4982 Amasai
1734 4931 1794 4982 et

306 5019 640 5078 Achimotlt
678 5029 739 5080 et
786 5021 1058 5080 Elcana.
1109 5020 1279 5079 Filii
1318 5020 1573 5079 Elcana
1617 5039 1639 5078 :
1679 5022 1795 5081 So-

298 5117 465 5192 plzai
492 5117 669 5192 filius
693 5119 861 5194 ejus,
892 5117 1163 5181 Nakatlz
1190 5118 1374 5192 filius
1402 5118 1565 5194 eju3,
1606 5119 1795 5178 Eliab

306 5215 491 5288 filius
536 5216 696 5290 ejus,
740 5217 1045 5277 Jerokam
1090 5216 1274 5292 filius
1324 5216 1491 5291 ejus,
1546 5218 1792 5276 Elcana

308 5314 493 5388 filius
538 5315 695 5389 ejus.
742 5315 913 5374 Filii
958 5316 1285 5375 Samuel:
1321 5315 1797 5390 primogenitus

1900 4329 2037 4406 filii
2079 4329 2354 4396 Ele-ana,
2393 4326 2529 4403 filii
2571 4328 2866 4398 Makatlz,
2912 4328 3047 4404 filii
3087 4331 3382 4402 Amasai,

1900 4427 2035 4504 filii
2063 4429 2336 4497 Elcana,
2375 4425 2510 4501 filii
2543 4427 2706 4494 Joel,
2746 4426 2880 4502 ficii
2917 4427 3203 4500 Azarioe,
3254 4429 3392 4506 filii

1904 4525 2271 4602 Sophonioe,
2313 4525 2448 4601 filii
2497 4525 2816 4593 Tlcalzatlz,
2850 4527 2985 4602 filii
3024 4527 3208 4597 Asir,
3250 4529 3388 4604 filii

1900 4625 2260 4701 Abiasaph,
2272 4624 2406 4700 filii
2430 4624 2751 4699 Core,filii
2769 4624 2984 4694 Isaar,
3005 4626 3140 4702 filii
3163 4626 3390 4697 Caatlz,

1898 4724 2035 4800 filii
2062 4723 2238 4791 Levi,
2269 4721 2403 4798 filii
2433 4723 2660 4781 Israel.
2689 4723 2771 4781 Et
2799 4722 3010 4796 frater
3034 4723 3199 4800 ejus,
3221 4723 3391 4786 vide-

1901 4820 2049 4883 licet
2079 4819 2282 4902 ipsius
2308 4818 2569 4895 Heman,
2607 4818 2744 4899 ipse
2769 4821 3018 4898 Asaplz,
3049 4838 3178 4883 non
3215 4823 3387 4903 quod

1903 4917 2025 4980 fuit
2067 4916 2270 4979 frater
2309 4916 2483 4980 illius
2521 4915 2813 4979 uterinus
2851 4924 2916 4980 et
2953 4917 3382 4996 immediatuS,

1902 5016 2012 5080 sed
2046 5015 2199 5097 quia
2241 5034 2319 5078 cx
2355 5016 2574 5078 eadem
2616 5014 2816 5097 stirpe
2851 5016 3133 5079 Levitica
3170 5016 3387 5079 oriun-
3434 5063 3444 5074 ,

1902 5116 2035 5190 duS‚
2048 5117 2166 5193 qui
2179 5115 2386 5174 stabat
2402 5134 2443 5173 a
2461 5116 2710 5173 deoetris
2726 5115 2902 5190 ejus:
2920 5114 3094 5178 stetit
3113 5114 3284 5176 enim
3310 5117 3390 5178 ad

1904 5215 2328 5287 dexteram‚et
2357 5211 2494 5292 ipse
2525 5211 2759 5272 Heman
2791 5212 2859 5272 in
2889 5212 3131 5287 medi03
3161 5215 3384 5292 Asaplz

1904 5314 2088 5390 filius
2107 5311 2474 5378 Baraclzioe,
2492 5309 2627 5386 filii
2644 5311 2917 5378 Samaa,
2930 5312 3066 5386 filii
3085 5314 3408 5386 Mic-nael,
