4309 6259
1187 486 1534 535 RNARRATIO
1577 487 1636 532 IN
1681 486 1814 532 CAP.
1863 486 1928 532 lx
1967 486 2092 533 1013.
2139 506 2219 517 --
2259 488 2402 535 ΛΒΤ.
2447 489 2601 535 xxm

3316 470 3434 537 433

333 658 672 737 percussio
708 658 838 723 cito
881 666 1103 721 sanata
1131 666 1406 735 non'cst,
1442 658 1551 721 sed
1582 657 1693 719 diu
1724 658 1840 719 du-
1869 658 1921 719 A
1950 658 2275 734 mentitur,
2296 658 2528 721 occidit
2557 658 2860 738 animam,
2879 670 2949 722 ut
2967 660 3122 724 dicit
3143 660 3427 743 Sapiens.

333 755 524 832 ravit,
549 756 640 819 ita
658 757 830 837 quod
853 756 1070 819 anima
1089 756 1230 837 ejus
1259 775 1296 817 a
1326 755 1652 819 doloribus
1684 755 1840 817 mul-

331 854 420 913 tis
451 853 683 915 diebus
719 873 846 917 non
880 854 1148 935 quievit.
1173 858 1254 916 Ει
1285 857 1508 931 implet
1537 874 1636 914 me
1665 874 1840 913 ama-

330 953 760 1021 ritudinibus,
774 953 838 1014 id
859 961 954 1015 est
977 952 1184 1035 poenis
1205 952 1437 1014 animae
1459 960 1522 1015 et
1543 951 1840 1033 corporiS‚

331 1048 486 1111 dum
508 1058 574 1112 et
592 1069 846 1113 causam
877 1050 1308 1132 percussionis
1341 1069 1496 1111 meae
1518 1048 1758 1131 ignom,
1774 1055 1837 1110 et

329 1147 414 1209 de
463 1148 860 1211 relevamine
905 1168 1082 1232 spem
1135 1156 1368 1211 certam
1426 1167 1554 1211 non
1604 1147 1829 1221 habeo,

67 1262 298 1314 zoin‚³,i.
331 1244 468 1309 imo
501 1254 566 1310 et
594 1248 675 1310 de
701 1247 1104 1327 gravioribus
1136 1247 1337 1330 plagis
1372 1246 1666 1310 formido.
1690 1246 1833 1307 Haec

328 1346 562 1408 eadem
592 1346 755 1409 dixit
780 1346 896 1409 Job
927 1366 1122 1429 supra
1155 1364 1168 1407 :
1203 1366 1344 1429 quae
1384 1345 1472 1408 ibi
1514 1353 1662 1408 sunt
1701 1344 1834 1426 ple-

327 1444 484 1505 nius
517 1444 876 1526 explanata.

431 1544 518 1604 Si
571 1546 894 1623 fortitudo
951 1545 1292 1623 quoeritur,
1352 1543 1832 1603 robustissimus

320 1651 439 1702 esc.
473 1642 612 1705 Imo
645 1643 712 1704 in
745 1641 1079 1705 infinitum
1122 1642 1438 1704 universis
1468 1650 1530 1704 et
1561 1640 1830 1721 singulis

323 1736 585 1815 fortior,
615 1748 918 1821 tanquam
949 1738 1386 1821 OmnipotenS,
1421 1739 1604 1819 cujus
1641 1737 1832 1799 incir-

1947 755 2024 817 Et
2067 756 2222 817 alibi
2264 756 2571 839 scriptum
2617 767 2712 821 est
2746 776 2759 820 :
2794 758 2881 821 Ex
2920 758 3133 824 verbis
3173 760 3301 821 tuis
3337 760 3433 839 ju·
3474 778 3724 832 uanam.

1945 854 2353 930 stificaberiS,
2378 863 2441 917 et
2468 874 2543 917 ex
2576 855 2786 919 verbis
2818 857 2942 918 tuis
2971 857 3435 920 condemnabe—
3462 843 3529 885 ³⁷·

1948 952 2057 1013 ris.
2090 952 2266 1025 Quod
2305 962 2517 1016 autem
2546 954 2661 1015 Job
2693 973 2820 1017 non
2854 954 2977 1017 suit
3008 974 3045 1016 a
3072 955 3431 1019 venialibus

1945 1068 2205 1131 prorsus
2238 1051 2562 1128 immunis,
2600 1071 2765 1134 saepe
2802 1053 2933 1133 jam
2973 1054 3197 1135 patuit,
3231 1073 3430 1135 quum

1943 1149 2023 1212 de
2051 1149 2287 1211 talibus
2317 1151 2665 1232 praesertim
2696 1151 2963 1214 Jacobus
2995 1161 3378 1234 protestetur
3410 1170 3426 1215 τ

1943 1246 2009 1308 In
2041 1248 2259 1310 multis
2281 1248 2676 1312 offendimus
2707 1268 2929 1312 omnes
2955 1274 2969 1325 ;
3010 1259 3073 1312 et
3102 1250 3372 1313 loannes
3409 1268 3424 1311 ε
3456 1270 3723 1323 sacuam.

1943 1344 2006 1407 Si
2027 1345 2561 1429 dixerimuS‚quia
2578 1357 2909 1429 peccatum
2944 1367 3070 1410 non
3095 1348 3423 1426 habemuS,
3484 1369 3720 1423 isonam,

1942 1463 2058 1507 nos
2107 1445 2279 1527 ipsos
2327 1446 2712 1509 seducimus,
2760 1449 2841 1509 Si
2888 1450 3287 1509 innocentem
3335 1468 3429 1508 os·
3458 1434 3500 1477 ⁸·

1945 1548 2223 1617 tendero,
2272 1544 2335 1606 id
2382 1553 2499 1621 est,
2549 1545 2602 1606 si
2652 1545 3006 1627 probavero
3048 1547 3219 1627 quod
3267 1546 3430 1608 nulli

1943 1643 2292 1720 nocuerim,
2344 1643 2446 1707 vel
2490 1644 2659 1706 malo
2708 1644 3023 1726 exemplo,
3070 1645 3171 1708 vel
3215 1644 3431 1706 damni

1941 1740 2248 1818 illatione,
2287 1762 2568 1824 pravum
2608 1764 2705 1802 me
2743 1745 3191 1821 comprobabit,
3235 1742 3299 1804 id
3339 1750 3435 1805 est

320 1838 723 1919 cumscripta
760 1838 1036 1930 essentia
1073 1846 1171 1901 est
1209 1857 1324 1899 sua
1365 1836 1687 1898 illimitata
1719 1854 1830 1919 po-
1867 1842 1913 1904 B
1942 1849 2505 1921 praesumptuosum
2538 1849 2601 1903 et
2638 1841 3043 1903 mentientem
3080 1858 3095 1903 :
3131 1841 3303 1922 quod
3339 1840 3436 1901 in-

319 1935 568 1997 tentia:
597 1936 838 1999 idcirco
855 1934 1060 2017 judici
1091 1937 1216 1999 Deo
1241 1935 1674 1998 contradicere
1695 1953 1823 1997 non

324 2052 674 2115 praesumO,
723 2054 841 2098 nec
880 2054 982 2097 me
1021 2035 1081 2097 ei
1123 2053 1446 2117 opponere
1488 2035 1713 2097 audeo.
1749 2036 1828 2095 Si

321 2136 604 2211 aequitas
626 2134 888 2209 judicii
925 2133 992 2195 in
1030 2133 1246 2214 judice
1282 2132 1610 2215 quaeritur,
1645 2152 1828 2193 nemo

321 2234 526 2292 audet
549 2252 676 2308 pro
707 2253 808 2292 me
839 2234 1276 2293 testimonium
1309 2234 1520 2291 dicere
1551 2253 1572 2289 .·
1604 2230 1669 2292 id
1707 2237 1823 2306 est,

321 2337 480 2392 tunc
501 2330 669 2393 Deus
703 2339 831 2393 tam
860 2330 1070 2411 justus
1101 2350 1247 2393 mox
1277 2330 1622 2406 invenitur,
1647 2329 1822 2410 quod

320 2426 466 2509 ipso
495 2448 604 2493 me
635 2438 997 2506 accusante,
1033 2430 1248 2491 nullus
1288 2430 1478 2491 audet
1507 2447 1607 2490 me
1641 2447 1827 2490 excu-

322 2546 490 2605 sare,
509 2548 716 2609 quum
739 2537 984 2592 certum
1017 2528 1120 2605 sit,
1139 2529 1334 2591 Deum
1359 2528 1658 2591 omnibus
1690 2546 1830 2588 esse

323 2625 652 2691 veriorem
700 2647 774 2690 ac
817 2627 1204 2708 justiorem3
1255 2627 1366 2708 qui
1415 2626 1605 2689 etiam
1658 2625 1831 2687 solus

323 2725 628 2787 cordium
675 2726 856 2791 novit
902 2733 1164 2802 secreta,
1203 2745 1320 2788 nec
1365 2724 1474 2786 alii
1525 2744 1599 2786 ea
1641 2742 1834 2805 agno-

321 2832 539 2900 scunt,
559 2823 687 2886 nisi
719 2824 786 2886 in
813 2833 1126 2906 quantum
1149 2824 1286 2907 ipse
1312 2823 1403 2887 eis
1435 2814 1693 2887 rerelat.
1716 2822 1835 2885 Ve-

322 2924 945 3002 rumtamen,angeli
977 2923 1179 2986 sancti
1211 2941 1327 3004 pro
1358 2921 1690 2984 animabus
1713 2921 1834 2983 vir-

1944 1938 2140 2018 telligi
2181 1946 2387 2021 potest
2431 1938 2791 2021 tripliciter,
2837 1948 3024 2021 prout
3074 1939 3139 2001 in
3184 1938 3435 2021 exposi-

1945 2036 2113 2099 tione
2141 2037 2557 2119 praecedentis
2589 2037 2918 2119 particulae
2948 2036 3197 2099 claruit.

2025 2137 2306 2197 Etiamsi
2326 2137 2603 2212 simplex
2629 2137 2839 2212 fuerO,
2866 2134 3275 2217 simplicitate
3305 2134 3433 2198 vir-
3498 2210 3513 2223 ·

1943 2233 2117 2309 tutis,
2166 2241 2228 2295 et
2273 2233 2637 2295 exclusione
2683 2233 3077 2315 duplicitatis
3129 2252 3201 2296 ac
3248 2233 3431 2296 dolo-

1942 2330 2145 2392 sitatis
2196 2350 2209 2392 :
2262 2331 2427 2393 sicut
2481 2330 2723 2397 diffuse
2774 2331 3159 2394 elucidatum
3217 2340 3313 2394 est
3360 2330 3429 2393 in

1941 2429 2429 2512 pertractatione
2478 2430 2670 2511 primi
2720 2430 3024 2512 capituli;
3068 2432 3185 2491 hoe
3212 2433 3427 2507 ipsum

1941 2531 2267 2607 iynorabit
2295 2531 2521 2590 anima
2551 2550 2709 2590 mea.
2736 2528 2846 2592 Hic
2871 2548 3087 2591 rursus
3115 2528 3430 2591 dubitatio

1943 2626 2165 2703 oritur,
2192 2627 2509 2707 quomodo
2540 2646 2763 2691 verum
2796 2627 2879 2688 sit
2910 2626 3051 2703 hoc,
3069 2646 3269 2708 quum
3299 2627 3431 2707 jam

1943 2744 2136 2807 supra
2167 2733 2293 2787 tam
2326 2724 2693 2807 frequenter
2731 2716 3221 2806 constanterque
3259 2723 3434 2787 dixe-

1943 2823 2026 2884 rit
2056 2842 2123 2885 se
2153 2822 2292 2885 sine
2322 2842 2437 2885 sua
2456 2822 2645 2905 culpa
2667 2842 3065 2904 percussum.
3084 2822 3159 2884 Et
3179 2841 3435 2905 respon·

1943 2921 2435 3002 dendum,quod
2464 2921 2547 2983 ob
2577 2921 2783 2985 varias
2815 2940 3058 2997 causaS,
3079 2921 3430 3003 praesertim

3492 2452 3577 2496 lob
3594 2466 3624 2504 ι,
3644 2455 3681 2495 Ι.

320 3021 532 3083 tuosis
571 3040 686 3083 seu
735 3021 923 3085 bonis
976 3021 1346 3084 hominibus
1391 3020 1829 3083 testimonium
1868 3025 1913 3088 C
1943 3020 2025 3083 ob
2075 3019 2557 3081 instabilitatem
2608 3027 2671 3081 et
2717 3019 3087 3083 varietatem
3145 3027 3433 3082 motuum

317 3118 673 3201 perhibent
720 3139 934 3182 coram
981 3120 1128 3195 Deo,
1165 3127 1291 3181 tam
1337 3120 1400 3180 in
1447 3118 1580 3183 vita
1609 3137 1828 3181 eorum

319 3238 524 3299 quam
557 3218 626 3280 in
654 3218 928 3299 judici03
963 3218 1072 3281 sed
1104 3218 1224 3281 hoc
1255 3226 1480 3281 contra
1510 3219 1830 3280 daemones

323 3326 709 3380 accusantes
769 3335 882 3379 seu
937 3316 1366 3393 adversanteS,
1428 3335 1556 3378 non
1613 3324 1834 3379 contra

325 3416 534 3479 Deum
565 3415 1056 3496 dijudicantem.

413 3518 496 3577 Si
511 3515 892 3593 justificare
919 3536 1019 3574 me
1047 3518 1327 3586 voluerO,
1353 3536 1418 3575 os
1449 3535 1660 3575 meum
1691 3535 1837 3575 con-

320 3615 665 3675 demnabit
685 3632 798 3673 me.
810 3611 1024 3674 Nonne
1045 3611 1203 3673 sicut
1223 3620 1287 3674 et
1305 3620 1446 3675 ante
1467 3622 1836 3694 praetactum

325 3721 452 3787 est,
485 3718 748 3774 sanctus
775 3709 894 3773 Job
925 3710 992 3771 in
1026 3709 1205 3772 omni
1247 3709 1364 3772 hac
1403 3710 1837 3792 disputatione

325 3818 560 3873 contra
603 3827 754 3871 suos
797 3807 1038 3870 amicos
1076 3808 1318 3889 justum
1363 3828 1430 3871 se
1475 3828 1614 3872 esse
1656 3808 1838 3873 assir-

327 3917 490 3983 mat,
511 3905 828 3983 defendit,
849 3914 912 3969 et
941 3905 1209 3988 probat?
1238 3906 1416 3969 Unde
1443 3915 1508 3969 et
1538 3906 1709 3969 infra
1737 3908 1840 3970 ha-

63 4026 164 4071 ma
175 4044 293 4079 mu,
324 4006 526 4069 betur
542 4023 557 4066 ε
573 4005 933 4069 Omiserunt
955 4012 1164 4067 autem
1185 4004 1306 4069 viri
1334 4004 1436 4066 isti
1461 4006 1838 4087 respondere

77 4123 88 4133 ·
321 4105 472 4183 Job,
493 4122 574 4167 eo
602 4104 775 4185 quod
805 4104 929 4165 sibi
957 4104 1167 4183 justus
1198 4102 1540 4166 videretur.
1565 4103 1838 4177 Quomo-

1941 3117 2489 3199 afiectionumque
2546 3117 2797 3193 animae,
2853 3117 3055 3180 nescit
3112 3117 3304 3180 homo
3350 3136 3433 3179 an
3462 3137 3723 3189 Εοοιωκᾼ.

1941 3236 2155 3280 amore
2202 3236 2281 3278 an
2330 3216 2477 3279 odio
2517 3216 2748 3295 dignus
2798 3216 2901 3293 sit,
2944 3216 3124 3296 juxta
3171 3234 3429 3279 sensum

1945 3314 2381 3397 praehabitum,
2398 3314 2523 3375 nisi
2550 3314 2615 3375 in
2638 3323 2945 3396 quantum
2966 3316 3093 3378 Deo
3114 3316 3437 3379 revelante

1943 3414 2472 3477 certitudinaliter
2505 3416 2753 3478 noverit
2780 3434 2997 3477 amore
3036 3434 3105 3478 se
3141 3415 3431 3497 dignum.

1945 3513 2111 3574 Talis
2140 3520 2352 3575 autem
2384 3513 2687 3576 revelatio
2725 3532 2838 3576 seu
2880 3512 3263 3577 certificatio
3306 3533 3435 3577 non

1945 3630 2195 3694 semper
2233 3610 2567 3673 actualiter
2608 3612 2786 3674 adest
2836 3612 2990 3675 viris
3041 3612 3299 3675 sanctis.
3343 3613 3438 3675 ld-

1946 3711 2136 3787 circO,
2180 3728 2293 3792 pro
2342 3717 2624 3791 tempore
2672 3728 2801 3790 quo
2850 3709 2993 3772 talis
3042 3710 3430 3775 assecuratio

1946 3808 2038 3871 eis
2070 3826 2198 3871 non
2219 3808 2427 3884 datur,
2446 3806 2801 3869 absolutam
2827 3807 3274 3870 certitudinem
3306 3826 3434 3871 non

1946 3906 2185 3969 habent
2242 3906 2322 3967 de
2369 3905 2512 3982 hoc,
2566 3906 2736 3986 quod
2784 3905 2913 3967 sint
2963 3905 3142 3985 digni
3192 3924 3431 3984 amore,

1946 4004 2239 4087 quamvis
2268 4003 2387 4066 hoc
2424 4004 2939 4085 conjecturaliter
2977 4023 3050 4066 ac
3090 4003 3436 4085 probabili-

1948 4111 2042 4165 ter
2088 4103 2341 4165 sciant:
2387 4110 2449 4166 et
2497 4102 2588 4164 ita
2636 4121 2807 4165 nunc
2856 4102 3140 4183 loquitur
3174 4101 3313 4164 Job.
3352 4104 3435 4165 Ec

323 4206 414 4268 do
453 4222 614 4284 ergo
655 4221 826 4264 nunc
863 4202 975 4279 ait,
1019 4200 1084 4263 Si
1123 4200 1506 4282 justificare,
1551 4207 1720 4266 ete?
1761 4204 1838 4266 Et
1868 4206 1919 4267 D
1949 4204 2197 4263 taedebit
2226 4222 2325 4262 me
2350 4203 2499 4262 vitae
2528 4221 2705 4271 meoe,
2738 4200 2968 4283 partim
3001 4220 3076 4263 ex
3108 4199 3226 4262 hac
3258 4199 3433 4280 igno-

320 4301 876 4385 respondendum,
913 4300 1087 4381 quod
1120 4299 1386 4364 verbum
1425 4300 1597 4363 istud
1630 4302 1836 4384 tripli-

319 4403 494 4466 citer
546 4408 755 4482 potest
801 4399 1058 4481 exponi.
1091 4398 1322 4476 Primo,
1370 4398 1434 4461 Si
1474 4399 1836 4480 justificare

319 4520 432 4565 me
463 4498 755 4575 voluer0‚
791 4498 857 4559 id
898 4505 996 4561 est
1029 4498 1272 4579 justum
1311 4496 1666 4573 affirmare,
1703 4500 1834 4563 Deo

317 4599 663 4683 Judicante
692 4596 1080 4679 oppositum.
1103 4597 1192 4658 lta
1223 4598 1482 4679 exponit
1513 4597 1828 4675 Albertus‚

321 4706 390 4761 et
422 4697 727 4759 Thomas.
760 4694 1074 4772 Secunde,
1112 4694 1176 4757 Si
1209 4694 1566 4775 Justil'icare
1596 4715 1698 4759 me
1728 4716 1837 4760 vo-

323 4797 542 4872 luero,
575 4793 638 4856 id
671 4802 790 4870 est,
813 4792 895 4855 ab
925 4792 1105 4856 omni
1135 4801 1395 4874 peccato
1427 4812 1685 4875 prorsus
1719 4794 1836 4857 im-

321 4911 602 4957 munem
651 4911 754 4955 me
793 4892 1036 4954 dixero.
1081 4890 1316 4969 Tertio,
1361 4891 1425 4954 Si
1472 4892 1832 4973 justificare

323 5013 438 5057 me
471 4990 761 5068 voluero,
796 5008 1011 5052 coram
1041 4990 1190 5066 De0,
1217 5009 1328 5053 seu
1359 4990 1836 5073 comparatione

331 5092 574 5176 ipsiuS,
606 5109 677 5153 os
711 5107 927 5151 meum
964 5086 1416 5151 condemnabit
1454 5108 1577 5166 me,
1613 5089 1676 5151 id
1717 5097 1836 5169 est,

333 5190 544 5257 verba
568 5188 698 5252 oris
729 5186 857 5250 mei
887 5186 1112 5268 iniqua
1140 5204 1242 5248 me
1281 5186 1836 5251 condemnabilem

77 5304 302 5361 septu.
333 5289 586 5353 facient
614 5296 920 5369 tanquam
950 5284 1442 5349 mendacem.0s
1462 5286 1634 5349 enim
1663 5287 1837 5368 quod

596 5422 663 5473 Τ.
697 5420 748 5470 4.

1949 4300 2173 4376 rantia,
2228 4298 2380 4380 quia
2428 4298 2593 4361 inter
2642 4317 2864 4361 causas
2911 4298 3147 4379 quibus
3212 4297 3291 4360 rit
3337 4298 3439 4378 ju-

1945 4398 2058 4461 stis
2100 4397 2233 4462 vita
2273 4398 2408 4461 haec
2453 4395 2732 4473 taediosa,
2769 4397 2857 4459 ita
2900 4398 3070 4478 quod
3112 4398 3190 4459 ad
3236 4396 3429 4459 aliam

1942 4496 2291 4578 adspirant,
2316 4513 2445 4557 una
2474 4494 2608 4557 haec
2632 4502 2748 4570 est,
2774 4494 2944 4575 quod
2975 4495 3275 4576 quamvis
3309 4495 3433 4558 vir-

1947 4593 2187 4657 tutibus
2244 4594 2559 4669 studeant,
2613 4600 2803 4673 atque
2861 4593 3155 4674 quotidie
3213 4601 3437 4656 contra

1944 4692 2100 4757 vitia
2157 4692 2472 4755 laboriose
2530 4698 2991 4773 compugnent,
3058 4691 3262 4755 nihilo
3322 4690 3438 4752 mi·

1946 4811 2065 4853 nus
2097 4798 2357 4854 manent
2395 4790 2622 4853 incerti
2664 4809 2745 4851 an
2782 4808 2997 4853 amore
3029 4791 3138 4853 Dei
3176 4790 3306 4851 sint
3340 4788 3435 4851 di-

1943 4891 2076 4971 gni,
2119 4889 2244 4951 nisi
2287 4890 2387 4969 (ut
2424 4888 2664 4951 dictum
2710 4890 2833 4969 est)
2876 4890 3150 4971 desuper
3188 4886 3434 4952 certifi-

1946 4998 2193 5053 centur.
2225 4987 2401 5049 Unde
2430 4987 2563 5051 vita
2600 4986 2734 5049 haec
2771 4986 3197 5050 anxietatibus
3240 4986 3432 5067 plena

1948 5097 2063 5153 est.
2088 5086 2412 5161 Quomodo
2440 5094 2649 5147 autem
2683 5084 2869 5147 liceat
2900 5085 3157 5147 taedium
3191 5085 3429 5149 habere

1946 5188 2025 5250 de
2063 5186 2196 5249 vita
2231 5185 2370 5262 hac,
2406 5183 2472 5245 in
2510 5182 2903 5265 expositione
2949 5183 3218 5265 capituli
3258 5182 3432 5246 tertii
3478 5201 3728 5253 Aristea-

1948 5293 2096 5368 patu
2104 5283 2175 5346 it·
3461 5278 3512 5308 ca
3526 5264 3671 5309 finem.

3126 5415 3188 5467 28
