4309 6259
848 520 968 584 438

1677 534 2024 581 ENARRATIO
2065 534 2130 580 IN
2174 534 2310 579 CAP.
2356 532 2421 577 lx
2460 531 2587 576 1013.
2632 548 2713 559 -·
2754 528 2896 574 ART.
2942 526 3089 573 XXIV

847 728 1021 770 mum
1062 709 1288 773 vivens
1329 709 1395 771 in
1440 708 1704 770 animali
1751 714 1813 769 et
1854 705 2150 767 ultimum
2201 721 2331 765 mo-
2360 704 2411 765 A
2441 702 2574 764 haec
2607 701 2900 763 timentes
2934 708 3203 761 tremere
3232 696 3557 773 solent3et
3580 694 3635 755 si
3665 693 3943 774 loquun-
4001 768 4014 780 ·

847 806 1040 867 rienS.
1075 807 1312 870 Deinde
1341 806 1447 868 hic
1482 815 1720 868 tremor
1757 802 2031 865 maxime
2067 808 2333 883 apparet

847 903 914 965 in
942 923 1119 981 voce,
1151 913 1411 988 propter
1440 903 1833 969 vicinitatem
1874 900 2082 963 cordis
2127 918 2199 961 ae
2230 916 2333 961 vo-

830 1004 1000 1065 -calis
1033 1004 1299 1066 arteriae.
1337 1004 1412 1065 At
1442 1020 1591 1065 vero
1631 999 1978 1083 corporalis
2021 1007 2335 1059 transmu-

845 1101 1022 1178 tatio,
1047 1121 1191 1183 quae
1219 1110 1316 1165 est
1348 1101 1412 1163 in
1444 1100 1741 1183 passione
1775 1098 2041 1173 timoriS,
2067 1105 2163 1160 est
2192 1114 2337 1159 eon-

847 1200 1118 1265 tractiva
1147 1200 1486 1283 spirituum
1519 1207 1581 1261 et
1618 1197 1871 1273 caloriS,
1907 1204 1968 1259 et
1999 1196 2338 1259 ret'ractiva

849 1319 1069 1363 eorum
1119 1300 1197 1361 ad
1248 1299 1572 1361 interiora.
1621 1296 1797 1359 Unde
1847 1296 1912 1358 in
1961 1295 2336 1357 timentibus

850 1406 1111 1481 propter
1159 1397 1575 1478 frigiditatem
1624 1403 1865 1457 naturae
1905 1394 2028 1475 ipsi
2073 1393 2337 1476 spiritus

851 1496 1310 1577 ingrossantur,
1345 1494 1516 1557 calor
1559 1511 1814 1574 quoque
1853 1500 2112 1575 propter
2139 1492 2343 1573 phan-

853 1594 1078 1658 tasiam
1117 1594 1464 1657 debilitatis
1494 1613 1531 1656 a
1573 1592 1764 1655 corde
1805 1591 2214 1673 dispergitur.
2248 1589 2342 1653 Ob

2442 812 2566 877 tur,
2597 820 2725 863 non
2758 798 3029 874 fortiter,
3051 797 3161 859 sed
3191 815 3337 859 cum
3362 804 3632 857 tremore
3662 791 3941 872 loquun-

2441 909 2567 962 tur.
2604 898 2907 962 Similiter
2950 904 3047 958 est
3086 897 3165 958 de
3202 894 3324 971 his,
3358 893 3470 974 qui
3522 893 3588 954 in
3638 890 3941 953 maximis

2443 1008 2592 1062 sunt
2622 993 2951 1061 constituti
2971 993 3321 1069 doloribuS,
3346 991 3580 1074 quibus
3613 990 3815 1052 multa
3848 990 3943 1051 lo-

2444 1097 2556 1179 qui
2586 1097 2747 1159 solet
2774 1114 2911 1158 esse
2942 1094 3303 1156 molestum.
3328 1092 3775 1154 Verumtamen
3810 1108 3943 1151 mo-

2444 1196 2699 1257 deratus
2722 1194 2911 1255 timor
2931 1192 3009 1254 ad
3030 1200 3241 1254 actum
3261 1189 3525 1252 rationis
3544 1187 3855 1270 disponit,
3874 1195 3944 1250 et

2446 1293 2609 1356 bene
2629 1291 3099 1355 consiliativum
3121 1288 3290 1366 facit,
3303 1289 3649 1351 secundum
3664 1286 3945 1350 Philoso-

2448 1392 2646 1474 phum
2684 1410 2698 1453 :
2734 1390 3035 1473 quoniam
3070 1390 3237 1472 parit
3262 1388 3681 1468 diligentiam,
3714 1396 3777 1451 et
3806 1386 3945 1449 ani-

2448 1510 2621 1553 mum
2648 1489 2802 1553 facit
2823 1489 3155 1565 intentum,
3172 1487 3429 1551 stultam
3450 1506 3707 1569 quoque
3725 1485 3947 1550 aufert

2450 1591 2856 1653 securitatem
2887 1598 2950 1652 et
2980 1588 3465 1652 dissolutionem
3496 1585 3843 1650 infrenem.

1888 2017 2537 2105 ARTICULUS
2612 2018 2892 2103 XXIV

1463 2296 1541 2342 DE
1592 2294 1980 2342 MORALITATE
2031 2293 2104 2337 ET
2158 2291 2477 2339 MYSTERns
2530 2292 2796 2337 EIUSDEM
2847 2291 3122 2337 CAPITULI
3172 2291 3336 2337 Nom.

985 2580 1172 2644 ONAE
1201 2598 1272 2642 ac
1302 2577 1528 2641 docilis
1557 2576 1789 2639 mentis
1819 2582 1935 2652 est,
1961 2572 2214 2637 veritati
2246 2592 2347 2635 au·
2382 2571 2427 2633 B
2458 2572 2791 2636 terminate
2821 2574 3034 2637 valent
3054 2592 3415 2654 agnoscere.
3436 2574 3551 2649 Qui
3569 2584 3782 2638 autem
3802 2593 3956 2639 con-

1005 2680 1152 2742 ditae
1192 2696 1340 2740 mox
1387 2674 1770 2739 consentire.
1811 2672 2095 2737 Perversi
2135 2680 2345 2734 autem

856 2781 1009 2842 dum
1059 2776 1303 2859 aliquid
1359 2774 1492 2837 suis
1541 2772 1753 2838 verbis
1803 2771 2193 2835 eontrarium
2241 2790 2349 2832 au-

857 2878 1064 2964 diunt,
1089 2883 1199 2938 aut
1227 2882 1444 2937 contra
1476 2873 1754 2954 aliquem
1785 2870 2108 2953 disputare
2140 2868 2346 2932 exorsi

858 2983 1028 3051 sunt,
1065 2972 1362 3037 reluctari
1389 2988 1517 3033 non
1545 2979 1832 3045 cessant3
1869 2979 1932 3033 et
1962 2969 2098 3033 sive
2126 2987 2347 3033 verum

859 3075 942 3137 sit
985 3073 1118 3136 sive
1161 3080 1404 3135 rectum
1452 3072 1620 3152 quod
1670 3070 1761 3133 eis
1808 3068 2132 3150 objicitur,
2188 3066 2345 3129 illud

860 3170 1197 3254 reprobare
1229 3171 1523 3232 nituntur
1558 3186 1572 3230 ε
1607 3168 1761 3249 quia
1791 3186 1919 3231 non
1948 3166 2153 3248 ipsam
2183 3185 2349 3247 quae-

859 3278 1010 3332 runt
1044 3290 1116 3333 ac
1157 3269 1436 3348 diligunt
1472 3267 1802 3331 veritatem
1853 3273 1914 3329 et
1959 3266 2345 3345 aequitatem,

860 3370 974 3431 sed
1004 3368 1328 3451 propriam
1368 3367 1582 3450 potius
1626 3364 2018 3429 voluntatem
2047 3386 2061 3438 3
2095 3372 2160 3426 et
2197 3362 2349 3424 dum

862 3487 1132 3551 persona
1177 3468 1269 3530 eis
1318 3464 1635 3529 contraria
1685 3484 1798 3547 per
1838 3462 2349 3526 contrarietatem

862 3567 1180 3650 displicet,
1225 3584 1375 3629 vera
1411 3583 1554 3646 quae
1599 3563 1774 3639 dicit,
1827 3581 1953 3625 non
1993 3569 2346 3643 acceptant.

864 3666 1032 3729 Talis
1072 3683 1221 3745 ergo
1259 3671 1516 3726 sanctus
1556 3663 1672 3725 Job
1713 3680 1840 3724 non
1885 3661 2048 3735 suit3
2099 3678 2216 3723 nec
2258 3679 2353 3721 sa-

2458 2681 2550 2733 tra
2581 2673 2873 2754 praelatos
2914 2692 3059 2735 suos
3102 2675 3449 2751 contendit,
3484 2694 3681 2756 quum
3724 2684 3955 2738 contra

2455 2770 2564 2833 Dei
2584 2772 2926 2834 contendat
2944 2772 3231 2847 vicarios,
3248 2772 3406 2835 sciat
3424 2792 3493 2836 se
3510 2782 3730 2837 contra
3746 2774 3957 2836 Deum

2458 2871 2862 2933 contendere.
2887 2871 3031 2934 Ideo
3051 2872 3213 2934 Deus
3247 2881 3529 2954 tempore
3548 2891 3663 2935 suo
3690 2882 3957 2935 conten-

2458 2968 2561 3030 det
2603 2987 2747 3031 cum
2794 2987 2891 3045 eo,
2925 2970 3460 3050 quemadmodum
3507 2970 3597 3032 ait
3634 2988 3747 3053 per
3775 2971 3955 3033 Jere-

2460 3067 2653 3129 miam
2690 3085 2703 3127 :
2737 3067 2866 3147 Ego
2903 3068 3145 3149 judicio
3187 3070 3565 3132 contendam
3604 3078 3831 3145 tecum,
3866 3089 3953 3133 eo

2459 3166 2630 3246 quod
2662 3166 2919 3243 dixeris»,
2952 3166 3085 3229 Non
3118 3168 3397 3248 peccavi.
3423 3168 3601 3231 Unde
3626 3176 3838 3247 restat,
3872 3178 3955 3231 ut.

2460 3265 2925 3345 perpendentes
2975 3265 3145 3346 quod
3200 3284 3327 3328 non
3378 3266 3700 3330 valeamus
3740 3286 3953 3329 unum

2462 3364 2844 3445 respondere
2875 3382 2988 3445 pro
3033 3364 3232 3441 mille,
3268 3365 3667 3427 reconciliari
3705 3384 3959 3448 quaera-

2462 3482 2626 3540 mus,
2680 3462 3181 3525 misericordiam
3232 3464 3651 3544 postulemuS,
3704 3483 3957 3546 nosque

2462 3561 2527 3621 in
2559 3560 2854 3623 omnibus
2886 3580 3046 3638 reOS,
3072 3570 3135 3624 ct
3155 3563 3298 3643 plus
3328 3582 3518 3645 quam
3540 3564 3958 3647 comprehen-

2461 3660 2610 3722 dere
2640 3668 2749 3722 aut
2779 3660 3133 3741 exprimere
3165 3678 3501 3742 possumus
3543 3681 3681 3726 reos
3714 3662 3957 3724 humil—

864 3767 1111 3848 pientes
1151 3771 1214 3826 et
1250 3762 1405 3844 justi
1450 3780 1562 3844 per
1609 3761 1817 3843 ipsum
1853 3758 2157 3841 expressi,
2197 3758 2352 3821 tales
2387 3760 2432 3823 C
2464 3757 2615 3819 lime
2646 3758 2977 3834 fateamur,
3012 3758 3295 3821 dicentes
3330 3776 3344 3820 :
3380 3758 3685 3833 Quoniam
3717 3759 3959 3841 iniqui-

863 3864 1243 3928 consistunt.
1275 3862 1420 3925 Ideo
1451 3862 1518 3923 in
1551 3861 1806 3923 illorum
1838 3877 2110 3941 persona
2141 3858 2233 3921 sic
2264 3858 2356 3920 ait

863 3961 1228 4027 adversario
1266 3980 1414 4024 vera
1462 3960 1702 4022 dicenti
1747 3977 1761 4020 :
1823 3961 1972 4020 Vere
2007 3960 2135 4017 seio
2184 3960 2356 4037 quod

863 4065 957 4125 ita
987 4066 1098 4132 sit,
1118 4064 1371 4141 ecquod
1399 4079 1530 4120 non
1545 4060 1952 4135 justificetur
1981 4060 2166 4118 Izomo
2197 4076 2357 4116 eom-

851 4166 1104 4242 positus
1145 4165 1296 4223 Deo,
1331 4161 1568 4241 Itaque,
1606 4158 1687 4220 ad
1731 4157 2199 4219 humiliandum
2240 4174 2355 4218 nos

863 4262 1035 4343 ipsos
1080 4258 1474 4342 plenissime,
1515 4256 1990 4319 consideremus
2033 4254 2359 4316 immensi-

861 4368 1056 4422 tatem
1086 4356 1462 4431 sanctitatiS‚
1500 4353 1912 4436 perfectionis
1951 4362 2142 4434 atque
2172 4352 2357 4433 justi-

861 4458 966 4519 tiae
998 4456 1107 4520 Dei
1140 4453 1341 4517 nostri
1369 4478 1383 4529 ;
1416 4462 1480 4516 et
1507 4461 1838 4515 cernentes
1885 4453 2054 4533 quod
2096 4450 2356 4512 infinite

862 4554 1243 4618 deficiamus
1292 4552 1371 4614 ab
1420 4570 1516 4629 eo,
1563 4569 1678 4633 pro
1733 4550 1938 4613 nihilo
1989 4557 2355 4632 reputemus

868 4672 1010 4736 quae
1055 4652 1327 4733 agimuS,
1363 4670 1480 4714 nec
1529 4649 1746 4731 magni
1789 4650 1990 4711 simus
2037 4648 2103 4710 in
2153 4647 2356 4711 oculis

870 4752 1126 4816 nostriS.

948 4854 1027 4914 Si
1057 4852 1332 4911 voluerit
1359 4849 1732 4909 contendere
1763 4866 1908 4907 cum
1939 4866 2029 4917 e0,
2048 4865 2179 4905 non
2193 4854 2363 4921 pote-

2462 3864 2657 3919 tatem
2713 3876 2919 3919 meam
2968 3874 3084 3937 ego
3128 3874 3473 3937 cognosco.
3526 3858 3603 3920 Et
3645 3858 3871 3920 iterum
3928 3878 3949 3921 ε

2461 3955 2720 4019 Peccavi
2752 3975 2943 4037 super
2974 3975 3309 4018 numerum
3332 3975 3539 4021 arenae
3570 3956 3955 4021 mariS.ldeo

2464 4063 2601 4117 orat
2629 4054 2729 4117 vir
2747 4056 2955 4136 justus
2982 4073 2996 4116 :
3021 4055 3157 4119 Non
3187 4056 3469 4119 declines
3498 4075 3608 4119 cor
3636 4076 3847 4119 meum
3880 4056 3955 4119 in

2466 4153 2659 4216 verba
2688 4154 2959 4229 malitiae,
2986 4155 3062 4216 ad
3098 4156 3483 4231 excusandas
3513 4155 3958 4218 excusationes

2466 4252 2531 4313 in
2565 4252 2861 4334 peccatis,

2546 4354 2825 4429 Sapiens
2855 4356 3043 4412 corde
3070 4362 3159 4411 est
3189 4372 3212 4411 .·
3244 4350 3480 4414 ideirco
3520 4352 3804 4414 cordium
3840 4370 3964 4415 no-

2468 4457 2739 4512 strorum
2770 4450 3019 4513 occulta
3050 4449 3402 4512 clarissime
3433 4449 3726 4532 inspicit3
3750 4460 3808 4511 et
3827 4454 3967 4531 for-

2471 4550 2551 4608 tis
2582 4551 2799 4609 robore
2829 4568 2853 4610 .·
2885 4549 3028 4611 ideo
3068 4550 3320 4628 cognita
3351 4549 3519 4611 mala
3548 4548 3831 4612 valenter
3864 4548 3967 4611 ul-

2470 4646 2753 4723 ciscitur,
2803 4666 2919 4709 nee
2969 4647 3108 4728 ejus
3159 4647 3453 4729 potestati
3504 4647 3840 4710 resistitur.
3891 4647 3965 4710 Si

2468 4762 2617 4825 ergo
2668 4745 2735 4806 in
2785 4744 2971 4807 nobis
3026 4754 3121 4808 est
3170 4764 3317 4809 vera
3362 4754 3551 4826 atque
3598 4745 3809 4808 infusa
3859 4766 3967 4809 sa-

2470 4844 2735 4926 pientia,
2772 4845 2961 4907 debet
2991 4862 3065 4907 ex
3106 4862 3181 4907 ea
3218 4844 3283 4905 in
3328 4843 3511 4906 nobis
3550 4844 3704 4906 oriri
3742 4853 3963 4908 castus

867 4952 961 5011 rit
989 4952 1052 5009 ei
1080 4952 1458 5026 respondere
1489 4968 1696 5008 unum
1715 4967 1840 5024 pro
1861 4948 2061 5007 mille.
2084 4943 2363 5006 Audiant
2391 4945 2442 5006 D
2472 4943 2699 5025 pudor,
2718 4961 2846 5024 quo
2866 4942 3314 5005 erubescamus
3338 4942 3403 5003 in
3426 4942 3762 5024 praesentia
3780 4960 3969 5006 men-

869 5057 932 5111 et
966 5046 1313 5109 formident
1340 5044 1534 5108 verba
1573 5044 1707 5106 haec
1751 5044 2020 5105 audaces
2061 5041 2187 5104 sibi
2230 5042 2364 5124 pla-

869 5154 1107 5221 centeS,
1140 5163 1336 5224 seque
1365 5161 1665 5205 excusare
1705 5160 1896 5222 quam
1927 5160 2225 5204 accusare
2256 5160 2363 5222 pa-

869 5244 1156 5305 ratioreS.
1215 5242 1558 5304 Advertant
1628 5240 1795 5321 quod
1867 5238 2363 5302 innumerabilia

868 5341 1104 5404 habent
1141 5348 1396 5422 peccata
1437 5337 1706 5415 occulta,
1740 5357 1882 5418 quae
1923 5357 2039 5401 nec
2080 5336 2201 5417 ipsi
2254 5337 2361 5399 de—

2474 5040 2553 5102 tis
2582 5040 2816 5104 divinae
2844 5040 3058 5102 omnia
3089 5038 3479 5102 lucidissime
3510 5039 3841 5115 intuentiS,
3876 5042 3969 5102 ir-

2472 5147 2833 5201 reverenter
2862 5146 2924 5200 et
2953 5136 3165 5200 viliter
3193 5137 3579 5201 conversari.
3614 5137 3766 5218 Ejus
3800 5156 3969 5219 quo-

2473 5257 2598 5319 que
2646 5236 3173 5317 omnipotentiam
3234 5236 3553 5318 sapienter
3613 5235 3967 5299 formidare

2468 5334 3106 5414 debemuS,quoniam
3140 5334 3279 5416 ejus
3306 5334 3651 5397 vindictam
3684 5334 3967 5398 evadere

4006 3086 4119 3128 Jer.
4138 3098 4187 3132 n,
4202 3089 4267 3126 33.
