4309 6259
1249 510 1600 557 zumulo
1641 510 1702 557 m
1744 511 1880 557 GAP.
1926 511 1965 554 V
2005 510 2130 557 1013.
2176 530 2256 542 -
2296 511 2440 557 Am.
2486 512 2566 557 XV

3332 488 3449 555 377

349 677 812 743 universaliter
834 701 983 746 vera
1003 700 1131 745 non
1153 681 1284 744 sint
1301 700 1446 764 quae
1466 689 1850 764 proponunt.
1885 680 1936 742 A
1963 682 2241 763 culpam,
2264 682 2371 745 sed
2402 682 2485 745 ob
2504 681 2879 765 ampliorem
2902 682 3043 763 ejus
3065 679 3446 763 profectum,

347 776 502 841 Ideo
533 778 692 841 talia
721 789 904 845 caute
925 800 996 843 ac
1029 780 1350 863 sapienter
1371 789 1520 842 sunt
1549 798 1858 862 exponen-

345 877 434 939 da
463 886 528 941 et
559 878 894 961 capienda.
930 880 1054 945 Nec
1096 880 1271 943 enim
1301 879 1496 942 verba
1539 898 1758 942 eorum
1791 879 1856 941 in

345 976 660 1039 omnibus
692 979 888 1042 verba
917 986 1068 1041 sunt-
1090 977 1363 1060 Spiritus
1386 977 1619 1053 Sancti,
1638 995 1860 1059 quem-

345 1074 706 1138 admodum
756 1077 948 1141 verba
990 1077 1106 1140 Job
1154 1094 1168 1139 :
1213 1076 1342 1139 imo
1389 1076 1590 1139 multa
1637 1076 1860 1139 dicunt

347 1190 486 1235 non
519 1193 695 1251 vera,
729 1182 800 1237 ut
831 1175 896 1239 in
927 1194 1228 1257 processu
1271 1174 1534 1256 patebit.

435 1274 640 1333 Nihil
667 1276 742 1334 in
777 1284 948 1335 terra
976 1277 1117 1335 sine
1136 1294 1332 1335 causa
1362 1278 1460 1350 fit.
1486 1272 1613 1335 Hoc
1635 1292 1860 1336 secun-

347 1370 510 1431 dum
546 1390 750 1435 unum
781 1373 1178 1437 intellectum
1210 1372 1638 1437 clarissimum
1669 1379 1859 1452 atque

347 1468 794 1533 certissimum
824 1478 942 1534 est.
963 1470 1026 1534 Si
1059 1471 1230 1535 enim
1265 1470 1362 1547 fit,
1379 1470 1668 1551 sequitur
1688 1469 1860 1550 quod

349 1567 438 1628 sit
471 1567 756 1633 effectus
789 1590 900 1633 seu
929 1570 1086 1651 quid
1117 1578 1444 1633 causatum
1480 1587 1494 1631 :
1529 1588 1657 1650 quo
1687 1570 1854 1646 dato,

349 1668 656 1747 sequitur
710 1670 884 1751 quod
932 1669 1164 1732 habeat
1221 1688 1508 1746 causam,
1563 1688 1638 1731 eo
1687 1669 1860 1751 quod

346 1783 552 1827 causa
598 1775 662 1829 et
707 1764 986 1830 effectus
1028 1767 1405 1831 correlative
1442 1786 1510 1829 sc
1559 1766 1854 1829 habeant.

1965 781 2366 863 aliorumque
2396 781 2913 859 aedificationem,
2937 800 3010 844 ac
3038 778 3277 843 diaboli
3306 797 3455 843 con-

1968 878 2339 955 fusionem3
2404 881 2503 944 vel
2562 879 2647 943 ob
2694 879 2930 943 divinae
2978 877 3455 961 omnipotentiae

1966 978 2482 1055 declarationem,
2516 977 3059 1059 beatitudinisque
3090 976 3319 1039 futurae
3349 994 3457 1038 au-

1965 1086 2316 1156 gmentum.
2353 1078 2515 1140 Deus
2546 1076 2738 1140 etiam
2783 1077 2847 1138 in
2880 1075 3249 1140 hominibus
3293 1072 3455 1136 nihil

1968 1175 2140 1251 facit,
2170 1194 2285 1239 nec
2318 1175 2460 1238 fieri
2494 1176 2668 1253 sinit,
2688 1174 2814 1237 nisi
2845 1175 2929 1238 ob
2958 1193 3211 1238 causam
3244 1191 3459 1255 quam-

1967 1274 2111 1335 dam
2143 1273 2431 1349 finalem,
2461 1282 2531 1337 ut
2562 1274 2663 1337 vel
2710 1293 2825 1337 sua
2853 1273 3099 1354 justitia
3144 1272 3210 1334 in
3244 1290 3458 1355 repro-

1967 1372 2066 1435 bis
2097 1370 2563 1449 manifestetur,
2598 1371 2700 1437 vel
2730 1391 2846 1435 sua
2872 1371 3211 1435 clementia
3242 1370 3306 1433 in
3338 1370 3457 1433 ele-

1969 1470 2087 1533 ctis
2111 1471 2411 1534 reluceat.

2047 1574 2134 1632 Ec
2162 1574 2241 1631 de
2270 1574 2465 1631 humo
2493 1591 2623 1631 non
2666 1572 3029 1649 eyrediecur
3066 1574 3271 1631 dolor.
3302 1568 3452 1643 Hoc,

1969 1670 2317 1732 secundum
2380 1667 2716 1745 Thomam,
2768 1667 3201 1750 metaphorica
3258 1674 3459 1729 exstat

1971 1768 2229 1831 locutio.
2262 1766 2556 1841 Quaedam
2601 1766 2838 1830 etenim
2881 1767 3095 1829 herbae
3126 1766 3264 1830 sine
3289 1766 3459 1848 jacto

347 1862 578 1945 Itaque
607 1866 688 1927 ad
709 1865 924 1928 minus
954 1866 1420 1929 habetcausam
1441 1865 1860 1943 efficientem,
1897 1864 1943 1925 B
1973 1868 2037 1929 in
2087 1874 2322 1929 terram
2380 1866 2625 1929 semine
2682 1866 3144 1947 producuntur,
3190 1884 3333 1946 quae
3380 1865 3460 1926 de

345 1962 852 2026 determinatam
884 1964 984 2027 vel
1027 1963 1608 2041 indeterminatam,
1644 1983 1758 2046 per
1793 1983 1861 2027 se

345 2060 455 2123 vel
505 2080 622 2143 per
661 2062 980 2126 accidens.
1024 2062 1126 2126 Sic
1166 2070 1229 2126 et
1265 2062 1440 2125 Plato
1481 2063 1763 2144 loquitur
1795 2063 1860 2125 in

347 2159 599 2223 Timaeo
635 2176 650 2221 ε
685 2160 853 2222 Nihil
889 2159 988 2237 fit,
1021 2161 1206 2242 cujus
1235 2168 1444 2224 ortum
1492 2179 1686 2233 causa
1713 2160 1862 2241 legi-

345 2258 514 2319 tima
569 2276 699 2321 non
743 2260 1088 2339 praecessit.
1131 2259 1286 2321 Nam
1336 2267 1400 2321 et
1439 2259 1860 2342 Philosophus

345 2357 479 2418 ait:
500 2357 710 2419 Causa
739 2365 856 2433 est,
870 2358 949 2420 ad
971 2358 1156 2439 cujus
1187 2376 1326 2421 esse
1356 2358 1646 2439 sequitur
1667 2358 1856 2434 aliud,

345 2455 528 2517 haud
577 2454 850 2518 dubium
901 2455 1060 2537 quin
1109 2455 1403 2519 effectus,
1453 2457 1578 2519 Nec
1623 2456 1854 2533 obstat,

346 2554 531 2634 quod
565 2561 721 2615 sunt
749 2554 1014 2636 quidam
1047 2553 1322 2617 effectus
1353 2555 1638 2618 casuales
1669 2563 1860 2635 atque

351 2651 638 2714 fortuiti.
673 2651 828 2714 Nam
861 2661 924 2715 et
967 2652 1034 2714 hi
1066 2652 1305 2715 habent
1333 2672 1586 2715 causam
1621 2672 1733 2734 per
1761 2672 1862 2715 ac-

345 2749 580 2812 cidens
608 2756 715 2812 :et
743 2749 1040 2831 quamvis
1085 2749 1212 2811 sint
1260 2750 1417 2813 tales
1463 2769 1577 2831 per
1607 2768 1861 2832 compa-

346 2848 674 2911 rationem
705 2848 785 2910 ad
817 2867 1040 2911 causas
1070 2849 1381 2911 secundas
1419 2858 1484 2911 et
1513 2848 1854 2931 proximas,

349 2954 573 3009 tamen
625 2953 916 3028 respectu
966 2946 1188 3028 primae
1236 2966 1442 3009 causae
1489 2966 1601 3009 seu
1650 2946 1862 3029 provi-

1970 1975 2137 2029 terra
2167 1974 2393 2047 sponte
2433 1964 2607 2027 nasci
2639 1964 2959 2027 dicuntur.
2995 1963 3238 2047 Sicque.
3263 1971 3461 2027 meta-

1971 2063 2233 2145 phorice
2272 2062 2585 2144 quidquid
2635 2062 2775 2125 sine
2816 2080 3007 2125 causa
3050 2061 3309 2144 propria
3354 2060 3453 2137 fit,

1969 2162 2289 2225 diceretur
2319 2162 2398 2224 de
2438 2162 2633 2224 humo
2663 2160 2803 2223 sine
2842 2160 3087 2223 semine
3118 2160 3313 2223 nasci.
3350 2160 3460 2223 Ita-

1967 2280 2116 2343 que,
2143 2261 2231 2323 Dc
2258 2260 2455 2323 humo
2488 2278 2615 2321 non
2638 2258 2878 2323 orietur
2898 2259 3101 2335 dolor,
3123 2260 3187 2320 id
3218 2266 3335 2335 est,
3354 2259 3458 2321 ad-

1969 2358 2237 2423 versitas
2268 2358 2405 2420 sine
2436 2358 2692 2439 propria
2724 2377 2935 2435 causa,
2958 2357 3200 2421 scilicet
3223 2356 3461 2439 praevia

1968 2456 2178 2539 culpa,
2206 2456 2365 2518 nulli
2397 2456 2744 2537 continget,
2778 2456 3177 2538 desuperque
3206 2463 3461 2537 praesta-

1967 2555 2164 2617 bitur.
2211 2554 2357 2628 Quae
2403 2554 2887 2635 argumentatio,
2936 2562 3006 2615 ut
3054 2562 3291 2617 tactum
3338 2562 3455 2630 est,

1968 2672 2096 2715 non
2141 2661 2239 2715 est
2288 2651 2494 2715 fortis.
2529 2651 2662 2716 Non
2712 2652 2882 2715 enim
2922 2651 3111 2733 culpa
3148 2660 3243 2714 est
3279 2652 3461 2714 dum-

1967 2759 2139 2814 taxat
2187 2770 2379 2813 causa
2424 2768 2629 2833 poenae
2680 2749 2965 2813 inflictae.
3008 2751 3087 2811 At
3141 2768 3314 2827 vero,
3368 2769 3460 2813 se-

1968 2850 2249 2914 cundum
2285 2849 2635 2925 Albertum‚
2670 2850 2750 2912 de
2789 2849 3007 2925 humo,
3051 2849 3113 2911 id
3158 2857 3253 2912 est
3292 2857 3461 2912 terra

1968 2948 2232 3011 humida
2262 2957 2324 3012 et
2354 2948 2698 3012 commixta
2741 2948 2809 3009 in
2844 2957 3133 3011 naturam
3172 2947 3457 3031 corporis

345 3044 596 3107 dentiae
655 3044 798 3121 Dei,
861 3044 1021 3106 nihil
1081 3044 1334 3107 casuale
1393 3044 1859 3126 fortuitumque
1894 3046 1938 3108 C
1967 3047 2256 3123 humani,
2291 3056 2445 3129 puta
2471 3047 2551 3110 de
2589 3065 2780 3111 carne
2818 3046 3093 3123 mortali,
3130 3065 3257 3109 non
3286 3064 3461 3127 egre-

346 3142 678 3219 consistit,
715 3143 825 3205 sed
855 3151 1064 3205 certus
1101 3151 1198 3205 est
1230 3143 1385 3205 ordo
1416 3162 1772 3206 causarum.

431 3242 656 3319 Porro,
691 3241 746 3303 si
786 3242 1055 3305 verbum
1095 3241 1428 3305 inductum
1469 3242 1861 3323 intelligatur

347 3343 430 3404 de
465 3358 662 3403 causa
693 3339 1115 3402 determinata
1143 3348 1207 3402 et
1235 3340 1515 3423 propria,
1539 3348 1603 3403 et
1624 3341 1702 3403 de
1723 3359 1860 3403 cau-

347 3460 418 3503 sa
465 3458 586 3523 per
626 3458 718 3515 se,
751 3439 1086 3502 veritatem
1129 3457 1258 3501 non
1301 3439 1514 3516 habet,
1551 3447 1622 3502 ut
1663 3439 1728 3501 in
1764 3458 1862 3502 ca-

345 3537 654 3601 sualibus
695 3545 870 3619 patet
912 3536 1278 3601 effectibus
1332 3538 1594 3615 RursuS,
1647 3538 1702 3599 si
1759 3556 1860 3601 ac-

345 3637 640 3721 cipiatur
689 3636 1042 3699 secundum
1092 3636 1353 3718 Eliphaz
1413 3636 1853 3713 intentionem,

347 3736 632 3801 veritate
659 3734 922 3798 carebit.
956 3734 1193 3817 Nempe
1220 3734 1482 3817 Eliphaz
1513 3736 1708 3800 verbo
1739 3735 1858 3798 hoc

345 3834 569 3899 voluit
595 3834 768 3897 dicta
791 3833 908 3896 Job
939 3832 1310 3910 falsificare,
1336 3833 1571 3914 quibus
1603 3852 1671 3897 se
1700 3834 1860 3896 dixit

343 3934 498 3997 sine
531 3951 646 3996 suo
675 3932 984 3997 demerito
1015 3932 1104 3995 ita
1142 3932 1488 4014 plagatum.
1523 3932 1708 4007 Quasi
1741 3933 1860 3995 Eli-

347 4034 524 4115 phaz
552 4032 794 4096 diceret
819 4050 833 4094 ε
861 4031 1037 4096 Sicut
1069 4032 1136 4093 in
1169 4031 1566 4093 naturalibus
1597 4031 1757 4095 nihil
1783 4032 1860 4095 fit

347 4132 504 4195 sine
535 4130 958 4193 determinata
995 4138 1056 4193 et
1097 4128 1382 4208 legitima
1419 4149 1630 4207 causa,
1666 4130 1755 4192 ita
1791 4131 1855 4193 in

1969 3146 2180 3209 dietur
2209 3146 2412 3223 dolor,
2448 3146 2510 3208 id
2533 3154 2629 3209 est
2659 3164 2845 3208 causa
2878 3146 3139 3222 doloriS,
3164 3145 3460 3209 videlicet

1967 3245 2321 3307 secundum
2352 3245 2520 3326 quod
2544 3262 2689 3307 caro
2719 3252 2836 3321 est,
2860 3252 2924 3307 et
2954 3244 3162 3325 quoad
3195 3244 3258 3305 id
3287 3244 3459 3326 quod

1968 3342 2159 3406 habet
2205 3362 2242 3405 a
2270 3343 2586 3406 Creatore.
2623 3342 2725 3405 Sic
2767 3344 2938 3406 enirn
2986 3360 3113 3405 non
3142 3351 3239 3405 est
3282 3342 3459 3423 origo

1970 3441 2237 3523 peccati,
2264 3442 2458 3523 quod,
2494 3441 2845 3503 secundum
2873 3441 3156 3522 Eliphaz,
3191 3450 3285 3504 est
3323 3460 3462 3505 cau-

1968 3561 2038 3604 sa
2078 3541 2318 3604 doloris
2360 3560 2472 3603 seu
2513 3558 2739 3621 poenae.
2773 3540 2926 3617 Imo,
2976 3541 3327 3603 secundum
3360 3542 3461 3603 Di-

1968 3640 2263 3721 onysium
2312 3648 2375 3702 et
2414 3638 2863 3719 Augustinum‚
2907 3639 3223 3715 voluntaS‚
3269 3648 3337 3701 ut
3382 3658 3459 3704 ex

1967 3737 2171 3801 nihilo
2222 3736 2393 3801 facta
2437 3745 2629 3819 atque
2672 3756 2750 3799 ex
2792 3756 2859 3799 se
2904 3737 3044 3819 ipsa
3090 3735 3461 3800 defectuosa

1965 3855 2041 3900 ac
2072 3836 2306 3912 labilis,
2342 3844 2438 3899 est
2478 3834 2654 3897 radix
2699 3835 3025 3918 peccandi,
3060 3842 3125 3897 et
3162 3853 3276 3916 per
3318 3854 3457 3898 eam

1968 3934 2208 3998 infecta
2250 3942 2345 3997 est
2388 3952 2554 3997 caro.
2588 3933 2765 3997 Unde
2804 3933 3095 3996 Albertus
3130 3931 3363 4013 allegat
3392 3932 3459 3995 il-

1967 4033 2076 4096 lud
2108 4032 2424 4113 Fulgentii
2444 4050 2459 4095 ε
2480 4033 2643 4096 Deus
2674 4051 2802 4095 non
2834 4040 2931 4096 est
2960 4032 3129 4095 ultor
3157 4032 3341 4115 cujus
3362 4041 3458 4095 est

1966 4141 2163 4197 actor.

349 4230 556 4293 rebus
587 4228 886 4291 humanis
915 4227 1008 4289 nil
1042 4226 1119 4289 fit
1149 4226 1288 4289 sine
1316 4246 1508 4290 causa
1534 4228 1860 4291 meritoria
1887 4234 1937 4295 D
2045 4231 2257 4307 Porro,
2286 4230 2457 4312 quod
2496 4228 2657 4290 nihil
2692 4226 2810 4291 fiat
2848 4228 2988 4291 sine
3020 4247 3211 4292 causa
3241 4228 3305 4289 in
3335 4237 3458 4291 ter-

351 4327 771 4411 praecedenti.
815 4325 948 4389 Tua
993 4345 1164 4407 ergO,
1208 4345 1247 4389 o
1292 4326 1428 4403 Iob,
1483 4328 1853 4407 adversitaS‚

350 4446 491 4492 non
530 4425 654 4488 nisi
683 4434 942 4507 propter
962 4425 1388 4508 praecedentia
1417 4433 1522 4488 tua
1550 4426 1858 4489 demerita

349 4546 472 4591 seu
511 4533 794 4607 peccata,
837 4522 1088 4587 inflicta
1133 4532 1228 4587 est
1268 4523 1387 4585 tibi
1429 4544 1466 4585 a
1504 4524 1651 4587 Deo.
1686 4526 1856 4587 Istud

347 4631 811 4706 argumentum
841 4640 969 4685 non
999 4622 1190 4697 valet,
1224 4630 1358 4683 tum
1396 4621 1551 4704 quia
1581 4622 1646 4683 in
1676 4630 1858 4685 natu-

347 4721 606 4785 ralibus
639 4739 765 4783 non
787 4738 1040 4802 semper
1067 4717 1374 4783 effectum
1396 4720 1696 4801 praecedit
1715 4740 1857 4783 cau-

347 4841 424 4884 sa
474 4819 898 4883 determinata
947 4836 1062 4900 per
1107 4835 1196 4893 se,
1251 4825 1386 4879 tum
1435 4818 1736 4899 quoniam
1788 4819 1853 4881 in

350 4918 660 4981 humanis
692 4936 882 4980 causa
926 4934 1133 4997 poenae
1177 4914 1445 4979 inflictae
1487 4934 1615 4979 non
1648 4917 1854 4979 solum

349 5026 450 5081 est
488 5015 724 5097 praevia
753 5014 965 5096 culpa,
1009 5014 1118 5077 sed
1153 5021 1218 5077 et
1250 5012 1482 5095 aliquae
1519 5033 1722 5078 causae
1762 5015 1856 5077 di-

348 5135 578 5191 versae‚
605 5123 674 5177 ut
703 5114 946 5177 dictum
976 5122 1072 5177 est
1101 5122 1164 5176 et
1193 5113 1462 5176 dicetur.
1487 5115 1650 5177 Deus
1679 5116 1857 5198 quip-

351 5234 436 5297 pe
455 5233 534 5277 ex
553 5232 672 5276 sua
693 5212 1034 5294 sapientia,
1061 5211 1298 5294 pietate
1327 5221 1388 5274 et
1410 5220 1722 5294 potestate
1744 5213 1855 5276 fla-

351 5312 550 5395 gellat
569 5310 922 5391 aliquando
941 5318 1006 5373 et
1022 5309 1282 5390 justum,
1303 5328 1429 5373 non
1450 5310 1531 5373 ob
1552 5310 1853 5392 praeviam

1967 4348 2056 4405 ra,
2090 4328 2276 4409 quasi
2304 4327 2846 4409 exemplificando
2876 4326 2941 4389 in
2978 4326 3271 4390 rationali
3305 4326 3457 4389 irra-

1967 4427 2319 4509 tionalique
2358 4434 2667 4501 creatura,
2711 4425 3044 4507 subjungit
3077 4443 3091 4487 :
3126 4429 3330 4487 Homo
3370 4430 3457 4488 ad

1966 4529 2243 4587 labo-rem
2276 4528 2595 4595 nascitur,
2623 4534 2682 4585 ec
2726 4526 2868 4585 avis
2897 4528 2985 4585 ad
3020 4529 3307 4586 volatum
3337 4546 3359 4585 :
3392 4524 3454 4588 id

1964 4632 2080 4700 est,
2115 4623 2281 4686 Deus
2318 4631 2563 4686 creator
2594 4641 2711 4686 nec
2750 4622 3075 4686 hominem
3118 4642 3237 4686 nec
3273 4642 3454 4686 avem

1966 4722 2225 4799 frustra,
2270 4722 2379 4785 sed
2420 4720 2784 4784 rationabili
2813 4740 3003 4784 causa
3038 4721 3336 4797 instituit,
3388 4730 3459 4785 ut

1965 4821 2155 4884 homo
2196 4838 2310 4902 per
2351 4819 2632 4883 laborem
2675 4818 2800 4881 sibi
2838 4819 2917 4882 de
2958 4818 3334 4882 necessariis
3370 4820 3458 4883 vi-

1963 4919 2118 4995 ctui,
2142 4917 2551 4995 habitationi,
2578 4917 2969 4999 vestituique
2998 4917 3362 4998 provideat3
3394 4926 3458 4981 et

1963 5017 2098 5081 avis
2129 5035 2245 5100 per
2263 5016 2570 5092 volatum,
2597 5033 2740 5095 quae
2770 5034 2901 5077 suae
2930 5014 3323 5079 conveniunt
3352 5034 3457 5077 na-

1968 5125 2124 5179 turae
2172 5123 2482 5190 exerceat,
2532 5112 2949 5188 nidificandO,
2998 5113 3237 5177 victum
3286 5132 3459 5193 quae-

1964 5214 2183 5288 rendo,
2220 5212 2506 5295 pericula
2549 5211 2876 5293 fugiendo.
2912 5211 3089 5274 Unde
3126 5220 3189 5274 et
3224 5210 3455 5275 avibus

1963 5330 2077 5394 pro
2125 5310 2523 5376 vestimentis
2564 5318 2627 5373 et
2664 5309 2860 5373 armis
2908 5318 3137 5373 natura
3182 5310 3457 5375 contulit
