4309 6259
1233 527 1578 588 amum-rio
1621 544 1684 588 m
1727 543 1862 588 cap.
1909 542 1975 588 ix
2015 542 2140 588 son.
2190 563 2267 573 --
2308 545 2450 590 ΛΒΤ.
2496 545 2651 592 xxm

3360 528 3476 591 437

377 714 490 769 aut
521 707 736 771 cultus
757 710 884 774 Deo
906 711 1359 793 impenderint,
1382 712 1639 777 infinite
1668 715 1882 778 minus
1912 710 1964 771 A
1992 717 2391 794 auctoritate,
2425 736 2541 781 nec
2581 718 2893 800 sapientia
2940 717 3125 780 altior
3175 717 3285 779 illo
3334 717 3479 798 quis

378 815 478 869 est
507 808 878 885 dilectione,
901 813 1314 875 veneratione
1335 822 1397 876 et
1425 814 1622 891 cultu,
1648 814 1882 896 quibus

379 906 548 969 Deus
579 915 675 969 est
705 908 960 987 dignuS.
994 910 1138 972 ldeo
1166 912 1484 992 judicium
1527 913 1884 977 misericor-

375 1006 489 1068 dia
515 1013 967 1089 temperatum,
1004 1008 1098 1072 eis
1139 1018 1236 1072 est
1265 1007 1716 1074 necessarium.

447 1108 539 1166 Ec
558 1108 1140 1179 abominabuntur,
1153 1109 1217 1171 id
1248 1118 1364 1187 est,
1386 1110 1882 1174 abominabilem

377 1204 654 1266 reddent
691 1212 754 1266 et
787 1205 1340 1285 demonstrabunt,
1375 1230 1476 1269 me
1507 1212 1886 1271 vestimenta

375 1323 547 1373 mea,
596 1302 660 1365 id
703 1311 801 1365 θεῖ
844 1321 1082 1386 opera:
1128 1325 1270 1387 quae
1316 1307 1466 1370 licet
1514 1308 1882 1371 hominibus

375 1401 724 1463 videantur
771 1421 949 1483 pura,
991 1403 1309 1482 sublimia,
1351 1414 1415 1468 et
1454 1406 1752 1489 perfecta,
1799 1414 1886 1469 ta-

375 1518 530 1562 men
571 1518 788 1563 coram
817 1501 943 1565 Deo
989 1502 1366 1585 imperfecta
1410 1514 1471 1567 et
1510 1505 1886 1587 contempti-

376 1596 542 1659 bilia
571 1599 1096 1679 comprobantur,
1131 1601 1185 1663 si
1229 1603 1582 1665 secundum
1624 1603 1887 1665 immen-

374 1696 638 1758 sitatem
683 1696 921 1760 divinae
957 1698 1228 1779 justitiae
1266 1699 1660 1781 judicentur,
1695 1709 1766 1763 ut
1811 1722 1886 1763 ex

375 1794 760 1875 praehabitis
793 1796 1160 1860 innotescit.
1195 1799 1526 1877 Praeterea,
1561 1818 1756 1881 opera
1783 1800 1887 1863 ho-

1993 825 2110 879 est.
2131 815 2333 889 Quum
2366 836 2517 897 ergo
2546 838 2583 880 a
2605 818 2848 900 judicio
2868 818 2980 881 Dei
3009 818 3331 899 appellare
3352 836 3479 880 non

1993 933 2247 995 queam,
2282 924 2475 977 restat
2506 924 2574 978 ut
2602 935 2703 978 me
2734 916 2791 977 ei
2828 934 3087 997 prorsus
3118 914 3478 997 subjiciam.

1994 1013 2136 1076 Ideo
2180 1014 2469 1094 sequitur
2502 1034 2515 1076 :
2552 1018 2701 1076 Non
2730 1025 2819 1075 est
2856 1016 2972 1094 qui
2999 1024 3348 1094 utrumque
3375 1035 3486 1075 va-

1996 1116 2122 1173 leat
2141 1132 2439 1189 arquere,
2468 1114 2713 1177 scilicet
2742 1114 2937 1176 Deum
2970 1122 3033 1176 et
3062 1132 3164 1176 me
3189 1131 3202 1175 :
3230 1112 3382 1194 quia
3412 1112 3487 1173 li-

1993 1218 2239 1290 cetego
2273 1212 2449 1291 argui
2482 1213 2743 1294 possim,
2779 1213 2975 1274 Deum
3019 1219 3228 1274 tamen
3268 1211 3485 1273 nullus

1996 1317 2205 1390 potest
2255 1328 2541 1390 arguere,
2573 1329 2771 1391 quum
2820 1310 2957 1391 ipse
3005 1310 3089 1371 sit
3135 1309 3485 1391 sapientior

1997 1406 2293 1487 infinite;
2339 1420 2399 1469 ec
2434 1428 2670 1486 ponere
2716 1429 2989 1469 manum
3033 1430 3242 1479 suam,
3274 1408 3338 1470 id
3387 1416 3484 1471 est

1994 1514 2396 1588 potestatem,
2438 1510 2511 1567 in
2562 1509 2887 1577 ambobus,
2934 1514 3090 1588 puta
3132 1506 3197 1567 in
3245 1506 3373 1569 Deo
3420 1514 3483 1569 et

1995 1623 2097 1666 me
2144 1622 2159 1665 ε
2208 1605 2363 1685 quia
2401 1605 2617 1667 nullus
2661 1613 2852 1667 tantae
2896 1605 3195 1687 potentiae
3242 1614 3359 1681 est,
3412 1612 3483 1667 ut

1994 1704 2188 1766 Deum
2234 1722 2637 1786 compescere
2674 1704 2897 1785 possit,
2929 1712 3037 1766 aut
3074 1704 3331 1767 vincere
3371 1722 3482 1766 seu

1997 1802 2308 1884 impedire
2341 1822 2378 1863 a
2405 1802 2853 1884 prosecutione
2886 1821 3015 1865 suae
3044 1802 3394 1865 sententiae.

373 1894 579 1956 minis
611 1896 998 1959 vestimenta
1036 1898 1178 1978 ejus
1222 1898 1544 1975 dicuntur,
1579 1900 1884 1979 quoniam
1923 1899 1968 1959 B
2077 1902 2359 1979 Auferat
2386 1922 2426 1961 a
2458 1922 2555 1960 me
2595 1903 2850 1978 viv-qam
2886 1922 3098 1972 suam,
3131 1901 3194 1962 id
3234 1909 3329 1964 est
3358 1901 3488 1983 pla-

373 2001 764 2057 ornamenta
792 2004 942 2058 sunt
980 1996 1210 2059 animae
1255 2016 1448 2079 opera
1485 1997 1790 2075 virtuosa,
1824 2006 1888 2060 et

377 2091 588 2153 instar
631 2093 830 2155 vestis
876 2103 1166 2174 age-ntem
1212 2095 1610 2158 circumdant
1651 2105 1712 2159 et
1751 2116 1888 2159 mu-

376 2190 576 2251 niunt
606 2199 833 2253 contra
871 2193 1269 2256 adversarias
1308 2202 1674 2275 potestates.
1710 2195 1887 2258 Unde

109 2305 338 2352 tauxa
373 2290 446 2351 in
477 2289 764 2352 Canticis
806 2291 1042 2354 dicitur
1078 2311 1092 2355 ε
1127 2293 1288 2355 Exui
1326 2294 1606 2356 tunicam
1651 2311 1882 2369 meam,

370 2390 708 2469 quomodo
752 2390 982 2452 induar
1026 2390 1251 2453 illam?
1283 2391 1356 2453 Et
1399 2392 1464 2452 in
1507 2392 1884 2474 Apocalypsi

89 2502 339 2555 aponum.
372 2487 672 2567 loquitur
702 2488 991 2551 Christus
1025 2509 1038 2553 :
1074 2488 1191 2563 Qui
1225 2508 1352 2552 non
1387 2490 1888 2571 inquinaverunt

373 2585 772 2650 vestimenta
799 2608 937 2664 sua,
972 2588 1394 2651 ambulabunt
1424 2608 1674 2653 mecum
1707 2590 1772 2652 in
1803 2591 1888 2652 al-

374 2683 506 2747 bis.
546 2684 648 2748 Sic
687 2693 749 2749 et
775 2685 966 2749 Iudas
1009 2685 1073 2748 in
1109 2706 1223 2749 sua
1266 2687 1490 2750 scribit
1517 2687 1835 2751 Canonica
1869 2706 1882 2750 :

108 2796 224 2839 1³³2
251 2799 320 2840 23.
372 2782 686 2847 Odientes
718 2804 856 2847 eam
890 2805 1032 2866 quae
1061 2786 1336 2848 carnalis
1367 2794 1482 2863 θεῖ,
1509 2787 1885 2849 maculatam

91 2894 340 2999 ¹istaut-vn.
373 2882 696 2945 tunicam.
718 2882 836 2945 Sed
870 2892 932 2945 et
952 2883 1239 2947 Salvator
1275 2884 1594 2947 :Veniunt
1621 2885 1890 2966 (inquit)

371 2982 458 3043 ad
493 3000 610 3043 vos
643 2980 711 3042 in
741 2979 1146 3045 vestimentis
1176 2983 1416 3047 ovium.
1445 2984 1740 3059 ThomaS,
1775 3003 1888 3067 per

1995 2017 2139 2079 gam
2175 1999 2359 2061 istam
2392 2017 2719 2081 poenosam
2746 2023 2762 2071 ς
2794 2009 2855 2060 et
2876 2019 3084 2076 pavor
3109 2001 3250 2077 ejus
3276 2000 3356 2062 de
3388 1999 3488 2060 fu-

1999 2107 2140 2161 tura
2188 2097 2619 2180 percussione,
2668 2098 2770 2160 vel
2811 2098 3003 2160 timor
3048 2098 3487 2160 reverentialis

1996 2205 2342 2277 conceptus
2374 2214 2448 2257 ex
2480 2195 2987 2259 consideratione
3017 2196 3367 2275 majestatis
3398 2196 3490 2258 di-

1994 2295 2184 2371 vinae,
2239 2315 2369 2355 non
2409 2316 2509 2354 me
2550 2304 2785 2355 terreat
2832 2302 3071 2357 terrore
3120 2294 3481 2374 dejiciente.

1997 2398 2281 2473 Loquar,
2331 2391 2720 2455 fiducialiter
2765 2392 3097 2455 veritatem
3150 2393 3486 2473 positionis

1998 2510 2153 2555 meae
2185 2492 2440 2567 tuend0‚
2460 2502 2519 2551 et
2544 2512 2672 2551 non
2696 2494 2918 2551 timebo
2940 2513 3087 2551 eum
3117 2490 3345 2553 timore
3364 2510 3489 2553 ser-

1995 2589 2110 2652 vili
2161 2608 2273 2651 seu
2322 2590 2759 2665 immoderato,
2796 2598 3007 2651 actum
3056 2589 3321 2652 rationis
3369 2588 3486 2651 im-

1995 2688 2314 2768 pediente,
2350 2687 2461 2750 sed
2501 2686 2900 2749 confidenter
2934 2688 3100 2768 quod
3135 2706 3353 2751 verum
3390 2694 3487 2749 est

1997 2785 2387 2859 defensab03
2428 2805 2543 2848 nec
2584 2786 2783 2848 Deum
2823 2785 3007 2867 quasi
3046 2787 3485 2848 adversantem

1997 2904 2106 2947 seu
2131 2886 2565 2965 increpantem
2593 2883 2973 2961 formidabo,
3002 2884 3130 2946 imo
3149 2891 3222 2945 ut
3240 2892 3486 2966 patrem

1996 2983 2244 3047 amabo.
2278 2984 2562 3065 Denique
2599 2984 2941 3047 vehemens
2985 2984 3166 3046 dolor
3204 2972 3487 3065 corporis

375 3079 790 3155 vestimenta,
827 3079 1129 3161 intelligit
1157 3098 1352 3163 opera
1385 3082 1720 3159 exteriora,
1745 3102 1888 3164 quae
1915 3073 1959 3136 C
1997 3100 2109 3144 seu
2166 3081 2415 3157 animae,
2470 3082 2962 3163 excessivusquc
3012 3081 3223 3157 timor,
3278 3090 3487 3143 actum

375 3177 716 3242 hominem
768 3177 1222 3241 abominantur
1269 3180 1527 3260 quando
1575 3182 1888 3244 exteriora

371 3296 582 3360 opera
601 3277 890 3340 virtuosa
909 3286 1239 3360 apparent,
1261 3287 1325 3343 et
1351 3288 1564 3342 tamen
1598 3279 1885 3342 interiori

375 3375 653 3459 puritati
697 3394 827 3438 non
872 3378 1394 3457 correspondent,
1447 3379 1600 3440 dum
1646 3378 1890 3441 scilicet

373 3492 494 3537 eor
525 3472 700 3535 intus
733 3473 1058 3554 impurum
1091 3483 1208 3536 est.
1233 3474 1560 3538 Exteriora
1589 3477 1884 3556 equidem

373 3590 582 3653 opera
609 3571 947 3648 virtutum,
967 3580 1117 3633 sunt
1147 3572 1323 3635 velut
1353 3573 1536 3655 signa
1565 3574 1888 3637 interioris

375 3669 670 3734 virtutis
718 3669 980 3745 ldcircO,
1015 3670 1070 3731 si
1111 3689 1292 3733 mens
1341 3672 1514 3733 intus
1556 3690 1715 3753 pura
1763 3690 1888 3734 non

373 3776 506 3843 est,
533 3767 854 3831 exteriora
881 3786 1078 3849 opera
1108 3788 1250 3849 quoe
1275 3769 1590 3849 justitiam
1623 3778 1891 3851 praeten-

374 3868 575 3941 dunt,
610 3865 669 3928 ei
699 3884 828 3927 non
854 3874 1250 3947 competunt.

465 3966 694 4042 Neque
722 3965 898 4025 enim
931 3966 1070 4025 viro
1101 3967 1220 4043 qui
1245 3967 1487 4025 similis
1517 3969 1645 4027 mei
1672 3976 1778 4033 esc,
1804 3986 1893 4026 re-

374 4065 704 4141 spondebo
736 4063 856 4124 :id
907 4071 1026 4138 est,
1075 4063 1314 4126 idcirco
1364 4082 1575 4127 coram
1617 4065 1743 4128 Deo
1787 4084 1891 4126 me

376 4163 634 4245 justum
696 4180 977 4249 asserere
1027 4180 1154 4225 non
1201 4180 1549 4243 praesumo,
1597 4162 1891 4243 quamvis

1997 3179 2263 3241 rationis
2296 3180 2676 3261 impediunt,
2714 3180 2879 3242 sieut
2907 3187 2971 3241 ct
3000 3188 3224 3243 ceterae
3252 3178 3492 3261 passio-

1997 3297 2110 3341 nes
2160 3278 2448 3340 intensae.
2495 3278 2787 3340 Animam
2842 3276 3079 3339 etenim
3132 3277 3493 3358 inquietant

1996 3396 2068 3439 ac
2101 3376 2381 3438 turbant.
2421 3377 2509 3438 Ad
2545 3384 2724 3439 actus
2772 3383 2981 3438 autem
3020 3375 3285 3438 rationis
3332 3376 3491 3439 inte-

1998 3473 2219 3551 rioreS,
2254 3474 2435 3554 quies
2478 3483 2541 3535 et
2584 3492 2705 3555 pax
2747 3472 3149 3554 potissimum
3193 3482 3484 3555 prosunt.

1999 3572 2114 3635 Sed
2163 3581 2225 3633 et
2272 3571 2615 3634 vehemens
2661 3571 2997 3653 occupatio
3043 3572 3275 3634 mentis
3320 3572 3490 3635 circa

1999 3688 2199 3731 unum
2243 3669 2520 3750 aliquem
2564 3677 2773 3732 actum
2814 3670 2950 3731 sive
2989 3670 3335 3749 objectum,
3372 3670 3490 3731 im-

1999 3768 2172 3850 pedit
2195 3776 2384 3849 atque
2415 3767 2717 3830 diminuit
2736 3786 2871 3829 eam
2906 3768 3075 3830 circa
3102 3767 3262 3829 alios
3293 3776 3483 3829 actus,

1997 3865 2153 3928 Hinc
2184 3866 2299 3928 Job
2332 3864 2490 3947 petit
2520 3874 2591 3927 ut
2611 3866 2773 3927 Deus
2802 3863 3053 3927 auferat
3082 3884 3119 3925 a
3140 3883 3208 3927 se
3238 3865 3488 3946 plagam

2001 3963 2349 4039 inductam,
2392 3972 2455 4025 et
2507 3971 2811 4025 terrorem
2859 3980 2985 4042 quo
3032 3961 3246 4023 timuit
3290 3962 3486 4023 Deum

1999 4069 2354 4142 temperare
2411 4060 2732 4140 dignetur,
2794 4067 3109 4140 quatenus
3167 4058 3369 4121 libera
3425 4066 3489 4121 et

1999 4159 2347 4240 tranquilla
2375 4168 2589 4221 mente
2609 4157 2893 4220 veritatis
2916 4157 3319 4238 inquisitioni
3340 4175 3489 4220 con-

377 4258 555 4322 mihi
595 4260 674 4321 de
713 4259 968 4321 mortali
1007 4278 1133 4323 non
1179 4260 1298 4322 sim
1340 4261 1634 4323 conscius
1677 4261 1886 4341 culpa,
1921 4256 1972 4319 D
2001 4257 2526 4339 templationique
2566 4265 2767 4321 vacet.

377 4360 548 4441 quia
589 4357 656 4418 in
696 4358 918 4420 divino
955 4358 1200 4438 judicio
1250 4358 1455 4422 habeo
1508 4360 1892 4441 respondere

379 4476 522 4520 non
559 4455 804 4517 homini
839 4456 1112 4531 mortali,
1152 4456 1310 4519 mihi
1343 4457 1408 4519 in
1443 4464 1690 4533 natura,
1725 4465 1892 4519 statu

377 4564 450 4619 et
481 4554 681 4635 culpa
713 4554 934 4631 simili,
969 4555 1081 4617 sed
1117 4555 1244 4617 Deo
1285 4556 1629 4617 immortali
1669 4565 1732 4617 et
1761 4574 1893 4617 om-

381 4651 920 4734 nipotenti.Hinc
949 4652 1089 4734 ipso
1120 4672 1222 4715 me
1255 4652 1552 4715 sordibus
1585 4652 1895 4732 intingen-

383 4760 475 4826 te,
517 4767 649 4811 non
689 4750 891 4812 audeo
935 4750 1302 4822 reclamare,
1340 4751 1632 4831 quamvis
1675 4760 1890 4813 contra

381 4845 692 4913 homines
713 4866 1012 4927 arguenS,
1035 4849 1278 4929 justum
1306 4867 1408 4911 me
1437 4868 1737 4911 asseram.
1766 4852 1898 4911 Nec

382 4946 514 5026 qui
552 4963 795 5005 mecum
826 4946 1180 5021 injudicio
1209 4967 1290 5005 ea:
1329 4967 1510 5025 oequo
1547 4948 1750 5023 ‘possit
1780 4968 1898 5007 au-

381 5044 568 5111 diri,
597 5042 662 5103 id
692 5049 808 5118 est,
836 5061 963 5106 non
995 5043 1104 5105 tali
1137 5043 1341 5106 habeo
1363 5044 1897 5126 respondere,qui

387 5140 596 5204 simul
633 5159 881 5203 mecum
923 5159 1134 5204 coram
1167 5141 1383 5222 judice
1425 5143 1608 5205 tertio
1645 5141 1893 5216 altiore,

389 5239 590 5302 illum
621 5246 684 5301 et
715 5257 818 5301 me
837 5238 1186 5320 judicante,
1208 5240 1411 5321 possit
1441 5240 1768 5314 adsistere,
1789 5239 1896 5301 sed

391 5338 557 5414 Dee,
589 5355 783 5417 quem
807 5336 1098 5419 judicare
1127 5337 1344 5400 nullus
1377 5338 1564 5414 valet,
1601 5336 1753 5418 quia
1785 5356 1900 5399 nec

2078 4356 2415 4437 Propterea
2446 4356 2739 4417 subditur
2764 4374 3003 4435 :neque
3030 4357 3206 4415 enim
3226 4375 3487 4432 possum

2003 4464 2285 4516 metu-ens
2333 4458 2734 4531 respondere,
2774 4454 2837 4515 id
2887 4462 3003 4529 est,
3054 4453 3374 4516 excessive
3411 4453 3489 4514 ti-

2000 4552 2253 4625 mend0,
2290 4570 2402 4632 per
2442 4551 2653 4632 ipsum
2693 4552 3003 4627 timorem,
3040 4552 3389 4633 praesertim
3420 4560 3491 4613 ut

2003 4658 2096 4711 est
2125 4649 2338 4731 passio
2379 4649 2698 4730 appetitus
2732 4648 3043 4725 sensitivi‚
3077 4668 3114 4710 a
3143 4649 3494 4711 considera-

2004 4748 2200 4823 tione,
2240 4756 2301 4810 et
2343 4766 2457 4829 per
2487 4766 2886 4828 consequens
2927 4766 2964 4808 a
3007 4746 3369 4810 rationabili
3414 4747 3496 4809 lo-

2004 4846 2255 4909 cutione
2286 4845 2613 4927 impedior,
2632 4845 2717 4906 ita
2744 4852 2813 4907 ut
2835 4865 2951 4908 nec
2973 4845 3097 4907 Deo
3118 4864 3230 4907 nec
3252 4844 3494 4907 homini

2005 4944 2388 5025 respondere
2410 4943 2655 5005 valeam
2696 4943 2987 5025 expedite
3031 4953 3222 5024 atque
3266 4944 3500 5022 sagaci-

2007 5050 2122 5104 ter.
2158 5042 2312 5103 Nam
2366 5050 2429 5103 et
2459 5040 2649 5103 timor
2697 5049 3035 5104 tremorem
3075 5040 3227 5103 facit
3270 5041 3334 5101 in
3363 5059 3499 5104 cor-

2008 5140 2308 5222 pore,qui
2339 5139 2467 5201 cito
2498 5146 2889 5201 monstratur
2920 5138 2983 5199 in
3017 5138 3501 5202 locutione.lm0

2008 5247 2247 5300 tremor
2266 5256 2341 5299 ex
2364 5237 2613 5311 timore,
2634 5244 2729 5299 est
2749 5236 2956 5318 primo
2988 5237 3051 5298 in
3074 5237 3283 5312 corde,
3310 5247 3502 5319 prout

2009 5354 2118 5399 cor
2166 5343 2264 5397 est
2307 5335 2460 5415 quid
2506 5334 2854 5416 corporale,
2889 5336 3063 5415 quod
3100 5334 3333 5397 dicitur
3370 5336 3501 5417 pri-
