4309 6259
630 1837 740 1883 Osee
757 1852 798 1890 x,
815 1842 856 1882 2.

597 2637 663 2681 1⁸.
678 2652 772 2689 ινιι,
789 2640 857 2683 20.

620 3719 716 3762 Jer.
735 3732 793 3770 ix,
811 3720 851 3762 8.

605 4102 743 4149 Prw.
759 4118 800 4156 n,
811 4108 850 4149 7.

637 5194 778 5251 Apoe.
793 5206 852 5246 m,

589 5260 652 5308 15.
678 5260 744 5301 ¹6.

899 459 1018 523 400
1747 477 2094 524 mannam-10
2135 477 2199 523 m
2241 478 2377 524 car.
2412 476 2473 521 vi
2513 476 2639 524 toa.
2685 495 2765 507 —
2805 477 2947 523 aar.
2995 478 3145 524 xvm

893 650 1310 727 derelinquit.
1335 646 1461 709 Hoc
1491 648 1570 709 de
1598 647 1772 710 omni
1805 648 2092 730 proximo
2115 646 2387 727 intelligi
2418 651 2466 712 A
2495 646 2680 726 gidus
2715 672 2730 724 3
2782 655 2845 709 et
2896 666 3069 709 nunc
3116 647 3265 728 quia
3312 646 3561 729 tepidus
3608 666 3699 725 eS,
3754 646 3969 729 incipi-

893 754 1113 827 potest.
1135 745 1396 808 Omnem
1429 746 1664 808 etenim
1695 746 2053 828 proximum
2084 755 2387 827 tanquam
2494 764 2596 806 am
2648 754 2708 807 te
2767 764 3060 808 evomere
3105 765 3182 809 ex
3227 764 3335 809 ore
3391 765 3553 809 me0.
3604 746 3817 821 Porro,
3866 765 3969 828 per

891 844 1169 906 amicum
1219 852 1282 905 et
1332 842 1616 920 fratrem,
1668 844 1795 907 imo
1843 846 2009 907 sicut
2050 864 2167 907 nos
2214 845 2387 926 ipsos
2497 843 2677 920 Saba,
2722 845 2891 923 quod
2933 842 3382 926 interpretatur
3420 852 3571 921 rete,
3615 843 3969 925 significan-

890 960 1105 1004 amare
1159 949 1472 1017 tenemur,
1535 942 1723 1023 eique
1775 942 2071 1004 auxiliari
2130 944 2387 1023 quando
2497 950 2600 1003 tur
2646 941 2872 1018 dolosi,
2916 942 3028 1023 qui
3074 942 3219 1004 aliis
3268 942 3712 1026 deceptionum
3759 943 3969 1006 modos

892 1040 1053 1102 ratio
1082 1040 1300 1116 dictat,
1333 1041 1486 1101 dum
1527 1040 1770 1103 scilicet
1811 1040 2010 1118 locuS,
2045 1050 2297 1122 tempus
2325 1048 2390 1103 et
2494 1041 2844 1103 extendunt
2906 1050 2969 1103 et
3034 1040 3386 1104 moliuntur
3450 1040 3747 1117 insidiaS‚
3804 1042 3971 1123 capi-

891 1157 1080 1199 causa
1130 1139 1466 1220 requirunt
1501 1157 1514 1200 :
1548 1140 1719 1220 quod
1767 1140 1879 1220 qui
1927 1140 2188 1217 omittit,
2231 1158 2387 1221 prae-
2496 1147 2738 1219 untque
2768 1138 2932 1202 intra
2964 1149 3094 1201 rete
3124 1159 3253 1202 suae
3283 1140 3574 1204 versutiae
3610 1140 3971 1203 innocentes

891 1245 1146 1318 ceptum
1175 1237 1460 1299 caritatis
1489 1238 1967 1317 transgreditur,
1983 1256 2110 1300 non
2143 1237 2384 1300 faciens
2494 1257 2568 1300 ac
2614 1238 2960 1321 simplices.
3001 1239 3229 1301 Contra
3268 1258 3428 1320 quos
3473 1239 3662 1301 Isaias
3699 1238 3968 1299 asserit:

889 1335 1072 1398 alteri
1103 1336 1268 1398 sicut
1295 1336 1488 1399 vellet
1520 1335 1666 1398 fieri
1696 1336 1842 1397 sibi.
2494 1335 2902 1399 Fraudulenti
2932 1356 3082 1399 vasa
3117 1336 3393 1418 pessima
3429 1346 3600 1398 sunt.
3632 1336 3769 1418 lpse
3804 1335 3971 1397 enim
4004 1361 4214 1405 amns.
4249 1354 4250 1399 ῑ

969 1437 1233 1495 Fratres
1264 1438 1388 1494 mei
1418 1438 1879 1514 praeterierunt
1917 1456 2038 1505 me,
2069 1454 2198 1497 non
2237 1452 2387 1497 con-
2494 1434 2908 1515 cogitationes
2936 1436 3347 1499 concinnabit
3366 1436 3445 1497 ad
3478 1435 3830 1517 perdendos
3858 1433 3973 1495 mi-

890 1532 1165 1595 dolendo
1221 1542 1332 1594 aut
1387 1534 1836 1596 succurrendo
1906 1538 2205 1611 Tempore
2260 1554 2383 1614 quo
2494 1542 2587 1596 tes
2631 1534 2699 1595 in
2737 1552 3027 1597 sermone
3077 1534 3414 1597 mendacii.
3458 1534 3535 1595 Et
3573 1533 3639 1594 in
3679 1532 3965 1594 Psalmo:

887 1633 1146 1708 fuerint
1184 1634 1516 1709 dissipati,
1548 1631 1611 1694 id
1651 1640 1747 1694 est
1784 1640 2044 1713 peccato
2073 1630 2380 1713 corrupti,
2494 1632 2715 1694 Virum
2770 1632 3153 1712 sanguinum
3207 1640 3271 1695 et
3314 1633 3604 1695 dolosum
3652 1630 3972 1693 abomina-
4006 1648 4075 1690 Ρ..
4092 1663 4127 1691 v.
4148 1651 4178 1688 τ.
4249 1666 4250 1711 3

889 1730 1078 1792 corde
1120 1730 1334 1808 divisi,
1377 1730 1459 1792 ab
1509 1730 1869 1810 integritate
1910 1730 2216 1792 virtutum
2256 1728 2386 1792 col·
2494 1729 2667 1792 bitur
2703 1730 3027 1793 Dominus.
3062 1731 3242 1793 Tales
3284 1732 3468 1794 docet
3506 1729 3800 1793 Salomon
3836 1748 3971 1791 esse

889 1826 1074 1909 lapsi,
1087 1831 1721 1911 peribuntperpetuo
1748 1847 1760 1890 :
1786 1830 1966 1910 juxta
1995 1828 2058 1890 id
2086 1826 2262 1904 Osee,
2286 1827 2385 1889 Di·
2422 1838 2466 1898 Β
2494 1828 2785 1892 vitandos
2831 1846 2844 1890 :
2896 1828 3039 1907 Fili,
3099 1828 3418 1911 inquienS,
3478 1828 3533 1890 si
3591 1836 3651 1891 te
3707 1828 3971 1891 lactave—
4008 1846 4213 1891 rmum.

887 1925 1097 1988 visum
1137 1935 1233 1989 est
1272 1945 1380 1989 cor
1418 1946 1659 2005 eorum,
1699 1947 1867 1989 nunc
1899 1926 2251 1989 interibunt
2277 1944 2292 2005 ;
2323 1936 2383 1986 et
2496 1928 2623 1990 rint
2652 1936 3035 2009 peccatoreS,
3068 1947 3150 1991 ne
3176 1928 3543 2009 acquiescas
3572 1928 3688 1990 eiS.
3714 1928 3776 1990 Si
3804 1927 3971 1989 dixe-
3996 1912 4055 1958 ¹¹·
4076 1912 4131 1950 ¹⁵·
4249 1918 4250 1929 ¹

889 2035 961 2085 ut
1010 2027 1432 2097 incaluerint,
1474 2025 1722 2089 fervore
1770 2026 2161 2109 passionum,
2209 2025 2383 2088 vide-
2494 2025 2818 2103 rint,Veni
2854 2026 3213 2103 nobiscum,
3250 2026 3626 2089 insidiemur
3654 2025 3965 2107 sanguini,

889 2124 1039 2187 licet
1084 2124 1216 2201 irae,
1267 2125 1702 2207 impatientiae,
1755 2124 2212 2205 indignationis
2268 2143 2379 2186 seu
2492 2124 2955 2187 abscondamus
2993 2125 3347 2187 tendiculas
3392 2134 3611 2187 contra
3660 2125 3969 2187 insontem

887 2224 1440 2306 concupiscentiae,
1471 2229 1800 2285 solventur
1843 2228 1923 2284 de
1971 2228 2099 2285 loco
2144 2244 2286 2293 suo,
2316 2223 2377 2285 id
2495 2222 2765 2303 frustra3
2797 2244 2878 2287 ne
2908 2223 3198 2287 ambules
3226 2244 3371 2287 cum
3402 2225 3518 2287 eiS.
3541 2226 3773 2288 Horum
3802 2226 3971 2287 dam-

885 2329 1002 2397 est‚
1040 2322 1347 2403 impetum
1379 2322 1692 2405 passionis
1722 2331 2091 2405 sequentur,
2118 2341 2236 2385 nec
2265 2329 2381 2383 sta-
2493 2322 2813 2386 nationem
2846 2323 3228 2401 videbimuS,
3261 2322 3314 2385 si
3348 2324 3681 2404 paululum
3722 2332 3973 2405 praesto-

887 2420 1049 2482 biles
1079 2429 1267 2482 erunt
1298 2420 1363 2482 in
1392 2422 1658 2498 ratione,
1702 2421 1768 2483 in
1797 2440 1923 2503 qua
1963 2421 2153 2483 homo
2193 2420 2379 2483 debet
2492 2420 2717 2483 lemur.

887 2518 1071 2599 quasi
1103 2519 1168 2581 in
1199 2519 1337 2582 loco
1365 2519 1716 2601 quiescere.
1741 2520 1916 2581 Unde
1947 2519 2254 2601 scriptum
2284 2526 2381 2581 est
2575 2522 2697 2581 Con
2704 2522 2844 2599 fusi
2870 2530 3035 2587 sunt.
3054 2523 3213 2600 quia
3240 2522 3511 2597 speravi.
3538 2521 3693 2582 Dum
3723 2519 3971 2602 reprobi

886 2616 953 2678 in
993 2616 1148 2679 lsaia
1182 2636 1195 2680 :
1231 2618 1414 2699 lmpii
1453 2618 1635 2699 quasi
1674 2636 1846 2679 mare
1887 2617 2164 2695 fervens,
2206 2618 2378 2699 quod
2490 2626 2552 2679 et
2590 2618 2872 2699 perversi
2910 2618 3111 2681 bonos
3151 2618 3426 2695 turbare,
3458 2638 3495 2680 a
3536 2619 3637 2683 via
3666 2618 3971 2682 virtutum

884 2717 1212 2797 quiescere
1241 2736 1369 2779 non
1408 2724 1636 2798 potest.
1668 2720 1988 2779 Involutoe
2013 2727 2167 2778 sunt
2192 2720 2379 2777 semi·
2490 2716 2829 2794 retrahere,
2880 2716 2961 2778 ab
3018 2716 3215 2779 animi
3263 2717 3617 2779 constantia
3666 2716 3971 2800 impedire

887 2826 964 2877 tae
985 2836 1324 2893 qressuum
1352 2836 1593 2876 eorum.
1619 2816 1746 2878 Hoc
1775 2815 2073 2877 omnibus
2103 2815 2375 2877 versutis
2490 2815 2802 2891 nituntur,
2836 2815 3288 2891 exhilarantur,
3314 2815 3367 2876 si
3398 2816 3567 2896 quod
3597 2815 3967 2891 moliuntur,

882 2922 946 2976 et
983 2913 1254 2990 callidis,
1296 2913 1683 2996 duplicibuS,
1717 2913 2152 2976 adulatoribus
2192 2933 2265 2975 ac
2294 2914 2377 2975 si-
2488 2913 2568 2975 ad
2606 2911 2916 2975 effectum
2963 2914 3316 2996 perducunt
3352 2930 3365 2975 ε
3406 2914 3583 2994 juxta
3624 2914 3686 2975 id
3725 2913 3974 2976 Psalmi-

882 3011 1300 3074 mulatoribus
1332 3012 1655 3093 competit,
1680 3012 1792 3093 qui
1824 3012 1974 3074 dum
2005 3011 2181 3073 aliud
2209 3030 2377 3073 men·
2412 3012 2457 3077 C
2487 3018 2620 3085 stae,
2654 3007 2769 3082 Qui
2810 3010 3118 3072 tribulant
3148 3029 3271 3087 me,
3304 3009 3713 3073 exsultabunt
3748 3010 3802 3071 si
3840 3028 3974 3073 mo-
4024 3035 4160 3076 rma
4180 3036 4209 3073 5.

883 3118 945 3171 te
976 3109 1335 3185 intendunt,
1369 3110 1543 3172 aliud
1575 3110 1788 3174 verbis
1818 3109 2144 3173 actibusve
2175 3118 2377 3172 osten-
2489 3117 2589 3169 'tus
2638 3106 2841 3170 suero.
2885 3108 3043 3170 Dum
3092 3127 3243 3171 vero
3289 3108 3434 3189 quis
3482 3116 3611 3170 tota
3658 3116 3867 3171 mente
3904 3108 3971 3170 in

882 3210 1062 3285 dunt,
1099 3208 1402 3272 involutis
1431 3208 1754 3288 gressibus
1791 3209 2170 3289 gradiuntur
2206 3217 2270 3271 et
2308 3229 2375 3271 se
2487 3206 2611 3268 Deo
2650 3203 2943 3283 considit,
2977 3226 3091 3269 nec
3138 3206 3219 3267 ab
3265 3206 3463 3268 animi
3514 3207 3975 3287 tranquillitate

883 3308 1055 3389 ipsos
1083 3326 1118 3368 a
1149 3326 1300 3370 vero
1330 3307 1638 3370 virtutum
1662 3307 1951 3391 prosectu
1979 3308 2369 3390 impediunt:
2486 3303 2805 3385 dejicitur,
2848 3304 3329 3368 confunduntur
3367 3314 3669 3386 tanquam
3712 3324 3823 3387 spe
3860 3323 3973 3367 sua

885 3406 1012 3468 imo
1042 3405 1240 3467 instar
1268 3406 1481 3468 cancri
1513 3406 2071 3485 retrogrediuntur,
2099 3406 2165 3467 in
2196 3414 2377 3469 tarta-
2488 3401 2797 3464 frustrati.
2834 3406 3153 3464 Venerunt
3200 3424 3450 3483 quoque
3488 3424 3687 3481 usque
3725 3406 3814 3463 ad
3850 3424 3971 3473 me,

885 3523 1155 3585 rumque
1186 3503 1510 3567 labuntur.
1535 3504 1795 3587 Propter
1826 3506 1996 3585 quod
2027 3505 2325 3567 subditur
2356 3523 2368 3567 ε
2460 3512 2543 3583 ,ει
2579 3505 2833 3579 pudore
2869 3505 3147 3579 cooperti
3184 3512 3358 3563 sunt.
3410 3502 3537 3565 Hoc
3591 3500 3655 3563 in
3704 3520 3973 3583 persona

881 3605 1331 3663 Ambulabunt
1370 3605 1442 3664 in
1487 3622 1786 3674 vaenum,
1827 3613 1886 3662 et
1917 3605 2246 3680 peribunt.
2290 3604 2375 3665 De
2486 3599 2827 3681 cujuslibet
2852 3598 3007 3681 justi
3038 3598 3383 3681 profertur,
3414 3618 3602 3680 quem
3640 3599 3847 3680 iniqui
3876 3618 3977 3679 ag-

883 3699 1116 3761 talibus
1160 3699 1461 3763 Ieremias
1509 3700 1756 3762 inducit
1805 3718 1818 3761 :
1871 3700 2108 3780 Sagitta
2154 3702 2377 3763 vulne·
2484 3697 2686 3777 gressi
2734 3698 3101 3760 subvertere
3149 3697 3595 3778 nequiverunt,
3647 3698 3790 3760 ideo
3834 3716 3976 3759 eru-—

883 3816 1051 3876 ranS,
1076 3798 1292 3878 lingua
1321 3817 1576 3873 eorum3
1612 3798 1676 3859 in
1706 3817 1815 3861 ore
1844 3816 1958 3860 suo
1987 3817 2207 3879 pacem
2229 3816 2375 3860 cum
2486 3796 2775 3859 bescunt.

880 3897 1087 3960 amico
1115 3916 1230 3960 suo
1262 3897 1568 3979 loquitur,
1601 3906 1662 3959 et
1691 3897 1936 3959 occulte
1966 3895 2146 3978 ponit
2182 3895 2243 3958 ei
2282 3896 2377 3957 in-
2587 3897 2782 3956 Nunc
2828 3896 3117 3963 venistis,
3162 3904 3221 3954 et
3268 3898 3451 3954 modo
3499 3897 3789 3955 videntes
3832 3898 3978 3973 pla-

881 3995 1098 4057 sidiaS.
1132 3995 1306 4057 Recti
1340 4012 1490 4074 ergo
1519 4004 1584 4057 et
1613 3994 1788 4077 plani
1818 3994 1946 4056 sint
1971 4011 2226 4074 gressus
2266 4012 2377 4056 no-
2478 4013 2633 4069 qam
2665 4014 2871 4053 meam
2901 3993 3158 4053 timetis.
3192 3991 3441 4067 Vitiosi,
3476 3991 3587 4073 qui
3619 3992 3816 4054 Deum
3849 4012 3975 4055 non

881 4094 1019 4169 stri,
1046 4093 1350 4174 quoniam
1381 4093 1690 4174 scriptum
1720 4101 1815 4154 est
1851 4110 1864 4155 ε
1898 4094 2060 4154 Deus
2089 4098 2377 4173 proteget
2484 4098 2719 4167 amant,
2756 4108 2965 4171 neque
2996 4090 3060 4150 in
3101 4089 3421 4172 prosperis
3460 4109 3608 4153 eum
3649 4100 3971 4169 verentur,

879 4192 1240 4271 gradientes
1271 4191 1673 4273 simpliciter.
2406 4190 2457 4253 D
2488 4189 2856 4270 frequenter
2913 4188 3189 4269 quodam
3246 4187 3463 4251 servili
3522 4190 3976 4251 concutiuntur

964 4292 1374 4351 Considerate
1391 4292 1652 4350 semitas
1678 4291 2242 4359 Theman,itinera
2264 4292 2377 4350 Sa·
2487 4288 2732 4363 timore,
2775 4288 2925 4349 dum
2975 4286 3279 4367 aliquem,
3324 4287 3674 4369 praesertim
3715 4306 3977 4350 suorum

880 4390 981 4458 ba,
1033 4398 1092 4447 et
1130 4396 1480 4465 exspectate
1511 4389 1870 4465 paulisper.
1914 4388 2027 4449 Per
2066 4387 2368 4461 Theman,
2484 4385 2991 4469 propinquorum
3056 4404 3172 4447 seu
3228 4386 3573 4447 amicorum
3632 4386 3973 4466 justorum,

880 4486 1052 4565 quod
1104 4486 1563 4568 interpretatur
1613 4487 1860 4563 Auster,
1914 4486 2024 4567 qui
2080 4485 2375 4548 dissolvit
2482 4484 2760 4548 viderint
2782 4484 3177 4547 horribiliter
3206 4484 3975 4566 plagatum‚molestatum

878 4582 1106 4646 afflata
1157 4583 1482 4666 teporibus
1541 4584 1846 4662 membra,
1897 4585 2097 4647 animi
2155 4584 2377 4645 remis·
2482 4592 2592 4645 aut
2619 4600 2893 4645 caesum:
2931 4601 3090 4663 quos
3119 4582 3331 4664 justus
3372 4582 3470 4645 vir
3510 4582 3854 4645 tribulatus
3884 4603 3978 4646 re—

881 4682 976 4743 sio
1024 4681 1411 4762 designatur.
1454 4683 1670 4763 ltaque
1709 4682 2183 4745 considerandas
2226 4689 2374 4743 sunt
2483 4680 2753 4760 darguit‚
2808 4680 2977 4761 quod
3035 4698 3162 4742 non
3224 4680 3289 4742 in
3340 4682 3661 4762 prosperis
3720 4700 3977 4763 quoque

880 4780 1122 4843 semitae
1169 4780 1472 4857 Theman,
1517 4779 1582 4841 id
1621 4787 1717 4842 est
1760 4789 1938 4842 actus
1980 4780 2243 4842 remisse
2282 4778 2375 4841 vi—
2480 4780 2676 4841 Deum
2720 4778 3090 4854 formidant,
3145 4797 3262 4841 nec
3310 4797 3455 4840 eum
3502 4798 3579 4841 ex
3627 4780 3855 4842 timore
3904 4780 3978 4842 fi-

881 4878 1313 4960 ventium,qui
1334 4879 1460 4940 Deo
1491 4878 1882 4957 negligenter
1913 4879 2201 4941 serviunt
2228 4898 2373 4942 cum
2483 4877 2715 4939 lialiter
2771 4876 3020 4939 timent.
3075 4879 3419 4957 Numquid
3464 4880 3617 4938 dia-i
3664 4900 3687 4938 .·
3734 4882 3977 4957 Afferte

879 4986 1137 5061 tepore3
1193 4986 1260 5039 ut
1312 4976 1545 5056 agnitis
1604 4994 1823 5039 eorum
1881 4977 2235 5058 dispendiis
2284 4986 2374 5039 at-
2486 4979 2663 5046 milei,
2682 4987 2739 5037 et
2765 4980 2842 5036 de
2869 4978 3231 5036 substantia
3264 4986 3473 5037 vestra
3504 4980 3738 5037 donate
3770 4980 3977 5039 mihi?

882 5096 1006 5159 que
1065 5075 1389 5159 periculiS,
1443 5074 1708 5138 Domino
1765 5074 2010 5139 fervide
2065 5076 2375 5158 obsequa-
2484 5073 2843 5138 Substantia
2880 5073 3248 5156 impiorum,
3279 5075 3597 5137 mundana
3628 5084 3821 5156 atque
3850 5096 3979 5139 car-

883 5196 1047 5252 mur,
1081 5182 1418 5258 pensantes
1460 5175 1628 5255 quod
1669 5174 1953 5255 loquitur
1987 5175 2146 5237 Deus
2184 5192 2197 5237 ε
2232 5174 2373 5237 Scio
2484 5173 2645 5235 nalis
2692 5173 3027 5255 prudentia
3070 5172 3306 5235 dicitur
3340 5189 3353 5235 ε
3387 5192 3581 5255 quam
3619 5174 3852 5254 justus,
3894 5175 3977 5238 ab

881 5260 1072 5358 opera
1103 5283 1231 5350 tua,
1267 5272 1417 5355 quia
1457 5290 1575 5335 nec
1612 5272 1854 5336 calidus
1894 5293 1982 5350 eS,
2017 5292 2226 5355 neque
2262 5272 2375 5335 fri-
2484 5272 2576 5335 eis
2606 5288 2733 5335 non
2764 5272 2943 5353 petit,
2978 5272 3087 5334 sed
3114 5278 3511 5353 aspernatur,
3545 5290 3662 5335 nec
3692 5291 3806 5355 per
3834 5292 3977 5337 eam
