4309 6259
1422 1025 2326 1138 PROOEMIUM

1700 1305 2068 1318 ——-

578 1753 789 1813 terroe,
822 1742 1140 1818 definiens
1166 1750 1411 1802 statuta
1443 1751 1727 1818 tempora
1754 1749 1813 1800 ec
1847 1741 2150 1800 terminos
2172 1739 2595 1799 habitacionis
2623 1759 2866 1800 eorum.
2891 1738 3027 1801 Aet.
3052 1754 3200 1815 xvn,
3224 1737 3324 1800 26.

690 1850 951 1914 Creator
980 1849 1409 1932 omnipotenS,
1442 1849 1629 1932 cujus
1660 1847 1989 1930 sapientiae
2026 1865 2153 1910 non
2188 1855 2285 1909 est
2326 1846 2480 1909 sinis
2516 1856 2624 1910 aut
2654 1865 2976 1924 numeruS,
3012 1847 3124 1930 qui
3155 1848 3234 1910 ad
3266 1846 3417 1909 ima·
3480 1856 3704 1906 Pmcxuv.

324 1958 535 2039 ginem
589 1967 657 2022 et
706 1957 1199 2020 similitudinem
1260 1976 1439 2019 suam
1500 1956 1785 2019 condidit
1840 1954 2189 2031 hominem,
2245 1954 2310 2016 in
2370 1955 2491 2018 hoc
2547 1973 2806 2035 quoque
2853 1954 3231 2020 assimilavit
3291 1954 3415 2017 sibi
3445 1921 3708 2033 ῗεῗζέὲζὲτ
3742 2018 3748 2024 ,

324 2067 643 2142 eumdem,
698 2066 872 2148 quod
924 2065 1089 2129 sicut
1139 2073 1269 2128 tota
1313 2064 1697 2127 universitas
1746 2072 2052 2127 creaturae
2098 2061 2179 2125 ab
2228 2080 2356 2125 uno
2406 2061 2644 2144 prodiit
2686 2062 2998 2140 Creatorc,
3050 2063 3142 2126 sic
3189 2071 3418 2126 cuncta

322 2173 659 2237 hominum
700 2173 1048 2236 multitudo
1088 2171 1169 2234 ab
1213 2191 1344 2235 uno
1392 2170 1675 2236 manavit
1716 2178 1979 2252 parente
2026 2169 2308 2246 homine,
2355 2168 2600 2232 scilicet
2644 2168 3056 2250 protoplasto,
3105 2169 3184 2232 de
3230 2169 3415 2251 cujus

324 2289 497 2343 costa
526 2279 805 2344 formata
834 2287 933 2343 est
962 2279 1195 2343 mulier
1224 2279 1432 2362 prima
1468 2297 1483 2342 ε
1515 2279 1688 2361 quod
1717 2278 1911 2341 etiam
1944 2286 2205 2360 propter
2232 2276 2565 2358 mysticam
2599 2275 2839 2339 factum
2871 2285 2967 2340 est
2997 2275 3416 2357 significatio-
3457 2289 3708 2341 mamm,

324 2407 469 2452 nem
514 2388 1067 2465 sacramentalem,
1104 2396 1297 2471 atque
1326 2386 1410 2451 ob
1439 2387 1504 2450 id
1536 2396 1607 2449 ut
1636 2387 1802 2450 inter
1846 2386 2140 2450 homines
2186 2385 2390 2467 major
2432 2385 2739 2448 consistat
2769 2384 3050 2448 caritatis
3079 2383 3413 2460 connexio,
3444 2355 3513 2397 23·

326 2486 747 2576 firmitasque
761 2494 1139 2558 concordiae.
1168 2495 1313 2558 Ideo
1341 2493 1822 2577 quartodecimo
1854 2494 1932 2556 de
1960 2493 2228 2557 Civitate
2259 2492 2390 2569 Dei,
2418 2492 2699 2575 capitulo
2729 2491 3096 2574 1,10quitur
3125 2490 3422 2572 Augusti-

325 2622 445 2664 nus
480 2603 625 2665 :Ad
674 2602 1029 2664 humanum
1078 2621 1280 2683 genus
1326 2620 1454 2665 non
1505 2602 1711 2664 solum
1764 2609 2005 2664 naturae
2056 2599 2480 2662 similitudine
2527 2599 2921 2676 sociandum,
2957 2617 3177 2663 verum
3229 2587 3420 2662 etiam

326 2712 603 2793 quadam
632 2711 1033 2792 cognationis
1077 2710 1549 2774 necessitudine
1583 2710 1649 2772 in
1692 2710 2000 2773 unitatem
2040 2709 2421 2773 concordem
2466 2708 2642 2790 pacis
2673 2707 2933 2771 vinculo
2963 2706 3416 2787 colligandum,

328 2837 401 2882 ex
431 2819 697 2883 homine
725 2837 857 2882 uno
887 2818 1093 2882 voluit
1119 2820 1283 2882 Deus
1315 2818 1649 2882 instituere
1676 2836 1877 2899 genus
1910 2818 2286 2881 humanum.

430 2927 739 3001 Quamvis
766 2934 979 2989 autem
1012 2925 1079 2987 in
1108 2925 1336 2988 Genesi
1369 2924 1621 3008 plenius
1652 2924 2064 3001 describatur,
2084 2923 2360 3005 qualiter
2393 2922 2631 2986 sactum
2662 2923 2745 2985 sit
2775 2922 2964 3000 istud,
2987 2930 3196 2984 tamen
3229 2921 3420 2984 etiam
3457 2935 3460 2940 ·

326 3037 391 3099 in
424 3035 757 3100 volumine
796 3035 919 3098 isto
950 3034 1071 3098 hoc
1114 3034 1326 3116 ipsum
1371 3041 1781 3096 monstratur.
1818 3032 2091 3096 Vocatur
2132 3031 2376 3114 quippe
2422 3031 2528 3094 hic
2572 3030 2733 3095 liber
2766 3030 3312 3112 Paralipomenon.
3344 3030 3423 3092 Et

324 3153 395 3205 ut
422 3153 602 3207 sexto
631 3142 1173 3226 Etymologiarum
1205 3141 1295 3204 ait
1324 3141 1615 3218 Isidorus,
1641 3142 1855 3205 Graece
1882 3143 2396 3225 παραλειπομένων,
2425 3139 2878 3220 interpretatur
2905 3137 3148 3214 Latine,
3174 3145 3424 3218 praeter-

326 3252 670 3315 missorum
701 3259 811 3313 aut
843 3249 1317 3314 derelictorum.
1351 3249 1532 3313 Circa
1565 3249 1733 3330 quod
1768 3247 1989 3312 scribit
2027 3247 2330 3328 magister
2362 3247 2560 3310 Adam
2596 3245 2968 3311 Parisiensis
2997 3262 3011 3307 ε
3051 3249 3418 3330 Παραλείπω,

328 3359 593 3422 verbum
636 3377 915 3440 graecum
959 3365 1076 3435 est,
1112 3356 1491 3436 significans
1540 3356 1711 3419 idem
1756 3355 1951 3437 quod,
1997 3354 2293 3437 relinquo
2334 3363 2442 3416 aut
2482 3353 2920 3436 praetermitto.
2958 3353 3034 3414 Et
3073 3352 3424 3414 secundum

324 3465 709 3547 Ugutionem
743 3465 979 3528 dicitur
1010 3465 1117 3527 ἀπὸ
1148 3477 1247 3528 τοῦ
1279 3467 1449 3549 παρά,
1483 3464 1655 3546 quod
1696 3471 1791 3525 est
1829 3469 2077 3544 praeter,
2118 3470 2182 3524 et
2223 3465 2402 3532 εἴπαις,
2439 3461 2610 3542 quod
2645 3468 2742 3523 est
2776 3459 3104 3542 supplenS,
3141 3465 3201 3521 et
3240 3463 3419 3539 μήνη,

328 3574 499 3656 quod
530 3582 629 3636 est
658 3572 971 3650 desectuS,
995 3573 1181 3655 quasi
1211 3572 1783 3655 praetermissorum
1814 3570 2119 3652 supplens
2151 3568 2468 3633 desectum
2498 3586 2511 3631 :
2548 3568 2852 3650 quoniam
2883 3587 2956 3630 ea
2986 3586 3130 3648 quae
3161 3565 3228 3628 in
3258 3565 3422 3646 lege,

328 3689 391 3743 et
416 3681 775 3764 praesertim
802 3699 946 3762 quae
972 3680 1037 3743 in
1063 3680 1247 3743 libris
1269 3680 1508 3760 Regum
1535 3679 1770 3742 omissa
1799 3686 1966 3755 sunt,
1990 3677 2089 3742 vel
2117 3696 2246 3741 non
2274 3677 2462 3759 plene
2488 3676 2705 3753 relata,
2727 3673 3092 3738 summatim
3123 3693 3195 3738 ac
3227 3672 3428 3737 brevi·

330 3795 423 3852 ter
455 3788 525 3850 in
566 3789 691 3851 isto
730 3788 1176 3870 exprimuntur
1206 3786 1553 3851 volumine.
1581 3786 1840 3868 Propter
1868 3785 2062 3867 quod,
2090 3784 2440 3847 secundum
2471 3785 2946 3865 Hieronymum,
2973 3782 3134 3844 liber
3164 3781 3270 3844 hic
3300 3780 3425 3843 dici

329 3904 561 3978 potest,
592 3902 855 3980 χρονικόν
886 3895 1081 3958 totius
1113 3913 1307 3958 sacrae
1346 3893 1707 3976 Scripturae,
1740 3893 1819 3955 ad
1851 3894 2037 3974 cujus
2080 3891 2475 3954 intellectum
2515 3890 2768 3972 plenius
2811 3889 3228 3952 obtinendum
3271 3906 3429 3969 prae-

328 4005 519 4087 cipue
563 4003 837 4068 confert.
880 4003 1039 4066 Hinc
1084 4022 1303 4065 rursus
1349 4002 1574 4065 scribit
1615 4001 1675 4063 S.
1729 4001 2147 4084 Hieronymus
2195 4000 2261 4062 in
2309 3998 2578 4081 epistola
2617 3998 2698 4060 ad
2746 3997 3100 4074 Paulinum,
3136 4015 3280 4079 quae
3332 4001 3428 4059 cst

332 4113 635 4195 prologus
674 4111 872 4175 totius
912 4111 1253 4194 Scripturae
1296 4109 1531 4173 divinae
1567 4127 1581 4172 t
1615 4109 2142 4191 Paralipomenon
2176 4107 2360 4184 liber,
2402 4106 2812 4169 instrumenti
2841 4105 3075 4167 veteris
3125 4103 3424 4186 epitome,

330 4228 547 4282 tantus
576 4239 650 4282 ac
683 4218 829 4282 talis
861 4226 978 4296 est,
1004 4226 1076 4280 ut
1102 4216 1345 4298 absque
1376 4217 1505 4294 illo,
1533 4217 1587 4278 si
1617 4216 1763 4297 quis
1796 4215 2127 4278 scientiam
2159 4213 2628 4296 Scripturarum
2661 4211 2785 4274 sibi
2817 4211 3091 4276 voluerit
3111 4229 3424 4291 arrogare,

332 4347 399 4389 se
440 4328 649 4410 ipsum
694 4325 977 4390 irrideat.
1013 4325 1202 4389 Porro
1243 4330 1482 4406 ἑπιτομή
1525 4323 1759 4387 dicitur
1794 4321 2189 4386 abbreviatio
2227 4319 2562 4398 sermoniS,
2598 4320 2678 4382 ab
2716 4324 2828 4392 ἐπί,
2868 4319 3036 4401 quod
3077 4327 3174 4382 est
3211 4338 3426 4402 supra,

332 4443 395 4496 et
422 4439 597 4515 τομή,
632 4434 807 4516 quod
838 4440 934 4496 est
964 4431 1161 4495 sectio
1194 4431 1329 4496 sive
1361 4430 1615 4506 divisi0‚
1649 4430 1834 4512 quasi
1870 4428 2162 4512 praecisio
2197 4427 2720 4509 abbreviatioque
2756 4426 3092 4504 sermoniS‚
3126 4426 3432 4508 quoniam

334 4542 790 4622 compendiose
832 4539 1075 4620 colligit
1125 4538 1571 4621 praetermissa.
1606 4537 1847 4618 Itaque,
1886 4536 2049 4599 liber
2095 4535 2622 4618 Paralipomenon
2669 4534 2980 4597 exsistens
3025 4534 3324 4616 epitome,
3369 4534 3434 4596 id

336 4655 433 4709 cst
461 4645 859 4711 abbreviatio
890 4645 1122 4710 veteris
1156 4643 1587 4720 Instrumenti,
1623 4642 1688 4706 id
1730 4651 1827 4706 est
1873 4643 2107 4707 veteris
2151 4641 2556 4718 Testamenti,
2591 4641 2762 4722 quod
2795 4640 3028 4704 dicitur
3059 4641 3436 4703 instrumen-

341 4762 501 4830 tum,
546 4755 644 4818 vel
690 4753 996 4836 quoniam
1047 4753 1307 4816 instruit
1355 4753 1423 4814 in
1475 4750 1608 4815 side
1656 4758 1721 4814 et
1763 4749 2072 4826 moribu8‚
2127 4749 2228 4814 vel
2284 4749 2438 4831 quia
2487 4749 2728 4811 utimur
2775 4767 2851 4812 eo
2898 4749 2976 4811 ad
3028 4748 3176 4812 novi
3225 4748 3437 4811 Testa-

340 4861 542 4923 menti
570 4861 1037 4944 probationem,
1072 4868 1169 4924 est
1197 4868 1408 4923 'tantus
1440 4879 1513 4923 ac
1544 4859 1713 4936 talis,
1741 4858 1803 4921 id
1833 4866 1931 4921 est
1963 4867 2087 4920 tam
2119 4857 2548 4920 sententiosus
2578 4864 2640 4919 et
2670 4856 2868 4930 utilis,
2908 4857 3079 4937 quod
3126 4875 3194 4918 se
3225 4855 3434 4937 ipsum

340 4968 630 5050 decipiat,
657 4969 709 5032 si
740 4969 888 5050 quis
920 4967 1195 5032 voluerit
1224 4967 1347 5030 sibi
1389 4984 1704 5048 arrogare,
1740 4965 1805 5028 id
1853 4973 1949 5028 est
1990 4964 2264 5047 superbe
2300 4963 2669 5042 attribuere,
2703 4963 3036 5027 scientiam
3084 4962 3439 5044 Scriptura-

344 5093 491 5138 rum
523 5075 756 5159 absque
788 5075 923 5152 illo,
960 5075 1027 5137 id
1053 5082 1151 5139 est
1181 5074 1321 5138 sine
1352 5073 1682 5136 intellectu
1713 5071 1865 5134 libri
1895 5072 2094 5134 illius,

466 5183 769 5266 Denique,
813 5181 1178 5265 specialiter
1228 5181 1297 5243 in
1344 5179 1593 5244 duobus
1642 5178 2170 5262 Paralipomenon
2217 5177 2397 5240 libris
2439 5177 2818 5260 supplentur
2865 5196 2939 5239 ac
2987 5177 3438 5239 describuntur

343 5308 443 5365 ea,
479 5309 619 5370 quae
664 5291 729 5353 in
770 5290 955 5353 libris
986 5291 1228 5371 Regum
1259 5288 1497 5353 omissa
1525 5286 1787 5350 fuerunt
1825 5288 1905 5350 de
1934 5286 2154 5364 David,
2190 5285 2546 5362 Salomone,
2581 5282 3182 5364 successoribusque
3214 5302 3433 5347 eorum

322 1631 539 1904 D
558 1636 735 1697 EUS
772 1634 929 1711 fecit
971 1654 1053 1694 exn
1091 1654 1221 1695 uno
1270 1655 1457 1696 omne
1488 1653 1691 1712 yenu-s·
1729 1634 2067 1695 hominum
2107 1634 2477 1694 inhabitare
2521 1652 2713 1710 super
2762 1634 3134 1693 universam
3180 1635 3416 1713 faciem
