<?xml version="1.0" encoding="UTF-8"?>
<!DOCTYPE html PUBLIC "-//W3C//DTD XHTML 1.0 Transitional//EN"
    "http://www.w3.org/TR/xhtml1/DTD/xhtml1-transitional.dtd">
<html xmlns="http://www.w3.org/1999/xhtml" xml:lang="en" lang="en">
 <head>
  <title>
</title>
<meta http-equiv="Content-Type" content="text/html;charset=utf-8" />
  <meta name='ocr-system' content='tesseract 3.04.00' />
  <meta name='ocr-capabilities' content='ocr_page ocr_carea ocr_par ocr_line ocrx_word'/>
</head>
<body>
  <div class='ocr_page' id='page_1' title='image "./doctorisecstati06unkngoog_0400.png"; bbox 0 0 4309 6259; ppageno 0'>
   <div class='ocr_carea' id='block_1_1' title="bbox 607 1776 851 1925">
    <p class='ocr_par' dir='ltr' id='par_1_1' title="bbox 607 1776 851 1925">
     <span class='ocr_line' id='line_1_1' title="bbox 607 1776 849 1839; baseline 0 -20"><span class='ocrx_word' id='word_1_1' title='bbox 607 1776 716 1820; x_wconf 73' lang='lat' dir='ltr'>Gen.</span> <span class='ocrx_word' id='word_1_2' title='bbox 735 1790 792 1839; x_wconf 65' lang='grc' dir='ltr'>Ιγ,</span> <span class='ocrx_word' id='word_1_3' title='bbox 810 1780 849 1819; x_wconf 89' lang='grc'>8.</span> 
     </span>
     <span class='ocr_line' id='line_1_2' title="bbox 615 1876 851 1925; baseline -0.004 -7"><span class='ocrx_word' id='word_1_4' title='bbox 615 1876 678 1920; x_wconf 76' lang='lat'>18.</span> <span class='ocrx_word' id='word_1_5' title='bbox 701 1889 794 1925; x_wconf 63' lang='lat' dir='ltr'>nvn,</span> <span class='ocrx_word' id='word_1_6' title='bbox 813 1876 851 1917; x_wconf 81' lang='lat'>1.</span> 
     </span>
    </p>
   </div>
   <div class='ocr_carea' id='block_1_2' title="bbox 601 2269 854 2318">
    <p class='ocr_par' dir='ltr' id='par_1_2' title="bbox 601 2269 854 2318">
     <span class='ocr_line' id='line_1_3' title="bbox 601 2269 854 2318; baseline -0.02 -4"><span class='ocrx_word' id='word_1_7' title='bbox 601 2269 854 2318; x_wconf 63' lang='lat' dir='ltr'>Ezechnm,</span> 
     </span>
    </p>
   </div>
   <div class='ocr_carea' id='block_1_3' title="bbox 603 2564 858 2613">
    <p class='ocr_par' dir='ltr' id='par_1_3' title="bbox 603 2564 858 2613">
     <span class='ocr_line' id='line_1_4' title="bbox 603 2564 858 2613; baseline -0.02 -4"><span class='ocrx_word' id='word_1_8' title='bbox 603 2564 858 2613; x_wconf 77' lang='lat' dir='ltr'>Gen.v11,21-</span> 
     </span>
    </p>
   </div>
   <div class='ocr_carea' id='block_1_4' title="bbox 589 2630 658 2671">
    <p class='ocr_par' dir='ltr' id='par_1_4' title="bbox 589 2630 658 2671">
     <span class='ocr_line' id='line_1_5' title="bbox 589 2630 658 2671; baseline 0 -1"><span class='ocrx_word' id='word_1_9' title='bbox 589 2630 658 2671; x_wconf 77' lang='lat'>2³.</span> 
     </span>
    </p>
   </div>
   <div class='ocr_carea' id='block_1_5' title="bbox 588 2858 854 2965">
    <p class='ocr_par' dir='ltr' id='par_1_5' title="bbox 588 2858 854 2965">
     <span class='ocr_line' id='line_1_6' title="bbox 610 2858 854 2907; baseline -0.008 -6"><span class='ocrx_word' id='word_1_10' title='bbox 610 2858 726 2901; x_wconf 74' lang='lat' dir='ltr'>lbid.</span> <span class='ocrx_word' id='word_1_11' title='bbox 741 2872 854 2907; x_wconf 74' lang='lat' dir='ltr'>xvnn,</span> 
     </span>
     <span class='ocr_line' id='line_1_7' title="bbox 588 2924 657 2965; baseline 0.014 -2"><span class='ocrx_word' id='word_1_12' title='bbox 588 2924 657 2965; x_wconf 79' lang='lat'>25.</span> 
     </span>
    </p>
   </div>
   <div class='ocr_carea' id='block_1_6' title="bbox 589 3244 853 3295">
    <p class='ocr_par' dir='ltr' id='par_1_6' title="bbox 589 3244 853 3295">
     <span class='ocr_line' id='line_1_8' title="bbox 589 3244 853 3295; baseline 0 -8"><span class='ocrx_word' id='word_1_13' title='bbox 589 3244 709 3287; x_wconf 77' lang='lat' dir='ltr'>Ibid.</span> <span class='ocrx_word' id='word_1_14' title='bbox 725 3257 795 3295; x_wconf 81' lang='lat' dir='ltr'>xx,</span> <span class='ocrx_word' id='word_1_15' title='bbox 812 3247 853 3287; x_wconf 73' lang='grc'>4.</span> 
     </span>
    </p>
   </div>
   <div class='ocr_carea' id='block_1_7' title="bbox 590 3640 856 3815">
    <p class='ocr_par' dir='ltr' id='par_1_7' title="bbox 590 3640 856 3815">
     <span class='ocr_line' id='line_1_9' title="bbox 603 3640 856 3687; baseline -0.02 -4"><span class='ocrx_word' id='word_1_16' title='bbox 603 3640 856 3687; x_wconf 59' lang='lat' dir='ltr'>Jeraxxvu,</span> 
     </span>
     <span class='ocr_line' id='line_1_10' title="bbox 591 3704 751 3752; baseline -0.006 -7"><span class='ocrx_word' id='word_1_17' title='bbox 591 3704 721 3745; x_wconf 77' lang='lat' dir='ltr'>¹⁴-2o</span> <span class='ocrx_word' id='word_1_18' title='bbox 739 3714 751 3752; x_wconf 85' lang='lat'><strong>;</strong></span> 
     </span>
     <span class='ocr_line' id='line_1_11' title="bbox 590 3766 826 3815; baseline -0.013 -8"><span class='ocrx_word' id='word_1_19' title='bbox 590 3778 758 3815; x_wconf 77' lang='lat' dir='ltr'>xxxviii,</span> <span class='ocrx_word' id='word_1_20' title='bbox 785 3766 826 3805; x_wconf 75' lang='grc'>6.</span> 
     </span>
    </p>
   </div>
   <div class='ocr_carea' id='block_1_8' title="bbox 588 3843 854 3888">
    <p class='ocr_par' dir='ltr' id='par_1_8' title="bbox 588 3843 854 3888">
     <span class='ocr_line' id='line_1_12' title="bbox 588 3843 854 3888; baseline 0.004 -1"><span class='ocrx_word' id='word_1_21' title='bbox 588 3843 626 3887; x_wconf 89' lang='lat' dir='ltr'>ll</span> <span class='ocrx_word' id='word_1_22' title='bbox 640 3843 854 3888; x_wconf 61' lang='lat' dir='ltr'>uaeas-n.</span> 
     </span>
    </p>
   </div>
   <div class='ocr_carea' id='block_1_9' title="bbox 591 4720 853 4825">
    <p class='ocr_par' dir='ltr' id='par_1_9' title="bbox 591 4720 853 4825">
     <span class='ocr_line' id='line_1_13' title="bbox 591 4720 853 4825; baseline -0.008 -61"><span class='ocrx_word' id='word_1_23' title='bbox 591 4720 754 4825; x_wconf 55' lang='lat' dir='ltr'>¹{letde-</span> <span class='ocrx_word' id='word_1_24' title='bbox 767 4733 853 4772; x_wconf 72' lang='lat' dir='ltr'>vni,</span> 
     </span>
    </p>
   </div>
   <div class='ocr_carea' id='block_1_10' title="bbox 882 476 3105 540">
    <p class='ocr_par' dir='ltr' id='par_1_10' title="bbox 882 476 3105 540">
     <span class='ocr_line' id='line_1_14' title="bbox 882 476 3105 540; baseline -0.001 0"><span class='ocrx_word' id='word_1_25' title='bbox 882 476 1001 540; x_wconf 83' lang='grc'>366</span> <span class='ocrx_word' id='word_1_26' title='bbox 1737 493 2089 539; x_wconf 64' lang='lat' dir='ltr'>manaa-rto</span> <span class='ocrx_word' id='word_1_27' title='bbox 2131 494 2193 538; x_wconf 80' lang='lat' dir='ltr'>m</span> <span class='ocrx_word' id='word_1_28' title='bbox 2236 492 2373 539; x_wconf 59' lang='lat' dir='ltr'>car.</span> <span class='ocrx_word' id='word_1_29' title='bbox 2406 492 2479 536; x_wconf 73' lang='grc' dir='ltr'>,ιν</span> <span class='ocrx_word' id='word_1_30' title='bbox 2520 492 2646 537; x_wconf 77' lang='lat'>101³.</span> <span class='ocrx_word' id='word_1_31' title='bbox 2692 512 2772 523; x_wconf 91' lang='lat'>—</span> <span class='ocrx_word' id='word_1_32' title='bbox 2812 493 2955 539; x_wconf 66' lang='lat' dir='ltr'>aar.</span> <span class='ocrx_word' id='word_1_33' title='bbox 3002 494 3105 539; x_wconf 83' lang='lat' dir='ltr'>xw</span> 
     </span>
    </p>
   </div>
   <div class='ocr_carea' id='block_1_11' title="bbox 880 663 3961 746">
    <p class='ocr_par' dir='ltr' id='par_1_11' title="bbox 880 663 3961 746">
     <span class='ocr_line' id='line_1_15' title="bbox 880 663 3961 746; baseline 0 -20"><span class='ocrx_word' id='word_1_34' title='bbox 880 664 1143 727; x_wconf 86' lang='lat' dir='ltr'>moriter</span> <span class='ocrx_word' id='word_1_35' title='bbox 1173 664 1580 741; x_wconf 86' lang='lat' dir='ltr'>revolvendo,</span> <span class='ocrx_word' id='word_1_36' title='bbox 1612 667 1879 732; x_wconf 76' lang='lat' dir='ltr'>obsecro,</span> <span class='ocrx_word' id='word_1_37' title='bbox 1902 666 2048 744; x_wconf 82' lang='lat' dir='ltr'>quis</span> <span class='ocrx_word' id='word_1_38' title='bbox 2080 684 2371 743; x_wconf 74' lang='lat' dir='ltr'>unqua-m</span> <span class='ocrx_word' id='word_1_39' title='bbox 2400 663 2449 725; x_wconf 81' lang='lat' dir='ltr'>A</span> <span class='ocrx_word' id='word_1_40' title='bbox 2482 682 2671 743; x_wconf 91' lang='lat' dir='ltr'>quam</span> <span class='ocrx_word' id='word_1_41' title='bbox 2704 663 2759 725; x_wconf 90' lang='lat' dir='ltr'>si</span> <span class='ocrx_word' id='word_1_42' title='bbox 2782 664 3045 741; x_wconf 88' lang='lat' dir='ltr'>diceret,</span> <span class='ocrx_word' id='word_1_43' title='bbox 3072 664 3323 746; x_wconf 88' lang='lat' dir='ltr'>Operati</span> <span class='ocrx_word' id='word_1_44' title='bbox 3354 672 3524 740; x_wconf 86' lang='lat' dir='ltr'>sunt,</span> <span class='ocrx_word' id='word_1_45' title='bbox 3550 673 3619 726; x_wconf 91' lang='lat' dir='ltr'>ut</span> <span class='ocrx_word' id='word_1_46' title='bbox 3648 664 3872 725; x_wconf 82' lang='lat' dir='ltr'><strong>innuat</strong></span> <span class='ocrx_word' id='word_1_47' title='bbox 3900 682 3961 727; x_wconf 85' lang='lat' dir='ltr'>se</span> 
     </span>
    </p>
   </div>
   <div class='ocr_carea' id='block_1_12' title="bbox 875 762 2375 1831">
    <p class='ocr_par' dir='ltr' id='par_1_12' title="bbox 875 762 2375 1831">
     <span class='ocr_line' id='line_1_16' title="bbox 879 762 2371 845; baseline 0 -23"><span class='ocrx_word' id='word_1_48' title='bbox 879 765 1184 823; x_wconf 76' lang='lat' dir='ltr'><em>innocens</em></span> <span class='ocrx_word' id='word_1_49' title='bbox 1217 766 1440 839; x_wconf 78' lang='lat' dir='ltr'>periit,</span> <span class='ocrx_word' id='word_1_50' title='bbox 1477 782 1590 845; x_wconf 91' lang='lat' dir='ltr'>per</span> <span class='ocrx_word' id='word_1_51' title='bbox 1639 762 1969 845; x_wconf 83' lang='lat' dir='ltr'>praesentis</span> <span class='ocrx_word' id='word_1_52' title='bbox 2023 762 2171 825; x_wconf 85' lang='lat' dir='ltr'>vitae</span> <span class='ocrx_word' id='word_1_53' title='bbox 2221 780 2371 842; x_wconf 93' lang='lat' dir='ltr'>sup-</span> 
     </span>
     <span class='ocr_line' id='line_1_17' title="bbox 880 857 2368 942; baseline -0.001 -21"><span class='ocrx_word' id='word_1_54' title='bbox 880 861 1072 942; x_wconf 90' lang='lat' dir='ltr'>plicia</span> <span class='ocrx_word' id='word_1_55' title='bbox 1103 870 1164 923; x_wconf 89' lang='lat' dir='ltr'>et</span> <span class='ocrx_word' id='word_1_56' title='bbox 1194 862 1459 925; x_wconf 89' lang='lat' dir='ltr'>adversa</span> <span class='ocrx_word' id='word_1_57' title='bbox 1489 861 1612 923; x_wconf 89' lang='lat' dir='ltr'>sibi</span> <span class='ocrx_word' id='word_1_58' title='bbox 1644 861 1904 923; x_wconf 80' lang='lat' dir='ltr'>aliunde</span> <span class='ocrx_word' id='word_1_59' title='bbox 1938 860 2149 921; x_wconf 71' lang='lat' dir='ltr'>illata?</span> <span class='ocrx_word' id='word_1_60' title='bbox 2182 857 2368 941; x_wconf 89' lang='lat' dir='ltr'>quasi</span> 
     </span>
     <span class='ocr_line' id='line_1_18' title="bbox 878 959 2369 1041; baseline -0.002 -19"><span class='ocrx_word' id='word_1_61' title='bbox 878 960 1047 1024; x_wconf 85' lang='lat' dir='ltr'>dicat</span> <span class='ocrx_word' id='word_1_62' title='bbox 1080 961 1407 1041; x_wconf 85' lang='lat' dir='ltr'>:Allegare</span> <span class='ocrx_word' id='word_1_63' title='bbox 1441 979 1567 1023; x_wconf 91' lang='lat' dir='ltr'>non</span> <span class='ocrx_word' id='word_1_64' title='bbox 1601 959 2054 1041; x_wconf 82' lang='lat' dir='ltr'>poteriS,quod</span> <span class='ocrx_word' id='word_1_65' title='bbox 2087 973 2369 1039; x_wconf 90' lang='lat' dir='ltr'>unquam</span> 
     </span>
     <span class='ocr_line' id='line_1_19' title="bbox 879 1058 2371 1141; baseline 0 -22"><span class='ocrx_word' id='word_1_66' title='bbox 879 1058 943 1120; x_wconf 93' lang='lat' dir='ltr'>id</span> <span class='ocrx_word' id='word_1_67' title='bbox 974 1059 1227 1135; x_wconf 88' lang='lat' dir='ltr'>accidit,</span> <span class='ocrx_word' id='word_1_68' title='bbox 1259 1060 1428 1141; x_wconf 91' lang='lat' dir='ltr'>quod</span> <span class='ocrx_word' id='word_1_69' title='bbox 1454 1059 1568 1121; x_wconf 90' lang='lat' dir='ltr'>tibi</span> <span class='ocrx_word' id='word_1_70' title='bbox 1590 1059 1820 1122; x_wconf 89' lang='lat' dir='ltr'>asseris</span> <span class='ocrx_word' id='word_1_71' title='bbox 1843 1059 2174 1134; x_wconf 88' lang='lat' dir='ltr'>accidisse,</span> <span class='ocrx_word' id='word_1_72' title='bbox 2201 1058 2371 1139; x_wconf 92' lang='lat' dir='ltr'>quod</span> 
     </span>
     <span class='ocr_line' id='line_1_20' title="bbox 878 1157 2375 1238; baseline -0.001 -20"><span class='ocrx_word' id='word_1_73' title='bbox 878 1157 1123 1220; x_wconf 89' lang='lat' dir='ltr'>scilicet</span> <span class='ocrx_word' id='word_1_74' title='bbox 1145 1158 1289 1238; x_wconf 86' lang='lat' dir='ltr'>quis</span> <span class='ocrx_word' id='word_1_75' title='bbox 1313 1158 1452 1220; x_wconf 91' lang='lat' dir='ltr'>sine</span> <span class='ocrx_word' id='word_1_76' title='bbox 1475 1176 1588 1219; x_wconf 90' lang='lat' dir='ltr'>suo</span> <span class='ocrx_word' id='word_1_77' title='bbox 1610 1157 1918 1219; x_wconf 90' lang='lat' dir='ltr'>demerito</span> <span class='ocrx_word' id='word_1_78' title='bbox 1945 1157 2028 1218; x_wconf 92' lang='lat' dir='ltr'>sit</span> <span class='ocrx_word' id='word_1_79' title='bbox 2049 1157 2173 1219; x_wconf 92' lang='lat' dir='ltr'>Deo</span> <span class='ocrx_word' id='word_1_80' title='bbox 2191 1174 2375 1237; x_wconf 86' lang='lat' dir='ltr'>agen·</span> 
     </span>
     <span class='ocr_line' id='line_1_21' title="bbox 877 1253 2373 1338; baseline -0.001 -20"><span class='ocrx_word' id='word_1_81' title='bbox 877 1265 938 1319; x_wconf 85' lang='lat' dir='ltr'>te</span> <span class='ocrx_word' id='word_1_82' title='bbox 979 1265 1087 1319; x_wconf 85' lang='lat' dir='ltr'>aut</span> <span class='ocrx_word' id='word_1_83' title='bbox 1134 1257 1540 1338; x_wconf 81' lang='lat' dir='ltr'>permittente</span> <span class='ocrx_word' id='word_1_84' title='bbox 1583 1276 1918 1338; x_wconf 90' lang='lat' dir='ltr'>percussus</span> <span class='ocrx_word' id='word_1_85' title='bbox 1958 1274 2070 1317; x_wconf 89' lang='lat' dir='ltr'>seu</span> <span class='ocrx_word' id='word_1_86' title='bbox 2117 1253 2373 1317; x_wconf 87' lang='lat' dir='ltr'>interfe-</span> 
     </span>
     <span class='ocr_line' id='line_1_22' title="bbox 876 1354 2368 1435; baseline -0.003 -17"><span class='ocrx_word' id='word_1_87' title='bbox 876 1364 1038 1418; x_wconf 81' lang='lat' dir='ltr'>ctus,</span> <span class='ocrx_word' id='word_1_88' title='bbox 1073 1358 1209 1417; x_wconf 81' lang='lat' dir='ltr'>Aut</span> <span class='ocrx_word' id='word_1_89' title='bbox 1231 1359 1490 1435; x_wconf 79' lang='lat' dir='ltr'>quando</span> <span class='ocrx_word' id='word_1_90' title='bbox 1520 1358 1677 1417; x_wconf 78' lang='lat' dir='ltr'>recti</span> <span class='ocrx_word' id='word_1_91' title='bbox 1705 1357 1898 1417; x_wconf 75' lang='lat' dir='ltr'>deleti</span> <span class='ocrx_word' id='word_1_92' title='bbox 1927 1364 2079 1414; x_wconf 74' lang='lat' dir='ltr'>sunt</span> <span class='ocrx_word' id='word_1_93' title='bbox 2097 1357 2126 1414; x_wconf 72' lang='lat'>,2</span> <span class='ocrx_word' id='word_1_94' title='bbox 2157 1354 2218 1416; x_wconf 92' lang='lat' dir='ltr'>id</span> <span class='ocrx_word' id='word_1_95' title='bbox 2250 1361 2368 1429; x_wconf 86' lang='lat' dir='ltr'>est,</span> 
     </span>
     <span class='ocr_line' id='line_1_23' title="bbox 875 1452 2373 1536; baseline -0.003 -20"><span class='ocrx_word' id='word_1_96' title='bbox 875 1454 1001 1531; x_wconf 91' lang='lat' dir='ltr'>dic,</span> <span class='ocrx_word' id='word_1_97' title='bbox 1037 1454 1090 1517; x_wconf 93' lang='lat' dir='ltr'>si</span> <span class='ocrx_word' id='word_1_98' title='bbox 1124 1462 1326 1536; x_wconf 79' lang='lat' dir='ltr'>pote8‚</span> <span class='ocrx_word' id='word_1_99' title='bbox 1364 1454 1620 1535; x_wconf 91' lang='lat' dir='ltr'>quando</span> <span class='ocrx_word' id='word_1_100' title='bbox 1649 1453 1804 1533; x_wconf 87' lang='lat' dir='ltr'>justi</span> <span class='ocrx_word' id='word_1_101' title='bbox 1837 1453 1916 1516; x_wconf 91' lang='lat' dir='ltr'>de</span> <span class='ocrx_word' id='word_1_102' title='bbox 1949 1454 2066 1515; x_wconf 86' lang='lat' dir='ltr'>hac</span> <span class='ocrx_word' id='word_1_103' title='bbox 2099 1452 2231 1514; x_wconf 82' lang='lat' dir='ltr'>vita</span> <span class='ocrx_word' id='word_1_104' title='bbox 2260 1472 2373 1534; x_wconf 90' lang='lat' dir='ltr'>per</span> 
     </span>
     <span class='ocr_line' id='line_1_24' title="bbox 879 1549 2374 1616; baseline -0.003 0"><span class='ocrx_word' id='word_1_105' title='bbox 879 1552 1224 1616; x_wconf 86' lang='lat' dir='ltr'>violentam</span> <span class='ocrx_word' id='word_1_106' title='bbox 1249 1552 1483 1615; x_wconf 83' lang='lat' dir='ltr'>sublati</span> <span class='ocrx_word' id='word_1_107' title='bbox 1513 1560 1664 1614; x_wconf 90' lang='lat' dir='ltr'>sunt</span> <span class='ocrx_word' id='word_1_108' title='bbox 1691 1560 1981 1615; x_wconf 87' lang='lat' dir='ltr'>mortem.</span> <span class='ocrx_word' id='word_1_109' title='bbox 2017 1551 2128 1612; x_wconf 89' lang='lat' dir='ltr'>His</span> <span class='ocrx_word' id='word_1_110' title='bbox 2160 1549 2374 1613; x_wconf 84' lang='lat' dir='ltr'>verbis</span> 
     </span>
     <span class='ocr_line' id='line_1_25' title="bbox 880 1649 2375 1732; baseline -0.001 -20"><span class='ocrx_word' id='word_1_111' title='bbox 880 1651 1139 1732; x_wconf 89' lang='lat' dir='ltr'>Eliphaz</span> <span class='ocrx_word' id='word_1_112' title='bbox 1162 1650 1262 1713; x_wconf 89' lang='lat' dir='ltr'>sui</span> <span class='ocrx_word' id='word_1_113' title='bbox 1284 1650 1485 1732; x_wconf 88' lang='lat' dir='ltr'>ipsius</span> <span class='ocrx_word' id='word_1_114' title='bbox 1515 1668 1794 1713; x_wconf 87' lang='lat' dir='ltr'>errorem</span> <span class='ocrx_word' id='word_1_115' title='bbox 1821 1649 2375 1730; x_wconf 76' lang='lat' dir='ltr'>ignorantiamque</span> 
     </span>
     <span class='ocr_line' id='line_1_26' title="bbox 881 1746 2375 1831; baseline -0.003 -18"><span class='ocrx_word' id='word_1_116' title='bbox 881 1752 1296 1826; x_wconf 85' lang='lat' dir='ltr'>demonstrat,</span> <span class='ocrx_word' id='word_1_117' title='bbox 1354 1749 1510 1831; x_wconf 88' lang='lat' dir='ltr'>quia</span> <span class='ocrx_word' id='word_1_118' title='bbox 1561 1757 1624 1811; x_wconf 88' lang='lat' dir='ltr'>et</span> <span class='ocrx_word' id='word_1_119' title='bbox 1671 1747 1826 1810; x_wconf 85' lang='lat' dir='ltr'>Abel</span> <span class='ocrx_word' id='word_1_120' title='bbox 1883 1748 2094 1829; x_wconf 88' lang='lat' dir='ltr'>justus</span> <span class='ocrx_word' id='word_1_121' title='bbox 2145 1767 2184 1810; x_wconf 89' lang='lat' dir='ltr'>a</span> <span class='ocrx_word' id='word_1_122' title='bbox 2223 1746 2375 1809; x_wconf 89' lang='lat' dir='ltr'>Cain</span> 
     </span>
    </p>
   </div>
   <div class='ocr_carea' id='block_1_13' title="bbox 2481 759 3963 1433">
    <p class='ocr_par' dir='ltr' id='par_1_13' title="bbox 2481 759 3963 1433">
     <span class='ocr_line' id='line_1_27' title="bbox 2481 759 3955 845; baseline 0 -22"><span class='ocrx_word' id='word_1_123' title='bbox 2481 759 2657 844; x_wconf 91' lang='lat' dir='ltr'>loqui</span> <span class='ocrx_word' id='word_1_124' title='bbox 2695 765 2775 827; x_wconf 87' lang='lat' dir='ltr'>de</span> <span class='ocrx_word' id='word_1_125' title='bbox 2828 762 2928 825; x_wconf 89' lang='lat' dir='ltr'>his</span> <span class='ocrx_word' id='word_1_126' title='bbox 2978 762 3086 844; x_wconf 90' lang='lat' dir='ltr'>qui</span> <span class='ocrx_word' id='word_1_127' title='bbox 3137 772 3509 845; x_wconf 82' lang='lat' dir='ltr'>permanent</span> <span class='ocrx_word' id='word_1_128' title='bbox 3551 763 3617 824; x_wconf 93' lang='lat' dir='ltr'>in</span> <span class='ocrx_word' id='word_1_129' title='bbox 3668 762 3955 844; x_wconf 59' lang='lat' dir='ltr'>peccam,</span> 
     </span>
     <span class='ocr_line' id='line_1_28' title="bbox 2482 859 3955 942; baseline -0.001 -23"><span class='ocrx_word' id='word_1_130' title='bbox 2482 878 2609 921; x_wconf 91' lang='lat' dir='ltr'>non</span> <span class='ocrx_word' id='word_1_131' title='bbox 2641 860 2719 923; x_wconf 89' lang='lat' dir='ltr'>de</span> <span class='ocrx_word' id='word_1_132' title='bbox 2741 859 3204 942; x_wconf 86' lang='lat' dir='ltr'>poenitentibus</span> <span class='ocrx_word' id='word_1_133' title='bbox 3230 884 3244 935; x_wconf 90' lang='lat'><strong>;</strong></span> <span class='ocrx_word' id='word_1_134' title='bbox 3277 870 3334 919; x_wconf 81' lang='lat' dir='ltr'>ee</span> <span class='ocrx_word' id='word_1_135' title='bbox 3354 864 3955 931; x_wconf 47' lang='lat' dir='ltr'>seminantdolore&amp;</span> 
     </span>
     <span class='ocr_line' id='line_1_29' title="bbox 2483 957 3961 1041; baseline 0 -22"><span class='ocrx_word' id='word_1_136' title='bbox 2483 957 2547 1020; x_wconf 91' lang='lat' dir='ltr'>id</span> <span class='ocrx_word' id='word_1_137' title='bbox 2591 968 2688 1020; x_wconf 87' lang='lat' dir='ltr'>est</span> <span class='ocrx_word' id='word_1_138' title='bbox 2730 978 2803 1022; x_wconf 85' lang='lat' dir='ltr'>ea</span> <span class='ocrx_word' id='word_1_139' title='bbox 2852 978 2964 1041; x_wconf 91' lang='lat' dir='ltr'>per</span> <span class='ocrx_word' id='word_1_140' title='bbox 3016 978 3158 1041; x_wconf 83' lang='lat' dir='ltr'>quae</span> <span class='ocrx_word' id='word_1_141' title='bbox 3205 959 3313 1020; x_wconf 86' lang='lat' dir='ltr'>alii</span> <span class='ocrx_word' id='word_1_142' title='bbox 3363 959 3645 1021; x_wconf 90' lang='lat' dir='ltr'>dolorem</span> <span class='ocrx_word' id='word_1_143' title='bbox 3692 967 3756 1020; x_wconf 89' lang='lat' dir='ltr'>et</span> <span class='ocrx_word' id='word_1_144' title='bbox 3801 957 3961 1020; x_wconf 85' lang='lat' dir='ltr'>affli-</span> 
     </span>
     <span class='ocr_line' id='line_1_30' title="bbox 2481 1055 3963 1139; baseline -0.001 -21"><span class='ocrx_word' id='word_1_145' title='bbox 2481 1055 2755 1119; x_wconf 83' lang='lat' dir='ltr'>ctionem</span> <span class='ocrx_word' id='word_1_146' title='bbox 2790 1058 3123 1120; x_wconf 88' lang='lat' dir='ltr'>incurrunt</span> <span class='ocrx_word' id='word_1_147' title='bbox 3160 1076 3173 1119; x_wconf 79' lang='lat' dir='ltr'>z</span> <span class='ocrx_word' id='word_1_148' title='bbox 3208 1058 3379 1139; x_wconf 89' lang='lat' dir='ltr'>quod</span> <span class='ocrx_word' id='word_1_149' title='bbox 3410 1057 3656 1120; x_wconf 87' lang='lat' dir='ltr'>faciunt</span> <span class='ocrx_word' id='word_1_150' title='bbox 3684 1075 3963 1120; x_wconf 88' lang='lat' dir='ltr'>susurra—</span> 
     </span>
     <span class='ocr_line' id='line_1_31' title="bbox 2485 1153 3961 1231; baseline 0 -16"><span class='ocrx_word' id='word_1_151' title='bbox 2485 1154 2786 1231; x_wconf 82' lang='lat' dir='ltr'>tionibuS‚</span> <span class='ocrx_word' id='word_1_152' title='bbox 2837 1154 3360 1231; x_wconf 82' lang='lat' dir='ltr'>detractionibuS‚</span> <span class='ocrx_word' id='word_1_153' title='bbox 3404 1154 3590 1228; x_wconf 84' lang='lat' dir='ltr'>dolis,</span> <span class='ocrx_word' id='word_1_154' title='bbox 3645 1153 3961 1216; x_wconf 87' lang='lat' dir='ltr'>insidiosis</span> 
     </span>
     <span class='ocr_line' id='line_1_32' title="bbox 2482 1250 3963 1335; baseline -0.001 -22"><span class='ocrx_word' id='word_1_155' title='bbox 2482 1252 3063 1316; x_wconf 81' lang='lat' dir='ltr'>machinationibus</span> <span class='ocrx_word' id='word_1_156' title='bbox 3108 1252 3452 1335; x_wconf 89' lang='lat' dir='ltr'>impiisque</span> <span class='ocrx_word' id='word_1_157' title='bbox 3481 1252 3790 1315; x_wconf 88' lang='lat' dir='ltr'>consiliis.</span> <span class='ocrx_word' id='word_1_158' title='bbox 3824 1250 3963 1325; x_wconf 85' lang='lat' dir='ltr'>Qui-</span> 
     </span>
     <span class='ocr_line' id='line_1_33' title="bbox 2482 1350 3957 1433; baseline -0.001 -21"><span class='ocrx_word' id='word_1_159' title='bbox 2482 1350 2602 1412; x_wconf 90' lang='lat' dir='ltr'>bus</span> <span class='ocrx_word' id='word_1_160' title='bbox 2652 1370 2766 1433; x_wconf 91' lang='lat' dir='ltr'>per</span> <span class='ocrx_word' id='word_1_161' title='bbox 2821 1350 3214 1414; x_wconf 87' lang='lat' dir='ltr'>Ezechielem</span> <span class='ocrx_word' id='word_1_162' title='bbox 3264 1351 3567 1414; x_wconf 90' lang='lat' dir='ltr'>Dominus</span> <span class='ocrx_word' id='word_1_163' title='bbox 3621 1350 3957 1432; x_wconf 88' lang='lat' dir='ltr'>loquitur:</span> 
     </span>
    </p>
   </div>
   <div class='ocr_carea' id='block_1_14' title="bbox 2482 1449 4211 1624">
    <p class='ocr_par' dir='ltr' id='par_1_14' title="bbox 2482 1449 4211 1612">
     <span class='ocr_line' id='line_1_34' title="bbox 2482 1449 4211 1532; baseline -0.004 -21"><span class='ocrx_word' id='word_1_164' title='bbox 2482 1449 2738 1513; x_wconf 86' lang='lat' dir='ltr'>Moerere</span> <span class='ocrx_word' id='word_1_165' title='bbox 2786 1450 3027 1513; x_wconf 87' lang='lat' dir='ltr'>fecistis</span> <span class='ocrx_word' id='word_1_166' title='bbox 3074 1467 3184 1514; x_wconf 89' lang='lat' dir='ltr'>cor</span> <span class='ocrx_word' id='word_1_167' title='bbox 3229 1450 3403 1532; x_wconf 88' lang='lat' dir='ltr'>justi,</span> <span class='ocrx_word' id='word_1_168' title='bbox 3442 1469 3632 1531; x_wconf 90' lang='lat' dir='ltr'>quem</span> <span class='ocrx_word' id='word_1_169' title='bbox 3680 1468 3797 1529; x_wconf 85' lang='lat' dir='ltr'>ego</span> <span class='ocrx_word' id='word_1_170' title='bbox 3840 1468 3961 1512; x_wconf 91' lang='lat' dir='ltr'>non</span> <span class='ocrx_word' id='word_1_171' title='bbox 4000 1463 4065 1505; x_wconf 71' lang='grc' dir='ltr'>Β.</span> <span class='ocrx_word' id='word_1_172' title='bbox 4068 1462 4211 1507; x_wconf 60' lang='lat' dir='ltr'>ecam</span> 
     </span>
     <span class='ocr_line' id='line_1_35' title="bbox 2484 1528 4053 1624; baseline 0.001 -14"><span class='ocrx_word' id='word_1_173' title='bbox 2484 1548 2878 1612; x_wconf 79' lang='lat' dir='ltr'>contristavi.</span> <span class='ocrx_word' id='word_1_174' title='bbox 2913 1552 2999 1610; x_wconf 82' lang='lat' dir='ltr'>Et</span> <span class='ocrx_word' id='word_1_175' title='bbox 3029 1558 3275 1610; x_wconf 74' lang='lat' dir='ltr'>metunt</span> <span class='ocrx_word' id='word_1_176' title='bbox 3302 1570 3429 1619; x_wconf 85' lang='lat' dir='ltr'>eos,</span> <span class='ocrx_word' id='word_1_177' title='bbox 3459 1549 3521 1611; x_wconf 89' lang='lat' dir='ltr'>id</span> <span class='ocrx_word' id='word_1_178' title='bbox 3566 1557 3684 1624; x_wconf 86' lang='lat' dir='ltr'>est,</span> <span class='ocrx_word' id='word_1_179' title='bbox 3718 1550 3961 1612; x_wconf 86' lang='lat' dir='ltr'>lucrum</span> <span class='ocrx_word' id='word_1_180' title='bbox 3990 1528 4053 1568; x_wconf 71' lang='lat'>²’&#39;</span> 
     </span>
    </p>
   </div>
   <div class='ocr_carea' id='block_1_15' title="bbox 2486 1647 3969 1827">
    <p class='ocr_par' dir='ltr' id='par_1_15' title="bbox 2486 1647 3969 1827">
     <span class='ocr_line' id='line_1_36' title="bbox 2486 1647 3969 1729; baseline 0.002 -21"><span class='ocrx_word' id='word_1_181' title='bbox 2486 1666 2597 1708; x_wconf 90' lang='lat' dir='ltr'>seu</span> <span class='ocrx_word' id='word_1_182' title='bbox 2626 1648 3030 1709; x_wconf 90' lang='lat' dir='ltr'>commodum</span> <span class='ocrx_word' id='word_1_183' title='bbox 3064 1647 3410 1729; x_wconf 86' lang='lat' dir='ltr'>temporale</span> <span class='ocrx_word' id='word_1_184' title='bbox 3439 1648 3519 1711; x_wconf 91' lang='lat' dir='ltr'>de</span> <span class='ocrx_word' id='word_1_185' title='bbox 3560 1666 3779 1711; x_wconf 90' lang='lat' dir='ltr'>eorum</span> <span class='ocrx_word' id='word_1_186' title='bbox 3814 1648 3969 1711; x_wconf 80' lang='lat' dir='ltr'>affe</span> 
     </span>
     <span class='ocr_line' id='line_1_37' title="bbox 2486 1744 3969 1827; baseline 0.001 -20"><span class='ocrx_word' id='word_1_187' title='bbox 2486 1754 2590 1807; x_wconf 90' lang='lat' dir='ltr'>ctu</span> <span class='ocrx_word' id='word_1_188' title='bbox 2621 1744 2983 1827; x_wconf 89' lang='lat' dir='ltr'>acquirunt,</span> <span class='ocrx_word' id='word_1_189' title='bbox 3020 1746 3183 1807; x_wconf 92' lang='lat' dir='ltr'>sicut</span> <span class='ocrx_word' id='word_1_190' title='bbox 3218 1746 3330 1827; x_wconf 91' lang='lat' dir='ltr'>qui</span> <span class='ocrx_word' id='word_1_191' title='bbox 3374 1755 3520 1809; x_wconf 88' lang='lat' dir='ltr'>nata</span> <span class='ocrx_word' id='word_1_192' title='bbox 3548 1746 3871 1809; x_wconf 82' lang='lat' dir='ltr'>frumenta</span> <span class='ocrx_word' id='word_1_193' title='bbox 3896 1768 3969 1811; x_wconf 82' lang='lat' dir='ltr'>ex</span> 
     </span>
    </p>
   </div>
   <div class='ocr_carea' id='block_1_16' title="bbox 881 1844 3969 1927">
    <p class='ocr_par' dir='ltr' id='par_1_16' title="bbox 881 1844 3969 1927">
     <span class='ocr_line' id='line_1_38' title="bbox 881 1844 3969 1927; baseline -0.001 -14"><span class='ocrx_word' id='word_1_194' title='bbox 881 1848 1130 1913; x_wconf 89' lang='lat' dir='ltr'>occisus</span> <span class='ocrx_word' id='word_1_195' title='bbox 1176 1857 1292 1923; x_wconf 88' lang='lat' dir='ltr'>est,</span> <span class='ocrx_word' id='word_1_196' title='bbox 1341 1856 1404 1911; x_wconf 92' lang='lat' dir='ltr'>et</span> <span class='ocrx_word' id='word_1_197' title='bbox 1447 1846 1511 1909; x_wconf 90' lang='lat' dir='ltr'>in</span> <span class='ocrx_word' id='word_1_198' title='bbox 1557 1846 1715 1909; x_wconf 88' lang='lat' dir='ltr'>lsaia</span> <span class='ocrx_word' id='word_1_199' title='bbox 1753 1846 2054 1909; x_wconf 88' lang='lat' dir='ltr'>scribitur</span> <span class='ocrx_word' id='word_1_200' title='bbox 2106 1864 2120 1907; x_wconf 72' lang='grc' dir='ltr'>ε</span> <span class='ocrx_word' id='word_1_201' title='bbox 2161 1845 2375 1908; x_wconf 84' lang='lat' dir='ltr'>Justus</span> <span class='ocrx_word' id='word_1_202' title='bbox 2414 1852 2459 1913; x_wconf 93' lang='lat' dir='ltr'><strong>B</strong></span> <span class='ocrx_word' id='word_1_203' title='bbox 2486 1844 2671 1925; x_wconf 89' lang='lat' dir='ltr'>jactis</span> <span class='ocrx_word' id='word_1_204' title='bbox 2716 1844 2781 1906; x_wconf 91' lang='lat' dir='ltr'>in</span> <span class='ocrx_word' id='word_1_205' title='bbox 2832 1852 3060 1906; x_wconf 85' lang='lat' dir='ltr'>terram</span> <span class='ocrx_word' id='word_1_206' title='bbox 3106 1844 3459 1907; x_wconf 89' lang='lat' dir='ltr'>seminibus</span> <span class='ocrx_word' id='word_1_207' title='bbox 3498 1853 3743 1908; x_wconf 87' lang='lat' dir='ltr'>metunt</span> <span class='ocrx_word' id='word_1_208' title='bbox 3782 1855 3969 1927; x_wconf 82' lang='lat' dir='ltr'>atque</span> 
     </span>
    </p>
   </div>
   <div class='ocr_carea' id='block_1_17' title="bbox 881 1944 2381 3009">
    <p class='ocr_par' dir='ltr' id='par_1_17' title="bbox 881 1944 2381 3009">
     <span class='ocr_line' id='line_1_39' title="bbox 881 1944 2373 2030; baseline -0.001 -21"><span class='ocrx_word' id='word_1_209' title='bbox 881 1948 1068 2030; x_wconf 89' lang='lat' dir='ltr'>perit,</span> <span class='ocrx_word' id='word_1_210' title='bbox 1089 1954 1152 2009; x_wconf 88' lang='lat' dir='ltr'>et</span> <span class='ocrx_word' id='word_1_211' title='bbox 1173 1966 1299 2009; x_wconf 90' lang='lat' dir='ltr'>non</span> <span class='ocrx_word' id='word_1_212' title='bbox 1326 1945 1553 2026; x_wconf 88' lang='lat' dir='ltr'>estqui</span> <span class='ocrx_word' id='word_1_213' title='bbox 1576 1946 1878 2025; x_wconf 85' lang='lat' dir='ltr'>recogitet</span> <span class='ocrx_word' id='word_1_214' title='bbox 1910 1945 1974 2007; x_wconf 89' lang='lat' dir='ltr'>in</span> <span class='ocrx_word' id='word_1_215' title='bbox 1996 1944 2188 2006; x_wconf 91' lang='lat' dir='ltr'>corde</span> <span class='ocrx_word' id='word_1_216' title='bbox 2219 1963 2373 2019; x_wconf 80' lang='lat' dir='ltr'>su03</span> 
     </span>
     <span class='ocr_line' id='line_1_40' title="bbox 881 2043 2381 2119; baseline -0.003 -11"><span class='ocrx_word' id='word_1_217' title='bbox 881 2054 944 2108; x_wconf 84' lang='lat' dir='ltr'>et</span> <span class='ocrx_word' id='word_1_218' title='bbox 974 2046 1096 2109; x_wconf 83' lang='lat' dir='ltr'>viri</span> <span class='ocrx_word' id='word_1_219' title='bbox 1135 2043 1591 2107; x_wconf 83' lang='lat' dir='ltr'>misericordiae</span> <span class='ocrx_word' id='word_1_220' title='bbox 1632 2043 1965 2119; x_wconf 88' lang='lat' dir='ltr'>tolluntur,</span> <span class='ocrx_word' id='word_1_221' title='bbox 2009 2052 2070 2106; x_wconf 90' lang='lat' dir='ltr'>et</span> <span class='ocrx_word' id='word_1_222' title='bbox 2113 2062 2239 2105; x_wconf 92' lang='lat' dir='ltr'>non</span> <span class='ocrx_word' id='word_1_223' title='bbox 2282 2049 2381 2105; x_wconf 86' lang='lat' dir='ltr'>est</span> 
     </span>
     <span class='ocr_line' id='line_1_41' title="bbox 882 2142 2379 2225; baseline -0.001 -20"><span class='ocrx_word' id='word_1_224' title='bbox 882 2144 994 2225; x_wconf 90' lang='lat' dir='ltr'>qui</span> <span class='ocrx_word' id='word_1_225' title='bbox 1027 2143 1362 2223; x_wconf 85' lang='lat' dir='ltr'>intelligat.</span> <span class='ocrx_word' id='word_1_226' title='bbox 1390 2143 1512 2205; x_wconf 89' lang='lat' dir='ltr'>Per</span> <span class='ocrx_word' id='word_1_227' title='bbox 1541 2142 1935 2205; x_wconf 87' lang='lat' dir='ltr'>Ezechielem</span> <span class='ocrx_word' id='word_1_228' title='bbox 1975 2159 2233 2224; x_wconf 89' lang='lat' dir='ltr'>quoque</span> <span class='ocrx_word' id='word_1_229' title='bbox 2261 2142 2379 2204; x_wconf 92' lang='lat' dir='ltr'>Do-</span> 
     </span>
     <span class='ocr_line' id='line_1_42' title="bbox 883 2239 2373 2320; baseline -0.001 -17"><span class='ocrx_word' id='word_1_230' title='bbox 883 2243 1100 2304; x_wconf 89' lang='lat' dir='ltr'>minus</span> <span class='ocrx_word' id='word_1_231' title='bbox 1156 2243 1236 2305; x_wconf 93' lang='lat' dir='ltr'>ad</span> <span class='ocrx_word' id='word_1_232' title='bbox 1290 2240 1637 2304; x_wconf 85' lang='lat' dir='ltr'>Jerusalem</span> <span class='ocrx_word' id='word_1_233' title='bbox 1697 2241 1784 2302; x_wconf 90' lang='lat' dir='ltr'>ait</span> <span class='ocrx_word' id='word_1_234' title='bbox 1837 2258 1850 2302; x_wconf 91' lang='lat'><strong>:</strong></span> <span class='ocrx_word' id='word_1_235' title='bbox 1904 2241 2181 2303; x_wconf 88' lang='lat' dir='ltr'>Educam</span> <span class='ocrx_word' id='word_1_236' title='bbox 2238 2239 2373 2320; x_wconf 84' lang='lat' dir='ltr'>gla-</span> 
     </span>
     <span class='ocr_line' id='line_1_43' title="bbox 885 2340 2375 2422; baseline -0.003 -17"><span class='ocrx_word' id='word_1_237' title='bbox 885 2343 1063 2406; x_wconf 90' lang='lat' dir='ltr'>dium</span> <span class='ocrx_word' id='word_1_238' title='bbox 1108 2360 1320 2405; x_wconf 90' lang='lat' dir='ltr'>meum</span> <span class='ocrx_word' id='word_1_239' title='bbox 1350 2342 1430 2404; x_wconf 90' lang='lat' dir='ltr'>de</span> <span class='ocrx_word' id='word_1_240' title='bbox 1462 2341 1690 2422; x_wconf 79' lang='lat' dir='ltr'>vagina</span> <span class='ocrx_word' id='word_1_241' title='bbox 1720 2360 1854 2417; x_wconf 90' lang='lat' dir='ltr'>sua,</span> <span class='ocrx_word' id='word_1_242' title='bbox 1888 2349 1952 2403; x_wconf 89' lang='lat' dir='ltr'>et</span> <span class='ocrx_word' id='word_1_243' title='bbox 1980 2340 2268 2404; x_wconf 88' lang='lat' dir='ltr'>occidam</span> <span class='ocrx_word' id='word_1_244' title='bbox 2308 2340 2375 2401; x_wconf 91' lang='lat' dir='ltr'>in</span> 
     </span>
     <span class='ocr_line' id='line_1_44' title="bbox 887 2438 2375 2524; baseline -0.002 -20"><span class='ocrx_word' id='word_1_245' title='bbox 887 2450 947 2504; x_wconf 89' lang='lat' dir='ltr'>te</span> <span class='ocrx_word' id='word_1_246' title='bbox 989 2442 1233 2524; x_wconf 90' lang='lat' dir='ltr'>justum</span> <span class='ocrx_word' id='word_1_247' title='bbox 1271 2448 1334 2503; x_wconf 90' lang='lat' dir='ltr'>et</span> <span class='ocrx_word' id='word_1_248' title='bbox 1376 2440 1666 2521; x_wconf 90' lang='lat' dir='ltr'>impium.</span> <span class='ocrx_word' id='word_1_249' title='bbox 1695 2438 1977 2519; x_wconf 89' lang='lat' dir='ltr'>Denique</span> <span class='ocrx_word' id='word_1_250' title='bbox 2016 2439 2082 2500; x_wconf 90' lang='lat' dir='ltr'>in</span> <span class='ocrx_word' id='word_1_251' title='bbox 2132 2438 2375 2501; x_wconf 87' lang='lat' dir='ltr'>diluvio</span> 
     </span>
     <span class='ocr_line' id='line_1_45' title="bbox 885 2536 2375 2603; baseline -0.002 0"><span class='ocrx_word' id='word_1_252' title='bbox 885 2549 1128 2603; x_wconf 89' lang='lat' dir='ltr'>certum</span> <span class='ocrx_word' id='word_1_253' title='bbox 1170 2548 1265 2602; x_wconf 89' lang='lat' dir='ltr'>est</span> <span class='ocrx_word' id='word_1_254' title='bbox 1305 2538 1540 2601; x_wconf 87' lang='lat' dir='ltr'>multos</span> <span class='ocrx_word' id='word_1_255' title='bbox 1584 2536 1863 2599; x_wconf 87' lang='lat' dir='ltr'>infantes</span> <span class='ocrx_word' id='word_1_256' title='bbox 1894 2546 1956 2600; x_wconf 85' lang='lat' dir='ltr'>et</span> <span class='ocrx_word' id='word_1_257' title='bbox 2002 2537 2375 2600; x_wconf 87' lang='lat' dir='ltr'>innocentes</span> 
     </span>
     <span class='ocr_line' id='line_1_46' title="bbox 884 2636 2376 2721; baseline -0.003 -20"><span class='ocrx_word' id='word_1_258' title='bbox 884 2638 1148 2721; x_wconf 85' lang='lat' dir='ltr'>perisse.</span> <span class='ocrx_word' id='word_1_259' title='bbox 1186 2638 1305 2700; x_wconf 89' lang='lat' dir='ltr'>Sed</span> <span class='ocrx_word' id='word_1_260' title='bbox 1357 2656 1574 2699; x_wconf 79' lang='lat' dir='ltr'>rursus</span> <span class='ocrx_word' id='word_1_261' title='bbox 1625 2636 1880 2698; x_wconf 87' lang='lat' dir='ltr'>videtur</span> <span class='ocrx_word' id='word_1_262' title='bbox 1929 2637 2197 2699; x_wconf 88' lang='lat' dir='ltr'>verbum</span> <span class='ocrx_word' id='word_1_263' title='bbox 2250 2636 2376 2697; x_wconf 88' lang='lat' dir='ltr'>Eli-</span> 
     </span>
     <span class='ocr_line' id='line_1_47' title="bbox 883 2733 2375 2819; baseline -0.001 -21"><span class='ocrx_word' id='word_1_264' title='bbox 883 2737 1043 2819; x_wconf 87' lang='lat' dir='ltr'>phaz</span> <span class='ocrx_word' id='word_1_265' title='bbox 1072 2734 1472 2811; x_wconf 89' lang='lat' dir='ltr'>confirmari,</span> <span class='ocrx_word' id='word_1_266' title='bbox 1508 2754 1582 2797; x_wconf 89' lang='lat' dir='ltr'>eo</span> <span class='ocrx_word' id='word_1_267' title='bbox 1611 2735 1783 2816; x_wconf 92' lang='lat' dir='ltr'>quod</span> <span class='ocrx_word' id='word_1_268' title='bbox 1813 2733 2127 2797; x_wconf 87' lang='lat' dir='ltr'>Abrabam</span> <span class='ocrx_word' id='word_1_269' title='bbox 2164 2734 2228 2796; x_wconf 93' lang='lat' dir='ltr'>in</span> <span class='ocrx_word' id='word_1_270' title='bbox 2260 2734 2375 2797; x_wconf 89' lang='lat' dir='ltr'>Ge-</span> 
     </span>
     <span class='ocr_line' id='line_1_48' title="bbox 884 2832 2372 2916; baseline -0.001 -19"><span class='ocrx_word' id='word_1_271' title='bbox 884 2836 1023 2899; x_wconf 90' lang='lat' dir='ltr'>nesi</span> <span class='ocrx_word' id='word_1_272' title='bbox 1062 2834 1348 2916; x_wconf 88' lang='lat' dir='ltr'>loquitur</span> <span class='ocrx_word' id='word_1_273' title='bbox 1385 2835 1514 2896; x_wconf 92' lang='lat' dir='ltr'>Deo</span> <span class='ocrx_word' id='word_1_274' title='bbox 1546 2850 1559 2895; x_wconf 91' lang='lat'>:</span> <span class='ocrx_word' id='word_1_275' title='bbox 1596 2832 1780 2895; x_wconf 86' lang='lat' dir='ltr'>Absit</span> <span class='ocrx_word' id='word_1_276' title='bbox 1813 2853 1850 2895; x_wconf 93' lang='lat' dir='ltr'>a</span> <span class='ocrx_word' id='word_1_277' title='bbox 1882 2841 1944 2896; x_wconf 89' lang='lat' dir='ltr'>te</span> <span class='ocrx_word' id='word_1_278' title='bbox 1975 2834 2086 2916; x_wconf 92' lang='lat' dir='ltr'>qui</span> <span class='ocrx_word' id='word_1_279' title='bbox 2123 2834 2372 2915; x_wconf 88' lang='lat' dir='ltr'>judicas</span> 
     </span>
     <span class='ocr_line' id='line_1_49' title="bbox 883 2930 2374 3009; baseline -0.002 -12"><span class='ocrx_word' id='word_1_280' title='bbox 883 2952 1138 2997; x_wconf 89' lang='lat' dir='ltr'>omnem</span> <span class='ocrx_word' id='word_1_281' title='bbox 1172 2941 1426 3007; x_wconf 89' lang='lat' dir='ltr'>terram,</span> <span class='ocrx_word' id='word_1_282' title='bbox 1473 2940 1542 2993; x_wconf 92' lang='lat' dir='ltr'>ut</span> <span class='ocrx_word' id='word_1_283' title='bbox 1573 2930 1770 2993; x_wconf 88' lang='lat' dir='ltr'>facias</span> <span class='ocrx_word' id='word_1_284' title='bbox 1799 2931 1964 2994; x_wconf 89' lang='lat' dir='ltr'>banc</span> <span class='ocrx_word' id='word_1_285' title='bbox 1997 2952 2150 3009; x_wconf 88' lang='lat' dir='ltr'>rem,</span> <span class='ocrx_word' id='word_1_286' title='bbox 2178 2941 2241 2993; x_wconf 89' lang='lat' dir='ltr'>et</span> <span class='ocrx_word' id='word_1_287' title='bbox 2270 2950 2374 2995; x_wconf 89' lang='lat' dir='ltr'>oc—</span> 
     </span>
    </p>
   </div>
   <div class='ocr_carea' id='block_1_18' title="bbox 2483 1942 3975 3012">
    <p class='ocr_par' dir='ltr' id='par_1_18' title="bbox 2483 1942 3975 3012">
     <span class='ocr_line' id='line_1_50' title="bbox 2488 1942 3965 2026; baseline 0.002 -22"><span class='ocrx_word' id='word_1_288' title='bbox 2488 1943 2554 2004; x_wconf 91' lang='lat' dir='ltr'>in</span> <span class='ocrx_word' id='word_1_289' title='bbox 2603 1942 2901 2005; x_wconf 89' lang='lat' dir='ltr'>horreum</span> <span class='ocrx_word' id='word_1_290' title='bbox 2952 1951 3363 2025; x_wconf 80' lang='lat' dir='ltr'>congregant.</span> <span class='ocrx_word' id='word_1_291' title='bbox 3397 1944 3461 2005; x_wconf 88' lang='lat' dir='ltr'>ln</span> <span class='ocrx_word' id='word_1_292' title='bbox 3508 1962 3637 2025; x_wconf 89' lang='lat' dir='ltr'>quo</span> <span class='ocrx_word' id='word_1_293' title='bbox 3684 1952 3965 2026; x_wconf 84' lang='lat' dir='ltr'>peccate,</span> 
     </span>
     <span class='ocr_line' id='line_1_51' title="bbox 2486 2040 3969 2123; baseline 0.001 -20"><span class='ocrx_word' id='word_1_294' title='bbox 2486 2041 2837 2104; x_wconf 89' lang='lat' dir='ltr'>secundum</span> <span class='ocrx_word' id='word_1_295' title='bbox 2866 2040 3215 2117; x_wconf 87' lang='lat' dir='ltr'>Albertum‚</span> <span class='ocrx_word' id='word_1_296' title='bbox 3251 2048 3401 2103; x_wconf 88' lang='lat' dir='ltr'>sunt</span> <span class='ocrx_word' id='word_1_297' title='bbox 3437 2041 3706 2122; x_wconf 80' lang='lat' dir='ltr'>judiceS,</span> <span class='ocrx_word' id='word_1_298' title='bbox 3738 2043 3851 2123; x_wconf 94' lang='lat' dir='ltr'>qui</span> <span class='ocrx_word' id='word_1_299' title='bbox 3896 2062 3969 2106; x_wconf 84' lang='lat' dir='ltr'>ex</span> 
     </span>
     <span class='ocr_line' id='line_1_52' title="bbox 2487 2140 3973 2205; baseline 0.001 -4"><span class='ocrx_word' id='word_1_300' title='bbox 2487 2140 2800 2202; x_wconf 88' lang='lat' dir='ltr'>industria</span> <span class='ocrx_word' id='word_1_301' title='bbox 2831 2140 2896 2202; x_wconf 89' lang='lat' dir='ltr'>in</span> <span class='ocrx_word' id='word_1_302' title='bbox 2927 2140 3377 2203; x_wconf 89' lang='lat' dir='ltr'>commissione</span> <span class='ocrx_word' id='word_1_303' title='bbox 3406 2160 3739 2204; x_wconf 90' lang='lat' dir='ltr'>causarum</span> <span class='ocrx_word' id='word_1_304' title='bbox 3778 2142 3973 2205; x_wconf 84' lang='lat' dir='ltr'>cavil-</span> 
     </span>
     <span class='ocr_line' id='line_1_53' title="bbox 2486 2238 3973 2315; baseline 0.003 -16"><span class='ocrx_word' id='word_1_305' title='bbox 2486 2238 2655 2301; x_wconf 91' lang='lat' dir='ltr'>losas</span> <span class='ocrx_word' id='word_1_306' title='bbox 2685 2239 2838 2300; x_wconf 88' lang='lat' dir='ltr'>dant</span> <span class='ocrx_word' id='word_1_307' title='bbox 2858 2238 3123 2315; x_wconf 78' lang='lat' dir='ltr'>litteraS‚</span> <span class='ocrx_word' id='word_1_308' title='bbox 3162 2248 3232 2301; x_wconf 90' lang='lat' dir='ltr'>ut</span> <span class='ocrx_word' id='word_1_309' title='bbox 3258 2258 3449 2301; x_wconf 90' lang='lat' dir='ltr'>causa</span> <span class='ocrx_word' id='word_1_310' title='bbox 3478 2258 3621 2302; x_wconf 90' lang='lat' dir='ltr'>cum</span> <span class='ocrx_word' id='word_1_311' title='bbox 3654 2240 3973 2303; x_wconf 87' lang='lat' dir='ltr'>messione</span> 
     </span>
     <span class='ocr_line' id='line_1_54' title="bbox 2487 2337 3972 2409; baseline 0.001 -10"><span class='ocrx_word' id='word_1_312' title='bbox 2487 2357 2599 2400; x_wconf 88' lang='lat' dir='ltr'>seu</span> <span class='ocrx_word' id='word_1_313' title='bbox 2631 2337 2807 2399; x_wconf 90' lang='lat' dir='ltr'>lucro</span> <span class='ocrx_word' id='word_1_314' title='bbox 2839 2338 2914 2399; x_wconf 88' lang='lat' dir='ltr'>ad</span> <span class='ocrx_word' id='word_1_315' title='bbox 2946 2355 3054 2400; x_wconf 89' lang='lat' dir='ltr'>eos</span> <span class='ocrx_word' id='word_1_316' title='bbox 3084 2337 3295 2401; x_wconf 88' lang='lat' dir='ltr'>denuo</span> <span class='ocrx_word' id='word_1_317' title='bbox 3318 2346 3690 2401; x_wconf 81' lang='lat' dir='ltr'>revertatur.</span> <span class='ocrx_word' id='word_1_318' title='bbox 3718 2342 3972 2409; x_wconf 77' lang='lat' dir='ltr'>Fcame,</span> 
     </span>
     <span class='ocr_line' id='line_1_55' title="bbox 2486 2436 3973 2519; baseline 0.001 -21"><span class='ocrx_word' id='word_1_319' title='bbox 2486 2436 2549 2498; x_wconf 93' lang='lat' dir='ltr'>id</span> <span class='ocrx_word' id='word_1_320' title='bbox 2580 2445 2697 2512; x_wconf 83' lang='lat' dir='ltr'>est,</span> <span class='ocrx_word' id='word_1_321' title='bbox 2725 2436 3039 2519; x_wconf 89' lang='lat' dir='ltr'>judicium</span> <span class='ocrx_word' id='word_1_322' title='bbox 3082 2456 3226 2499; x_wconf 91' lang='lat' dir='ltr'>cum</span> <span class='ocrx_word' id='word_1_323' title='bbox 3260 2438 3595 2501; x_wconf 87' lang='lat' dir='ltr'>velocitate</span> <span class='ocrx_word' id='word_1_324' title='bbox 3624 2457 3696 2499; x_wconf 89' lang='lat' dir='ltr'>ac</span> <span class='ocrx_word' id='word_1_325' title='bbox 3730 2438 3973 2519; x_wconf 89' lang='lat' dir='ltr'>impetu</span> 
     </span>
     <span class='ocr_line' id='line_1_56' title="bbox 2488 2535 3975 2615; baseline 0.002 -19"><span class='ocrx_word' id='word_1_326' title='bbox 2488 2535 2763 2599; x_wconf 83' lang='lat' dir='ltr'>faciente</span> <span class='ocrx_word' id='word_1_327' title='bbox 2794 2540 2949 2605; x_wconf 83' lang='lat' dir='ltr'>Dec,</span> <span class='ocrx_word' id='word_1_328' title='bbox 2972 2538 3241 2615; x_wconf 80' lang='lat' dir='ltr'>perisse,</span> <span class='ocrx_word' id='word_1_329' title='bbox 3270 2546 3330 2597; x_wconf 76' lang='lat' dir='ltr'>et</span> <span class='ocrx_word' id='word_1_330' title='bbox 3358 2539 3623 2614; x_wconf 71' lang='lat' dir='ltr'>spiritu,</span> <span class='ocrx_word' id='word_1_331' title='bbox 3655 2537 3717 2598; x_wconf 86' lang='lat' dir='ltr'>id</span> <span class='ocrx_word' id='word_1_332' title='bbox 3748 2544 3843 2599; x_wconf 83' lang='lat' dir='ltr'>est</span> <span class='ocrx_word' id='word_1_333' title='bbox 3874 2555 3975 2599; x_wconf 84' lang='lat' dir='ltr'>vo-</span> 
     </span>
     <span class='ocr_line' id='line_1_57' title="bbox 2486 2634 3970 2716; baseline 0.001 -21"><span class='ocrx_word' id='word_1_334' title='bbox 2486 2634 2731 2696; x_wconf 83' lang='lat' dir='ltr'>luntate</span> <span class='ocrx_word' id='word_1_335' title='bbox 2762 2634 2861 2698; x_wconf 87' lang='lat' dir='ltr'>vel</span> <span class='ocrx_word' id='word_1_336' title='bbox 2905 2644 3094 2698; x_wconf 87' lang='lat' dir='ltr'>vento</span> <span class='ocrx_word' id='word_1_337' title='bbox 3126 2654 3238 2697; x_wconf 91' lang='lat' dir='ltr'>seu</span> <span class='ocrx_word' id='word_1_338' title='bbox 3284 2635 3547 2716; x_wconf 86' lang='lat' dir='ltr'>impetu,</span> <span class='ocrx_word' id='word_1_339' title='bbox 3591 2638 3734 2705; x_wconf 81' lang='lat' dir='ltr'>iroe,</span> <span class='ocrx_word' id='word_1_340' title='bbox 3774 2635 3838 2696; x_wconf 91' lang='lat' dir='ltr'>id</span> <span class='ocrx_word' id='word_1_341' title='bbox 3875 2643 3970 2698; x_wconf 80' lang='lat' dir='ltr'>est</span> 
     </span>
     <span class='ocr_line' id='line_1_58' title="bbox 2483 2732 3975 2813; baseline 0.001 -19"><span class='ocrx_word' id='word_1_342' title='bbox 2483 2732 2668 2813; x_wconf 81' lang='lat' dir='ltr'>justae</span> <span class='ocrx_word' id='word_1_343' title='bbox 2712 2732 3031 2808; x_wconf 79' lang='lat' dir='ltr'>vindictae,</span> <span class='ocrx_word' id='word_1_344' title='bbox 3078 2733 3219 2809; x_wconf 82' lang='lat' dir='ltr'>ejus</span> <span class='ocrx_word' id='word_1_345' title='bbox 3256 2752 3383 2792; x_wconf 85' lang='lat' dir='ltr'>esse</span> <span class='ocrx_word' id='word_1_346' title='bbox 3418 2743 3842 2809; x_wconf 71' lang='lat' dir='ltr'>consumptua,</span> <span class='ocrx_word' id='word_1_347' title='bbox 3884 2733 3975 2795; x_wconf 67' lang='lat' dir='ltr'>ita</span> 
     </span>
     <span class='ocr_line' id='line_1_59' title="bbox 2484 2830 3973 2912; baseline 0 -19"><span class='ocrx_word' id='word_1_348' title='bbox 2484 2832 2656 2911; x_wconf 91' lang='lat' dir='ltr'>quod</span> <span class='ocrx_word' id='word_1_349' title='bbox 2690 2830 2755 2892; x_wconf 89' lang='lat' dir='ltr'>in</span> <span class='ocrx_word' id='word_1_350' title='bbox 2786 2830 2916 2895; x_wconf 87' lang='lat' dir='ltr'>vita</span> <span class='ocrx_word' id='word_1_351' title='bbox 2948 2830 3066 2893; x_wconf 91' lang='lat' dir='ltr'>hac</span> <span class='ocrx_word' id='word_1_352' title='bbox 3109 2850 3222 2912; x_wconf 91' lang='lat' dir='ltr'>pro</span> <span class='ocrx_word' id='word_1_353' title='bbox 3252 2831 3385 2893; x_wconf 89' lang='lat' dir='ltr'>suis</span> <span class='ocrx_word' id='word_1_354' title='bbox 3415 2831 3779 2894; x_wconf 85' lang='lat' dir='ltr'>excessibus</span> <span class='ocrx_word' id='word_1_355' title='bbox 3821 2840 3973 2893; x_wconf 88' lang='lat' dir='ltr'>sunt</span> 
     </span>
     <span class='ocr_line' id='line_1_60' title="bbox 2486 2928 3969 3012; baseline 0.002 -22"><span class='ocrx_word' id='word_1_356' title='bbox 2486 2929 2721 3012; x_wconf 84' lang='lat' dir='ltr'>plagati</span> <span class='ocrx_word' id='word_1_357' title='bbox 2743 2928 3055 2992; x_wconf 82' lang='lat' dir='ltr'>divinitus</span> <span class='ocrx_word' id='word_1_358' title='bbox 3077 2937 3141 2992; x_wconf 89' lang='lat' dir='ltr'>et</span> <span class='ocrx_word' id='word_1_359' title='bbox 3159 2928 3496 3012; x_wconf 86' lang='lat' dir='ltr'>perempti.</span> <span class='ocrx_word' id='word_1_360' title='bbox 3521 2930 3737 2993; x_wconf 88' lang='lat' dir='ltr'>Servat</span> <span class='ocrx_word' id='word_1_361' title='bbox 3754 2939 3969 2993; x_wconf 86' lang='lat' dir='ltr'>autem</span> 
     </span>
    </p>
   </div>
   <div class='ocr_carea' id='block_1_19' title="bbox 882 3027 3973 3112">
    <p class='ocr_par' dir='ltr' id='par_1_19' title="bbox 882 3027 3973 3112">
     <span class='ocr_line' id='line_1_61' title="bbox 882 3027 3973 3112; baseline -0.001 -17"><span class='ocrx_word' id='word_1_362' title='bbox 882 3032 1056 3095; x_wconf 88' lang='lat' dir='ltr'>cidas</span> <span class='ocrx_word' id='word_1_363' title='bbox 1102 3031 1346 3112; x_wconf 91' lang='lat' dir='ltr'>justum</span> <span class='ocrx_word' id='word_1_364' title='bbox 1395 3049 1541 3092; x_wconf 90' lang='lat' dir='ltr'>cum</span> <span class='ocrx_word' id='word_1_365' title='bbox 1591 3030 1815 3111; x_wconf 91' lang='lat' dir='ltr'>impio,</span> <span class='ocrx_word' id='word_1_366' title='bbox 1870 3029 2114 3112; x_wconf 83' lang='lat' dir='ltr'>fiatque</span> <span class='ocrx_word' id='word_1_367' title='bbox 2161 3030 2372 3111; x_wconf 83' lang='lat' dir='ltr'>justus</span> <span class='ocrx_word' id='word_1_368' title='bbox 2409 3028 2452 3090; x_wconf 91' lang='lat' dir='ltr'>C</span> <span class='ocrx_word' id='word_1_369' title='bbox 2483 3028 2841 3091; x_wconf 80' lang='lat' dir='ltr'>inchoatam</span> <span class='ocrx_word' id='word_1_370' title='bbox 2875 3028 2953 3090; x_wconf 93' lang='lat' dir='ltr'>de</span> <span class='ocrx_word' id='word_1_371' title='bbox 2985 3027 3405 3091; x_wconf 89' lang='lat' dir='ltr'>seminatione</span> <span class='ocrx_word' id='word_1_372' title='bbox 3432 3037 3495 3091; x_wconf 92' lang='lat' dir='ltr'>et</span> <span class='ocrx_word' id='word_1_373' title='bbox 3523 3029 3839 3092; x_wconf 89' lang='lat' dir='ltr'>messione</span> <span class='ocrx_word' id='word_1_374' title='bbox 3871 3049 3973 3112; x_wconf 91' lang='lat' dir='ltr'>pa-</span> 
     </span>
    </p>
   </div>
   <div class='ocr_carea' id='block_1_20' title="bbox 880 3127 2376 4194">
    <p class='ocr_par' dir='ltr' id='par_1_20' title="bbox 880 3127 2376 4194">
     <span class='ocr_line' id='line_1_62' title="bbox 883 3127 2375 3211; baseline -0.002 -19"><span class='ocrx_word' id='word_1_375' title='bbox 883 3130 1047 3194; x_wconf 89' lang='lat' dir='ltr'>sicut</span> <span class='ocrx_word' id='word_1_376' title='bbox 1080 3128 1336 3211; x_wconf 79' lang='lat' dir='ltr'>impius,</span> <span class='ocrx_word' id='word_1_377' title='bbox 1363 3128 1482 3191; x_wconf 86' lang='lat' dir='ltr'>Sed</span> <span class='ocrx_word' id='word_1_378' title='bbox 1511 3136 1574 3191; x_wconf 88' lang='lat' dir='ltr'>et</span> <span class='ocrx_word' id='word_1_379' title='bbox 1604 3128 1832 3191; x_wconf 89' lang='lat' dir='ltr'>iterum</span> <span class='ocrx_word' id='word_1_380' title='bbox 1866 3128 1932 3189; x_wconf 89' lang='lat' dir='ltr'>in</span> <span class='ocrx_word' id='word_1_381' title='bbox 1962 3127 2191 3191; x_wconf 88' lang='lat' dir='ltr'>Genesi</span> <span class='ocrx_word' id='word_1_382' title='bbox 2219 3129 2375 3191; x_wconf 88' lang='lat' dir='ltr'>dici-</span> 
     </span>
     <span class='ocr_line' id='line_1_63' title="bbox 886 3225 2375 3307; baseline -0.001 -18"><span class='ocrx_word' id='word_1_383' title='bbox 886 3236 988 3290; x_wconf 90' lang='lat' dir='ltr'>tur</span> <span class='ocrx_word' id='word_1_384' title='bbox 1015 3228 1141 3291; x_wconf 89' lang='lat' dir='ltr'>Deo</span> <span class='ocrx_word' id='word_1_385' title='bbox 1178 3244 1192 3288; x_wconf 76' lang='grc' dir='ltr'>ε</span> <span class='ocrx_word' id='word_1_386' title='bbox 1225 3226 1383 3289; x_wconf 91' lang='lat' dir='ltr'>Num</span> <span class='ocrx_word' id='word_1_387' title='bbox 1414 3236 1667 3306; x_wconf 82' lang='lat' dir='ltr'>gentem</span> <span class='ocrx_word' id='word_1_388' title='bbox 1697 3227 1930 3307; x_wconf 86' lang='lat' dir='ltr'>justam</span> <span class='ocrx_word' id='word_1_389' title='bbox 1977 3234 2038 3288; x_wconf 86' lang='lat' dir='ltr'>et</span> <span class='ocrx_word' id='word_1_390' title='bbox 2072 3225 2375 3290; x_wconf 89' lang='lat' dir='ltr'>innocen-</span> 
     </span>
     <span class='ocr_line' id='line_1_64' title="bbox 884 3324 2371 3406; baseline -0.001 -17"><span class='ocrx_word' id='word_1_391' title='bbox 884 3336 1008 3389; x_wconf 88' lang='lat' dir='ltr'>tem</span> <span class='ocrx_word' id='word_1_392' title='bbox 1061 3324 1456 3388; x_wconf 69' lang='lat' dir='ltr'>interficies?</span> <span class='ocrx_word' id='word_1_393' title='bbox 1497 3326 1573 3387; x_wconf 85' lang='lat' dir='ltr'>Et</span> <span class='ocrx_word' id='word_1_394' title='bbox 1621 3325 2157 3406; x_wconf 89' lang='lat' dir='ltr'>respondendum,</span> <span class='ocrx_word' id='word_1_395' title='bbox 2201 3326 2371 3406; x_wconf 89' lang='lat' dir='ltr'>quod</span> 
     </span>
     <span class='ocr_line' id='line_1_65' title="bbox 885 3422 2374 3507; baseline 0 -21"><span class='ocrx_word' id='word_1_396' title='bbox 885 3443 1053 3507; x_wconf 84' lang='lat' dir='ltr'>saepe</span> <span class='ocrx_word' id='word_1_397' title='bbox 1095 3432 1378 3505; x_wconf 88' lang='lat' dir='ltr'>tempore</span> <span class='ocrx_word' id='word_1_398' title='bbox 1407 3422 1564 3503; x_wconf 86' lang='lat' dir='ltr'>legis</span> <span class='ocrx_word' id='word_1_399' title='bbox 1595 3432 1837 3486; x_wconf 80' lang='lat' dir='ltr'>naturae</span> <span class='ocrx_word' id='word_1_400' title='bbox 1866 3443 1939 3486; x_wconf 89' lang='lat' dir='ltr'>ac</span> <span class='ocrx_word' id='word_1_401' title='bbox 1971 3423 2243 3505; x_wconf 67' lang='lat' dir='ltr'>scriptae,</span> <span class='ocrx_word' id='word_1_402' title='bbox 2275 3424 2374 3505; x_wconf 88' lang='lat' dir='ltr'>ju—</span> 
     </span>
     <span class='ocr_line' id='line_1_66' title="bbox 885 3521 2371 3605; baseline 0 -21"><span class='ocrx_word' id='word_1_403' title='bbox 885 3523 984 3585; x_wconf 90' lang='lat' dir='ltr'>sti·</span> <span class='ocrx_word' id='word_1_404' title='bbox 1015 3523 1080 3584; x_wconf 92' lang='lat' dir='ltr'>in</span> <span class='ocrx_word' id='word_1_405' title='bbox 1133 3521 1590 3603; x_wconf 86' lang='lat' dir='ltr'>temporalibus</span> <span class='ocrx_word' id='word_1_406' title='bbox 1641 3521 2199 3605; x_wconf 84' lang='lat' dir='ltr'>prosperabantur,</span> <span class='ocrx_word' id='word_1_407' title='bbox 2244 3541 2371 3585; x_wconf 90' lang='lat' dir='ltr'>non</span> 
     </span>
     <span class='ocr_line' id='line_1_67' title="bbox 885 3621 2374 3703; baseline -0.001 -19"><span class='ocrx_word' id='word_1_408' title='bbox 885 3628 1097 3684; x_wconf 88' lang='lat' dir='ltr'>autem</span> <span class='ocrx_word' id='word_1_409' title='bbox 1139 3638 1383 3697; x_wconf 79' lang='lat' dir='ltr'>omneS,</span> <span class='ocrx_word' id='word_1_410' title='bbox 1419 3639 1536 3683; x_wconf 89' lang='lat' dir='ltr'>nec</span> <span class='ocrx_word' id='word_1_411' title='bbox 1573 3639 1823 3703; x_wconf 90' lang='lat' dir='ltr'>semper</span> <span class='ocrx_word' id='word_1_412' title='bbox 1861 3638 1874 3682; x_wconf 92' lang='lat'>:</span> <span class='ocrx_word' id='word_1_413' title='bbox 1909 3621 2062 3701; x_wconf 88' lang='lat' dir='ltr'>quia</span> <span class='ocrx_word' id='word_1_414' title='bbox 2105 3629 2169 3683; x_wconf 91' lang='lat' dir='ltr'>et</span> <span class='ocrx_word' id='word_1_415' title='bbox 2206 3621 2374 3683; x_wconf 85' lang='lat' dir='ltr'>Jcre-</span> 
     </span>
     <span class='ocr_line' id='line_1_68' title="bbox 888 3717 2375 3800; baseline 0 -19"><span class='ocrx_word' id='word_1_416' title='bbox 888 3720 1046 3782; x_wconf 88' lang='lat' dir='ltr'>mias</span> <span class='ocrx_word' id='word_1_417' title='bbox 1088 3717 1411 3799; x_wconf 89' lang='lat' dir='ltr'>ceterique</span> <span class='ocrx_word' id='word_1_418' title='bbox 1442 3718 1770 3799; x_wconf 84' lang='lat' dir='ltr'>Prophetae</span> <span class='ocrx_word' id='word_1_419' title='bbox 1811 3717 1971 3779; x_wconf 93' lang='lat' dir='ltr'>dura</span> <span class='ocrx_word' id='word_1_420' title='bbox 2009 3718 2195 3781; x_wconf 87' lang='lat' dir='ltr'>valde</span> <span class='ocrx_word' id='word_1_421' title='bbox 2235 3738 2375 3800; x_wconf 88' lang='lat' dir='ltr'>per—</span> 
     </span>
     <span class='ocr_line' id='line_1_69' title="bbox 887 3816 2376 3901; baseline -0.001 -19"><span class='ocrx_word' id='word_1_422' title='bbox 887 3818 1054 3901; x_wconf 89' lang='lat' dir='ltr'>pessi</span> <span class='ocrx_word' id='word_1_423' title='bbox 1085 3826 1234 3880; x_wconf 90' lang='lat' dir='ltr'>sunt</span> <span class='ocrx_word' id='word_1_424' title='bbox 1263 3836 1300 3879; x_wconf 91' lang='lat' dir='ltr'>a</span> <span class='ocrx_word' id='word_1_425' title='bbox 1331 3816 1670 3898; x_wconf 83' lang='lat' dir='ltr'>perversiS,</span> <span class='ocrx_word' id='word_1_426' title='bbox 1695 3816 1857 3879; x_wconf 83' lang='lat' dir='ltr'>sicut</span> <span class='ocrx_word' id='word_1_427' title='bbox 1890 3824 1953 3878; x_wconf 88' lang='lat' dir='ltr'>et</span> <span class='ocrx_word' id='word_1_428' title='bbox 1984 3816 2210 3879; x_wconf 86' lang='lat' dir='ltr'>fratres</span> <span class='ocrx_word' id='word_1_429' title='bbox 2244 3836 2376 3900; x_wconf 89' lang='lat' dir='ltr'>sep-</span> 
     </span>
     <span class='ocr_line' id='line_1_70' title="bbox 888 3914 2368 3996; baseline -0.001 -17"><span class='ocrx_word' id='word_1_430' title='bbox 888 3927 1010 3981; x_wconf 87' lang='lat' dir='ltr'>tem</span> <span class='ocrx_word' id='word_1_431' title='bbox 1070 3936 1214 3980; x_wconf 89' lang='lat' dir='ltr'>cum</span> <span class='ocrx_word' id='word_1_432' title='bbox 1273 3924 1474 3979; x_wconf 88' lang='lat' dir='ltr'>matre</span> <span class='ocrx_word' id='word_1_433' title='bbox 1533 3934 1647 3977; x_wconf 89' lang='lat' dir='ltr'>sua</span> <span class='ocrx_word' id='word_1_434' title='bbox 1701 3914 1783 3977; x_wconf 90' lang='lat' dir='ltr'>ab</span> <span class='ocrx_word' id='word_1_435' title='bbox 1827 3914 2140 3978; x_wconf 88' lang='lat' dir='ltr'>Antiocho</span> <span class='ocrx_word' id='word_1_436' title='bbox 2200 3933 2368 3996; x_wconf 80' lang='lat' dir='ltr'>rege.</span> 
     </span>
     <span class='ocr_line' id='line_1_71' title="bbox 882 4013 2371 4095; baseline -0.001 -16"><span class='ocrx_word' id='word_1_437' title='bbox 882 4016 1156 4079; x_wconf 86' lang='lat' dir='ltr'>Inductae</span> <span class='ocrx_word' id='word_1_438' title='bbox 1183 4023 1392 4076; x_wconf 89' lang='lat' dir='ltr'>autem</span> <span class='ocrx_word' id='word_1_439' title='bbox 1414 4013 1818 4076; x_wconf 84' lang='lat' dir='ltr'>auctoritates</span> <span class='ocrx_word' id='word_1_440' title='bbox 1839 4032 1914 4075; x_wconf 88' lang='lat' dir='ltr'>ex</span> <span class='ocrx_word' id='word_1_441' title='bbox 1933 4013 2159 4076; x_wconf 85' lang='lat' dir='ltr'>Genesi</span> <span class='ocrx_word' id='word_1_442' title='bbox 2181 4022 2371 4095; x_wconf 90' lang='lat' dir='ltr'>atque</span> 
     </span>
     <span class='ocr_line' id='line_1_72' title="bbox 880 4111 2371 4194; baseline -0.001 -17"><span class='ocrx_word' id='word_1_443' title='bbox 880 4112 1272 4189; x_wconf 80' lang='lat' dir='ltr'>consimileS,</span> <span class='ocrx_word' id='word_1_444' title='bbox 1309 4111 1754 4191; x_wconf 87' lang='lat' dir='ltr'>intelliguntur</span> <span class='ocrx_word' id='word_1_445' title='bbox 1785 4130 1900 4192; x_wconf 91' lang='lat' dir='ltr'>pro</span> <span class='ocrx_word' id='word_1_446' title='bbox 1941 4121 2227 4194; x_wconf 89' lang='lat' dir='ltr'>tempore</span> <span class='ocrx_word' id='word_1_447' title='bbox 2258 4112 2371 4175; x_wconf 89' lang='lat' dir='ltr'>illo</span> 
     </span>
    </p>
   </div>
   <div class='ocr_carea' id='block_1_21' title="bbox 2480 3124 3971 3700">
    <p class='ocr_par' dir='ltr' id='par_1_21' title="bbox 2480 3124 3971 3700">
     <span class='ocr_line' id='line_1_73' title="bbox 2482 3124 3965 3208; baseline 0.001 -21"><span class='ocrx_word' id='word_1_448' title='bbox 2482 3126 2786 3202; x_wconf 90' lang='lat' dir='ltr'>rabolam‚</span> <span class='ocrx_word' id='word_1_449' title='bbox 2822 3124 3111 3189; x_wconf 88' lang='lat' dir='ltr'>divinum</span> <span class='ocrx_word' id='word_1_450' title='bbox 3148 3125 3463 3208; x_wconf 88' lang='lat' dir='ltr'>judicium</span> <span class='ocrx_word' id='word_1_451' title='bbox 3501 3128 3579 3188; x_wconf 89' lang='lat' dir='ltr'>ad</span> <span class='ocrx_word' id='word_1_452' title='bbox 3620 3127 3965 3190; x_wconf 86' lang='lat' dir='ltr'>vindictam</span> 
     </span>
     <span class='ocr_line' id='line_1_74' title="bbox 2480 3222 3971 3307; baseline 0.001 -22"><span class='ocrx_word' id='word_1_453' title='bbox 2480 3224 2852 3306; x_wconf 83' lang='lat' dir='ltr'>procedenS,</span> <span class='ocrx_word' id='word_1_454' title='bbox 2888 3222 3113 3286; x_wconf 86' lang='lat' dir='ltr'>flatum</span> <span class='ocrx_word' id='word_1_455' title='bbox 3145 3224 3318 3287; x_wconf 82' lang='lat' dir='ltr'>venti</span> <span class='ocrx_word' id='word_1_456' title='bbox 3350 3225 3701 3306; x_wconf 70' lang='lat' dir='ltr'>appellam,</span> <span class='ocrx_word' id='word_1_457' title='bbox 3736 3226 3971 3307; x_wconf 88' lang='lat' dir='ltr'>ipsam-</span> 
     </span>
     <span class='ocr_line' id='line_1_75' title="bbox 2482 3322 3967 3405; baseline 0.001 -21"><span class='ocrx_word' id='word_1_458' title='bbox 2482 3342 2608 3404; x_wconf 84' lang='lat' dir='ltr'>que</span> <span class='ocrx_word' id='word_1_459' title='bbox 2668 3322 3015 3386; x_wconf 85' lang='lat' dir='ltr'>vindictam</span> <span class='ocrx_word' id='word_1_460' title='bbox 3078 3322 3417 3385; x_wconf 89' lang='lat' dir='ltr'>nominans</span> <span class='ocrx_word' id='word_1_461' title='bbox 3474 3323 3793 3405; x_wconf 87' lang='lat' dir='ltr'>spiritum,</span> <span class='ocrx_word' id='word_1_462' title='bbox 3852 3344 3967 3386; x_wconf 84' lang='lat' dir='ltr'>seu</span> 
     </span>
     <span class='ocr_line' id='line_1_76' title="bbox 2483 3420 3967 3504; baseline 0.001 -22"><span class='ocrx_word' id='word_1_463' title='bbox 2483 3429 2768 3498; x_wconf 82' lang='lat' dir='ltr'>ventum,</span> <span class='ocrx_word' id='word_1_464' title='bbox 2824 3420 2933 3483; x_wconf 82' lang='lat' dir='ltr'>irae</span> <span class='ocrx_word' id='word_1_465' title='bbox 2968 3420 3203 3503; x_wconf 89' lang='lat' dir='ltr'>judicis</span> <span class='ocrx_word' id='word_1_466' title='bbox 3250 3421 3380 3483; x_wconf 88' lang='lat' dir='ltr'>Dei.</span> <span class='ocrx_word' id='word_1_467' title='bbox 3428 3420 3681 3503; x_wconf 84' lang='lat' dir='ltr'>Segetes</span> <span class='ocrx_word' id='word_1_468' title='bbox 3724 3422 3967 3504; x_wconf 85' lang='lat' dir='ltr'>quippe</span> 
     </span>
     <span class='ocr_line' id='line_1_77' title="bbox 2482 3519 3971 3601; baseline 0 -18"><span class='ocrx_word' id='word_1_469' title='bbox 2482 3527 2673 3583; x_wconf 90' lang='lat' dir='ltr'>vento</span> <span class='ocrx_word' id='word_1_470' title='bbox 2714 3528 2939 3582; x_wconf 86' lang='lat' dir='ltr'>urente</span> <span class='ocrx_word' id='word_1_471' title='bbox 2986 3519 3209 3582; x_wconf 90' lang='lat' dir='ltr'>siccari</span> <span class='ocrx_word' id='word_1_472' title='bbox 3258 3519 3463 3583; x_wconf 87' lang='lat' dir='ltr'>solent</span> <span class='ocrx_word' id='word_1_473' title='bbox 3504 3528 3694 3601; x_wconf 85' lang='lat' dir='ltr'>atque</span> <span class='ocrx_word' id='word_1_474' title='bbox 3740 3540 3971 3584; x_wconf 88' lang='lat' dir='ltr'>consu-</span> 
     </span>
     <span class='ocr_line' id='line_1_78' title="bbox 2481 3618 3969 3700; baseline 0.002 -21"><span class='ocrx_word' id='word_1_475' title='bbox 2481 3618 2570 3679; x_wconf 90' lang='lat' dir='ltr'>mi</span> <span class='ocrx_word' id='word_1_476' title='bbox 2597 3635 2610 3678; x_wconf 92' lang='lat'>:</span> <span class='ocrx_word' id='word_1_477' title='bbox 2635 3625 2895 3700; x_wconf 90' lang='lat' dir='ltr'>propter</span> <span class='ocrx_word' id='word_1_478' title='bbox 2922 3619 3094 3699; x_wconf 91' lang='lat' dir='ltr'>quod</span> <span class='ocrx_word' id='word_1_479' title='bbox 3124 3636 3236 3699; x_wconf 90' lang='lat' dir='ltr'>per</span> <span class='ocrx_word' id='word_1_480' title='bbox 3264 3618 3627 3682; x_wconf 82' lang='lat' dir='ltr'>Malachiam</span> <span class='ocrx_word' id='word_1_481' title='bbox 3660 3620 3969 3682; x_wconf 88' lang='lat' dir='ltr'>Dominus</span> 
     </span>
    </p>
   </div>
   <div class='ocr_carea' id='block_1_22' title="bbox 2483 3715 4241 3897">
    <p class='ocr_par' dir='ltr' id='par_1_22' title="bbox 2483 3715 4241 3897">
     <span class='ocr_line' id='line_1_79' title="bbox 2483 3715 4241 3799; baseline -0.002 -21"><span class='ocrx_word' id='word_1_482' title='bbox 2483 3716 2797 3798; x_wconf 86' lang='lat' dir='ltr'>promittit</span> <span class='ocrx_word' id='word_1_483' title='bbox 2823 3717 2854 3777; x_wconf 85' lang='lat' dir='ltr'>J</span> <span class='ocrx_word' id='word_1_484' title='bbox 2861 3715 3054 3778; x_wconf 82' lang='lat' dir='ltr'>udaeis</span> <span class='ocrx_word' id='word_1_485' title='bbox 3081 3734 3095 3777; x_wconf 90' lang='lat'>:</span> <span class='ocrx_word' id='word_1_486' title='bbox 3119 3716 3463 3798; x_wconf 88' lang='lat' dir='ltr'>Increpabo</span> <span class='ocrx_word' id='word_1_487' title='bbox 3484 3736 3598 3799; x_wconf 91' lang='lat' dir='ltr'>pro</span> <span class='ocrx_word' id='word_1_488' title='bbox 3622 3717 3803 3780; x_wconf 90' lang='lat' dir='ltr'>vobis</span> <span class='ocrx_word' id='word_1_489' title='bbox 3824 3738 3971 3783; x_wconf 87' lang='lat' dir='ltr'>ven·</span> <span class='ocrx_word' id='word_1_490' title='bbox 3994 3746 4241 3791; x_wconf 48' lang='lat' dir='ltr'>,mmm</span> 
     </span>
     <span class='ocr_line' id='line_1_80' title="bbox 2485 3812 4071 3897; baseline 0.002 -22"><span class='ocrx_word' id='word_1_491' title='bbox 2485 3823 2615 3875; x_wconf 89' lang='lat' dir='ltr'>tum</span> <span class='ocrx_word' id='word_1_492' title='bbox 2638 3815 3047 3877; x_wconf 88' lang='lat' dir='ltr'>devorantem</span> <span class='ocrx_word' id='word_1_493' title='bbox 3069 3822 3133 3877; x_wconf 89' lang='lat' dir='ltr'>et</span> <span class='ocrx_word' id='word_1_494' title='bbox 3152 3824 3653 3897; x_wconf 85' lang='lat' dir='ltr'>corrumpentem</span> <span class='ocrx_word' id='word_1_495' title='bbox 3686 3815 3968 3880; x_wconf 86' lang='lat' dir='ltr'>fructum</span> <span class='ocrx_word' id='word_1_496' title='bbox 3996 3812 4071 3854; x_wconf 88' lang='lat'>¹¹·</span> 
     </span>
    </p>
   </div>
   <div class='ocr_carea' id='block_1_23' title="bbox 2480 3912 3971 4194">
    <p class='ocr_par' dir='ltr' id='par_1_23' title="bbox 2480 3912 3971 4194">
     <span class='ocr_line' id='line_1_81' title="bbox 2482 3912 3970 3994; baseline 0.003 -21"><span class='ocrx_word' id='word_1_497' title='bbox 2482 3921 2663 3975; x_wconf 81' lang='lat' dir='ltr'>terrae</span> <span class='ocrx_word' id='word_1_498' title='bbox 2692 3920 2937 3975; x_wconf 81' lang='lat' dir='ltr'>vestrae.</span> <span class='ocrx_word' id='word_1_499' title='bbox 2973 3912 3189 3994; x_wconf 88' lang='lat' dir='ltr'>ltaque</span> <span class='ocrx_word' id='word_1_500' title='bbox 3227 3913 3506 3976; x_wconf 90' lang='lat' dir='ltr'>humana</span> <span class='ocrx_word' id='word_1_501' title='bbox 3546 3914 3970 3978; x_wconf 88' lang='lat' dir='ltr'>similitudine</span> 
     </span>
     <span class='ocr_line' id='line_1_82' title="bbox 2480 4011 3969 4093; baseline 0.003 -21"><span class='ocrx_word' id='word_1_502' title='bbox 2480 4011 2784 4093; x_wconf 86' lang='lat' dir='ltr'>loquitur.</span> <span class='ocrx_word' id='word_1_503' title='bbox 2817 4011 2940 4073; x_wconf 89' lang='lat' dir='ltr'>Nos</span> <span class='ocrx_word' id='word_1_504' title='bbox 2988 4011 3161 4073; x_wconf 90' lang='lat' dir='ltr'>enim</span> <span class='ocrx_word' id='word_1_505' title='bbox 3210 4031 3405 4093; x_wconf 90' lang='lat' dir='ltr'>quum</span> <span class='ocrx_word' id='word_1_506' title='bbox 3459 4011 3712 4090; x_wconf 80' lang='lat' dir='ltr'>flamuS,</span> <span class='ocrx_word' id='word_1_507' title='bbox 3754 4033 3969 4077; x_wconf 90' lang='lat' dir='ltr'>aerem</span> 
     </span>
     <span class='ocr_line' id='line_1_83' title="bbox 2481 4109 3971 4194; baseline 0.003 -24"><span class='ocrx_word' id='word_1_508' title='bbox 2481 4109 2648 4171; x_wconf 87' lang='lat' dir='ltr'>intra</span> <span class='ocrx_word' id='word_1_509' title='bbox 2691 4127 2806 4171; x_wconf 89' lang='lat' dir='ltr'>nos</span> <span class='ocrx_word' id='word_1_510' title='bbox 2854 4109 3188 4186; x_wconf 83' lang='lat' dir='ltr'>trahimuS,</span> <span class='ocrx_word' id='word_1_511' title='bbox 3233 4110 3601 4191; x_wconf 89' lang='lat' dir='ltr'>impetuque</span> <span class='ocrx_word' id='word_1_512' title='bbox 3644 4112 3971 4194; x_wconf 88' lang='lat' dir='ltr'>pulmonis</span> 
     </span>
    </p>
   </div>
   <div class='ocr_carea' id='block_1_24' title="bbox 881 4208 3971 4292">
    <p class='ocr_par' dir='ltr' id='par_1_24' title="bbox 881 4208 3971 4292">
     <span class='ocr_line' id='line_1_84' title="bbox 881 4208 3971 4292; baseline 0 -19"><span class='ocrx_word' id='word_1_513' title='bbox 881 4210 1229 4274; x_wconf 89' lang='lat' dir='ltr'>secundum</span> <span class='ocrx_word' id='word_1_514' title='bbox 1261 4228 1516 4271; x_wconf 89' lang='lat' dir='ltr'>cursum</span> <span class='ocrx_word' id='word_1_515' title='bbox 1549 4227 1975 4284; x_wconf 88' lang='lat' dir='ltr'>communem,</span> <span class='ocrx_word' id='word_1_516' title='bbox 1998 4218 2060 4272; x_wconf 90' lang='lat' dir='ltr'>et</span> <span class='ocrx_word' id='word_1_517' title='bbox 2091 4210 2261 4291; x_wconf 93' lang='lat' dir='ltr'>quod</span> <span class='ocrx_word' id='word_1_518' title='bbox 2283 4210 2375 4290; x_wconf 88' lang='lat' dir='ltr'>ju·</span> <span class='ocrx_word' id='word_1_519' title='bbox 2402 4215 2451 4278; x_wconf 92' lang='lat' dir='ltr'>D</span> <span class='ocrx_word' id='word_1_520' title='bbox 2479 4228 2551 4271; x_wconf 90' lang='lat' dir='ltr'>ac</span> <span class='ocrx_word' id='word_1_521' title='bbox 2582 4208 3080 4290; x_wconf 85' lang='lat' dir='ltr'>diaphragmatis</span> <span class='ocrx_word' id='word_1_522' title='bbox 3110 4227 3255 4271; x_wconf 91' lang='lat' dir='ltr'>eum</span> <span class='ocrx_word' id='word_1_523' title='bbox 3287 4210 3685 4292; x_wconf 87' lang='lat' dir='ltr'>expellimus.</span> <span class='ocrx_word' id='word_1_524' title='bbox 3710 4210 3971 4274; x_wconf 87' lang='lat' dir='ltr'>Parifor-</span> 
     </span>
    </p>
   </div>
   <div class='ocr_carea' id='block_1_25' title="bbox 879 4307 2372 5373">
    <p class='ocr_par' dir='ltr' id='par_1_25' title="bbox 879 4307 2372 4979">
     <span class='ocr_line' id='line_1_85' title="bbox 881 4307 2371 4389; baseline 0 -18"><span class='ocrx_word' id='word_1_525' title='bbox 881 4310 961 4371; x_wconf 90' lang='lat' dir='ltr'>sti</span> <span class='ocrx_word' id='word_1_526' title='bbox 994 4308 1060 4370; x_wconf 91' lang='lat' dir='ltr'>in</span> <span class='ocrx_word' id='word_1_527' title='bbox 1091 4307 1210 4371; x_wconf 90' lang='lat' dir='ltr'>hac</span> <span class='ocrx_word' id='word_1_528' title='bbox 1242 4307 1373 4369; x_wconf 85' lang='lat' dir='ltr'>vita</span> <span class='ocrx_word' id='word_1_529' title='bbox 1403 4326 1531 4370; x_wconf 91' lang='lat' dir='ltr'>non</span> <span class='ocrx_word' id='word_1_530' title='bbox 1562 4315 1927 4389; x_wconf 89' lang='lat' dir='ltr'>paterentur</span> <span class='ocrx_word' id='word_1_531' title='bbox 1965 4308 2229 4371; x_wconf 90' lang='lat' dir='ltr'>adversa</span> <span class='ocrx_word' id='word_1_532' title='bbox 2259 4328 2371 4371; x_wconf 89' lang='lat' dir='ltr'>seu</span> 
     </span>
     <span class='ocr_line' id='line_1_86' title="bbox 879 4404 2372 4487; baseline -0.001 -18"><span class='ocrx_word' id='word_1_533' title='bbox 879 4406 1266 4469; x_wconf 90' lang='lat' dir='ltr'>occisionem</span> <span class='ocrx_word' id='word_1_534' title='bbox 1295 4426 1332 4467; x_wconf 88' lang='lat' dir='ltr'>a</span> <span class='ocrx_word' id='word_1_535' title='bbox 1362 4406 1489 4468; x_wconf 92' lang='lat' dir='ltr'>Deo</span> <span class='ocrx_word' id='word_1_536' title='bbox 1519 4404 1832 4468; x_wconf 88' lang='lat' dir='ltr'>inferente</span> <span class='ocrx_word' id='word_1_537' title='bbox 1864 4414 1971 4468; x_wconf 90' lang='lat' dir='ltr'>aut</span> <span class='ocrx_word' id='word_1_538' title='bbox 2000 4407 2372 4487; x_wconf 87' lang='lat' dir='ltr'>permitten-</span> 
     </span>
     <span class='ocr_line' id='line_1_87' title="bbox 883 4502 2368 4585; baseline 0.002 -20"><span class='ocrx_word' id='word_1_539' title='bbox 883 4512 967 4580; x_wconf 82' lang='lat' dir='ltr'>te,</span> <span class='ocrx_word' id='word_1_540' title='bbox 1005 4503 1129 4565; x_wconf 90' lang='lat' dir='ltr'>nisi</span> <span class='ocrx_word' id='word_1_541' title='bbox 1162 4522 1276 4585; x_wconf 91' lang='lat' dir='ltr'>pro</span> <span class='ocrx_word' id='word_1_542' title='bbox 1313 4502 1708 4566; x_wconf 87' lang='lat' dir='ltr'>beatitudine</span> <span class='ocrx_word' id='word_1_543' title='bbox 1739 4523 1855 4565; x_wconf 91' lang='lat' dir='ltr'>sua</span> <span class='ocrx_word' id='word_1_544' title='bbox 1885 4503 2112 4585; x_wconf 87' lang='lat' dir='ltr'>maj0ri</span> <span class='ocrx_word' id='word_1_545' title='bbox 2150 4522 2164 4565; x_wconf 75' lang='grc' dir='ltr'>ε</span> <span class='ocrx_word' id='word_1_546' title='bbox 2198 4505 2368 4585; x_wconf 94' lang='lat' dir='ltr'>quod</span> 
     </span>
     <span class='ocr_line' id='line_1_88' title="bbox 881 4601 2369 4684; baseline 0.002 -21"><span class='ocrx_word' id='word_1_547' title='bbox 881 4602 1145 4684; x_wconf 89' lang='lat' dir='ltr'>Eliphaz</span> <span class='ocrx_word' id='word_1_548' title='bbox 1189 4619 1317 4664; x_wconf 89' lang='lat' dir='ltr'>non</span> <span class='ocrx_word' id='word_1_549' title='bbox 1359 4601 1715 4683; x_wconf 87' lang='lat' dir='ltr'>perpendit.</span> <span class='ocrx_word' id='word_1_550' title='bbox 1752 4601 1871 4663; x_wconf 89' lang='lat' dir='ltr'>Sed</span> <span class='ocrx_word' id='word_1_551' title='bbox 1911 4601 2209 4665; x_wconf 89' lang='lat' dir='ltr'>Salomon</span> <span class='ocrx_word' id='word_1_552' title='bbox 2250 4602 2369 4666; x_wconf 91' lang='lat' dir='ltr'>hoc</span> 
     </span>
     <span class='ocr_line' id='line_1_89' title="bbox 884 4698 2371 4783; baseline -0.001 -20"><span class='ocrx_word' id='word_1_553' title='bbox 884 4700 1196 4783; x_wconf 89' lang='lat' dir='ltr'>pensavit,</span> <span class='ocrx_word' id='word_1_554' title='bbox 1251 4699 1315 4760; x_wconf 89' lang='lat' dir='ltr'>in</span> <span class='ocrx_word' id='word_1_555' title='bbox 1361 4698 1740 4762; x_wconf 89' lang='lat' dir='ltr'>Ecclesiaste</span> <span class='ocrx_word' id='word_1_556' title='bbox 1785 4698 2124 4762; x_wconf 83' lang='lat' dir='ltr'>affirmans</span> <span class='ocrx_word' id='word_1_557' title='bbox 2162 4718 2176 4761; x_wconf 75' lang='grc' dir='ltr'><em>τ</em></span> <span class='ocrx_word' id='word_1_558' title='bbox 2212 4700 2371 4763; x_wconf 92' lang='lat' dir='ltr'>Sunt</span> 
     </span>
     <span class='ocr_line' id='line_1_90' title="bbox 879 4797 2369 4881; baseline -0.001 -18"><span class='ocrx_word' id='word_1_559' title='bbox 879 4799 1035 4881; x_wconf 81' lang='lat' dir='ltr'>justi</span> <span class='ocrx_word' id='word_1_560' title='bbox 1067 4798 1298 4881; x_wconf 92' lang='lat' dir='ltr'>quibus</span> <span class='ocrx_word' id='word_1_561' title='bbox 1329 4798 1495 4860; x_wconf 89' lang='lat' dir='ltr'>mala</span> <span class='ocrx_word' id='word_1_562' title='bbox 1523 4797 1929 4879; x_wconf 86' lang='lat' dir='ltr'>proveniunt,</span> <span class='ocrx_word' id='word_1_563' title='bbox 1963 4798 2145 4881; x_wconf 87' lang='lat' dir='ltr'>quasi</span> <span class='ocrx_word' id='word_1_564' title='bbox 2178 4817 2369 4880; x_wconf 88' lang='lat' dir='ltr'>opera</span> 
     </span>
     <span class='ocr_line' id='line_1_91' title="bbox 883 4896 1524 4979; baseline -0.006 -18"><span class='ocrx_word' id='word_1_565' title='bbox 883 4896 1129 4978; x_wconf 74' lang='lat' dir='ltr'>egerint</span> <span class='ocrx_word' id='word_1_566' title='bbox 1159 4897 1524 4979; x_wconf 90' lang='lat' dir='ltr'>impiorum.</span> 
     </span>
    </p>

    <p class='ocr_par' dir='ltr' id='par_1_26' title="bbox 879 4994 2372 5373">
     <span class='ocr_line' id='line_1_92' title="bbox 963 4994 2371 5073; baseline 0.002 -18"><span class='ocrx_word' id='word_1_567' title='bbox 963 4998 1138 5066; x_wconf 81' lang='lat' dir='ltr'>Quin</span> <span class='ocrx_word' id='word_1_568' title='bbox 1173 4998 1386 5073; x_wconf 62' lang='lat' dir='ltr'>potius</span> <span class='ocrx_word' id='word_1_569' title='bbox 1413 4997 1570 5066; x_wconf 80' lang='lat' dir='ltr'>vidi,</span> <span class='ocrx_word' id='word_1_570' title='bbox 1604 4994 1808 5057; x_wconf 90' lang='lat' dir='ltr'>oculis</span> <span class='ocrx_word' id='word_1_571' title='bbox 1851 4995 2083 5058; x_wconf 88' lang='lat' dir='ltr'>mentis</span> <span class='ocrx_word' id='word_1_572' title='bbox 2127 5003 2193 5059; x_wconf 86' lang='lat' dir='ltr'>et</span> <span class='ocrx_word' id='word_1_573' title='bbox 2233 5014 2371 5058; x_wconf 87' lang='lat' dir='ltr'>cor-</span> 
     </span>
     <span class='ocr_line' id='line_1_93' title="bbox 879 5092 2372 5177; baseline -0.001 -20"><span class='ocrx_word' id='word_1_574' title='bbox 879 5094 1077 5177; x_wconf 77' lang='lat' dir='ltr'>poriS,</span> <span class='ocrx_word' id='word_1_575' title='bbox 1111 5094 1672 5176; x_wconf 83' lang='lat' dir='ltr'>experimentoque</span> <span class='ocrx_word' id='word_1_576' title='bbox 1699 5092 1918 5169; x_wconf 89' lang='lat' dir='ltr'>didici,</span> <span class='ocrx_word' id='word_1_577' title='bbox 1951 5114 2048 5154; x_wconf 85' lang='lat' dir='ltr'>eos</span> <span class='ocrx_word' id='word_1_578' title='bbox 2077 5096 2196 5175; x_wconf 80' lang='lat' dir='ltr'>qui</span> <span class='ocrx_word' id='word_1_579' title='bbox 2238 5114 2372 5170; x_wconf 81' lang='lat' dir='ltr'>ope-</span> 
     </span>
     <span class='ocr_line' id='line_1_94' title="bbox 879 5191 2366 5273; baseline 0.001 -19"><span class='ocrx_word' id='word_1_580' title='bbox 879 5203 1117 5255; x_wconf 77' lang='lat' dir='ltr'>rantur</span> <span class='ocrx_word' id='word_1_581' title='bbox 1162 5194 1600 5272; x_wconf 79' lang='lat' dir='ltr'>iniquitatem,</span> <span class='ocrx_word' id='word_1_582' title='bbox 1648 5192 1969 5273; x_wconf 87' lang='lat' dir='ltr'>peccando</span> <span class='ocrx_word' id='word_1_583' title='bbox 2026 5191 2366 5256; x_wconf 87' lang='lat' dir='ltr'>manifeste</span> 
     </span>
     <span class='ocr_line' id='line_1_95' title="bbox 879 5289 2363 5373; baseline -0.002 -18"><span class='ocrx_word' id='word_1_584' title='bbox 879 5291 1233 5355; x_wconf 86' lang='lat' dir='ltr'>mortaliter</span> <span class='ocrx_word' id='word_1_585' title='bbox 1268 5308 1282 5352; x_wconf 74' lang='grc' dir='ltr'>ε</span> <span class='ocrx_word' id='word_1_586' title='bbox 1317 5298 1379 5353; x_wconf 88' lang='lat' dir='ltr'>et</span> <span class='ocrx_word' id='word_1_587' title='bbox 1422 5289 1632 5372; x_wconf 88' lang='lat' dir='ltr'>aptius</span> <span class='ocrx_word' id='word_1_588' title='bbox 1675 5290 1785 5367; x_wconf 89' lang='lat' dir='ltr'>ait,</span> <span class='ocrx_word' id='word_1_589' title='bbox 1831 5289 1947 5364; x_wconf 90' lang='lat' dir='ltr'>Qui</span> <span class='ocrx_word' id='word_1_590' title='bbox 1991 5298 2363 5373; x_wconf 88' lang='lat' dir='ltr'>operantur,</span> 
     </span>
    </p>
   </div>
   <div class='ocr_carea' id='block_1_26' title="bbox 2477 4306 3973 4685">
    <p class='ocr_par' dir='ltr' id='par_1_27' title="bbox 2477 4306 3973 4685">
     <span class='ocr_line' id='line_1_96' title="bbox 2480 4306 3973 4390; baseline 0.003 -22"><span class='ocrx_word' id='word_1_591' title='bbox 2480 4308 2669 4371; x_wconf 86' lang='lat' dir='ltr'>miter</span> <span class='ocrx_word' id='word_1_592' title='bbox 2698 4306 2959 4390; x_wconf 88' lang='lat' dir='ltr'>Eliphaz</span> <span class='ocrx_word' id='word_1_593' title='bbox 3003 4307 3237 4383; x_wconf 88' lang='lat' dir='ltr'>innuit,</span> <span class='ocrx_word' id='word_1_594' title='bbox 3272 4308 3440 4389; x_wconf 89' lang='lat' dir='ltr'>quod</span> <span class='ocrx_word' id='word_1_595' title='bbox 3472 4309 3634 4371; x_wconf 85' lang='lat' dir='ltr'>Deus</span> <span class='ocrx_word' id='word_1_596' title='bbox 3668 4308 3835 4373; x_wconf 82' lang='lat' dir='ltr'>facta</span> <span class='ocrx_word' id='word_1_597' title='bbox 3864 4310 3973 4373; x_wconf 89' lang='lat' dir='ltr'>ho-</span> 
     </span>
     <span class='ocr_line' id='line_1_97' title="bbox 2480 4406 3972 4488; baseline 0.002 -21"><span class='ocrx_word' id='word_1_598' title='bbox 2480 4406 2726 4468; x_wconf 90' lang='lat' dir='ltr'>minum</span> <span class='ocrx_word' id='word_1_599' title='bbox 2777 4406 2943 4467; x_wconf 86' lang='lat' dir='ltr'>intra</span> <span class='ocrx_word' id='word_1_600' title='bbox 2990 4424 3059 4468; x_wconf 89' lang='lat' dir='ltr'>se</span> <span class='ocrx_word' id='word_1_601' title='bbox 3105 4407 3431 4488; x_wconf 90' lang='lat' dir='ltr'>pensando</span> <span class='ocrx_word' id='word_1_602' title='bbox 3478 4407 3860 4485; x_wconf 86' lang='lat' dir='ltr'>considerat,</span> <span class='ocrx_word' id='word_1_603' title='bbox 3906 4418 3972 4471; x_wconf 88' lang='lat' dir='ltr'>et</span> 
     </span>
     <span class='ocr_line' id='line_1_98' title="bbox 2477 4504 3971 4587; baseline 0.002 -21"><span class='ocrx_word' id='word_1_604' title='bbox 2477 4506 2659 4586; x_wconf 87' lang='lat' dir='ltr'>quasi</span> <span class='ocrx_word' id='word_1_605' title='bbox 2691 4504 2980 4567; x_wconf 86' lang='lat' dir='ltr'>efflando</span> <span class='ocrx_word' id='word_1_606' title='bbox 3002 4506 3172 4587; x_wconf 89' lang='lat' dir='ltr'>quod</span> <span class='ocrx_word' id='word_1_607' title='bbox 3202 4504 3373 4567; x_wconf 86' lang='lat' dir='ltr'>intus</span> <span class='ocrx_word' id='word_1_608' title='bbox 3394 4507 3695 4583; x_wconf 85' lang='lat' dir='ltr'>decrevit,</span> <span class='ocrx_word' id='word_1_609' title='bbox 3720 4515 3971 4571; x_wconf 85' lang='lat' dir='ltr'>senten-</span> 
     </span>
     <span class='ocr_line' id='line_1_99' title="bbox 2480 4602 3963 4685; baseline 0.003 -21"><span class='ocrx_word' id='word_1_610' title='bbox 2480 4604 2633 4665; x_wconf 88' lang='lat' dir='ltr'>tiam</span> <span class='ocrx_word' id='word_1_611' title='bbox 2664 4602 2930 4685; x_wconf 86' lang='lat' dir='ltr'>profert.</span> <span class='ocrx_word' id='word_1_612' title='bbox 2954 4604 3139 4665; x_wconf 85' lang='lat' dir='ltr'>Juxta</span> <span class='ocrx_word' id='word_1_613' title='bbox 3164 4622 3353 4684; x_wconf 90' lang='lat' dir='ltr'>quem</span> <span class='ocrx_word' id='word_1_614' title='bbox 3386 4605 3643 4667; x_wconf 91' lang='lat' dir='ltr'>modum</span> <span class='ocrx_word' id='word_1_615' title='bbox 3672 4606 3861 4669; x_wconf 89' lang='lat' dir='ltr'>etiam</span> <span class='ocrx_word' id='word_1_616' title='bbox 3896 4607 3963 4668; x_wconf 90' lang='lat' dir='ltr'>in</span> 
     </span>
    </p>
   </div>
   <div class='ocr_carea' id='block_1_27' title="bbox 2477 4700 4239 4784">
    <p class='ocr_par' dir='ltr' id='par_1_28' title="bbox 2477 4700 4239 4784">
     <span class='ocr_line' id='line_1_100' title="bbox 2477 4700 4239 4784; baseline 0.003 -23"><span class='ocrx_word' id='word_1_617' title='bbox 2477 4700 2639 4763; x_wconf 88' lang='lat' dir='ltr'>Isaia</span> <span class='ocrx_word' id='word_1_618' title='bbox 2686 4701 2917 4781; x_wconf 83' lang='lat' dir='ltr'>legitur</span> <span class='ocrx_word' id='word_1_619' title='bbox 2953 4719 2966 4762; x_wconf 76' lang='grc' dir='ltr'>ε</span> <span class='ocrx_word' id='word_1_620' title='bbox 3004 4701 3399 4764; x_wconf 84' lang='lat' dir='ltr'>Exsiccatum</span> <span class='ocrx_word' id='word_1_621' title='bbox 3448 4712 3545 4765; x_wconf 90' lang='lat' dir='ltr'>est</span> <span class='ocrx_word' id='word_1_622' title='bbox 3586 4702 3855 4780; x_wconf 87' lang='lat' dir='ltr'>foenum,</span> <span class='ocrx_word' id='word_1_623' title='bbox 3900 4713 3965 4767; x_wconf 87' lang='lat' dir='ltr'>et</span> <span class='ocrx_word' id='word_1_624' title='bbox 4008 4734 4239 4784; x_wconf 49' lang='lat' dir='ltr'>tuan-z</span> 
     </span>
    </p>
   </div>
   <div class='ocr_carea' id='block_1_28' title="bbox 2478 4798 4248 4881">
    <p class='ocr_par' dir='ltr' id='par_1_29' title="bbox 2478 4798 4248 4881">
     <span class='ocr_line' id='line_1_101' title="bbox 2478 4798 4248 4881; baseline 0.001 -18"><span class='ocrx_word' id='word_1_625' title='bbox 2478 4799 2709 4863; x_wconf 90' lang='lat' dir='ltr'>cecidit</span> <span class='ocrx_word' id='word_1_626' title='bbox 2740 4798 2884 4875; x_wconf 84' lang='lat' dir='ltr'>flos,</span> <span class='ocrx_word' id='word_1_627' title='bbox 2919 4798 3071 4880; x_wconf 90' lang='lat' dir='ltr'>quia</span> <span class='ocrx_word' id='word_1_628' title='bbox 3101 4798 3361 4881; x_wconf 90' lang='lat' dir='ltr'>spiritus</span> <span class='ocrx_word' id='word_1_629' title='bbox 3390 4801 3639 4863; x_wconf 89' lang='lat' dir='ltr'>Domini</span> <span class='ocrx_word' id='word_1_630' title='bbox 3670 4801 3965 4866; x_wconf 78' lang='lat' dir='ltr'>sufflavit</span> <span class='ocrx_word' id='word_1_631' title='bbox 3990 4810 4097 4849; x_wconf 79' lang='lat'>¹¹¹·</span> <span class='ocrx_word' id='word_1_632' title='bbox 4122 4804 4183 4843; x_wconf 82' lang='lat'>³³·</span> <span class='ocrx_word' id='word_1_633' title='bbox 4246 4826 4248 4855; x_wconf 74' lang='grc' dir='ltr'><strong>ι</strong></span> 
     </span>
    </p>
   </div>
   <div class='ocr_carea' id='block_1_29' title="bbox 2478 4897 3965 5373">
    <p class='ocr_par' dir='ltr' id='par_1_30' title="bbox 2478 4897 3965 5373">
     <span class='ocr_line' id='line_1_102' title="bbox 2481 4897 3965 4979; baseline 0.003 -20"><span class='ocrx_word' id='word_1_634' title='bbox 2481 4899 2546 4959; x_wconf 90' lang='lat' dir='ltr'>in</span> <span class='ocrx_word' id='word_1_635' title='bbox 2587 4915 2684 4961; x_wconf 80' lang='lat' dir='ltr'>eo,</span> <span class='ocrx_word' id='word_1_636' title='bbox 2728 4897 3096 4979; x_wconf 90' lang='lat' dir='ltr'>Rursusque</span> <span class='ocrx_word' id='word_1_637' title='bbox 3132 4914 3145 4959; x_wconf 91' lang='lat'>:</span> <span class='ocrx_word' id='word_1_638' title='bbox 3189 4898 3459 4979; x_wconf 89' lang='lat' dir='ltr'>Spiritus</span> <span class='ocrx_word' id='word_1_639' title='bbox 3509 4900 3753 4963; x_wconf 89' lang='lat' dir='ltr'>Domini</span> <span class='ocrx_word' id='word_1_640' title='bbox 3798 4901 3965 4963; x_wconf 87' lang='lat' dir='ltr'>sicut</span> 
     </span>
     <span class='ocr_line' id='line_1_103' title="bbox 2478 4995 3959 5077; baseline 0.003 -18"><span class='ocrx_word' id='word_1_641' title='bbox 2478 5006 2723 5060; x_wconf 87' lang='lat' dir='ltr'>torrens</span> <span class='ocrx_word' id='word_1_642' title='bbox 2746 4995 3011 5058; x_wconf 87' lang='lat' dir='ltr'>sulfuris</span> <span class='ocrx_word' id='word_1_643' title='bbox 3032 4997 3422 5061; x_wconf 89' lang='lat' dir='ltr'>succendens</span> <span class='ocrx_word' id='word_1_644' title='bbox 3442 5016 3603 5061; x_wconf 90' lang='lat' dir='ltr'>eam.</span> <span class='ocrx_word' id='word_1_645' title='bbox 3628 5000 3959 5077; x_wconf 79' lang='lat' dir='ltr'>Praeterea,</span> 
     </span>
     <span class='ocr_line' id='line_1_104' title="bbox 2478 5094 3965 5177; baseline 0.003 -20"><span class='ocrx_word' id='word_1_646' title='bbox 2478 5115 2678 5177; x_wconf 89' lang='lat' dir='ltr'>quum</span> <span class='ocrx_word' id='word_1_647' title='bbox 2707 5094 2897 5157; x_wconf 87' lang='lat' dir='ltr'>homo</span> <span class='ocrx_word' id='word_1_648' title='bbox 2928 5094 3236 5171; x_wconf 85' lang='lat' dir='ltr'>irascitur,</span> <span class='ocrx_word' id='word_1_649' title='bbox 3259 5113 3334 5157; x_wconf 87' lang='lat' dir='ltr'>ex</span> <span class='ocrx_word' id='word_1_650' title='bbox 3354 5096 3728 5161; x_wconf 84' lang='lat' dir='ltr'>accensione</span> <span class='ocrx_word' id='word_1_651' title='bbox 3754 5098 3965 5162; x_wconf 89' lang='lat' dir='ltr'>cordis</span> 
     </span>
     <span class='ocr_line' id='line_1_105' title="bbox 2478 5191 3965 5276; baseline 0.002 -19"><span class='ocrx_word' id='word_1_652' title='bbox 2478 5204 2541 5257; x_wconf 91' lang='lat' dir='ltr'>et</span> <span class='ocrx_word' id='word_1_653' title='bbox 2578 5191 3045 5276; x_wconf 82' lang='lat' dir='ltr'>evaporatione,</span> <span class='ocrx_word' id='word_1_654' title='bbox 3100 5193 3362 5275; x_wconf 89' lang='lat' dir='ltr'>spiritus</span> <span class='ocrx_word' id='word_1_655' title='bbox 3409 5196 3701 5259; x_wconf 89' lang='lat' dir='ltr'>animalis</span> <span class='ocrx_word' id='word_1_656' title='bbox 3750 5198 3965 5260; x_wconf 88' lang='lat' dir='ltr'>multi-</span> 
     </span>
     <span class='ocr_line' id='line_1_106' title="bbox 2478 5289 3964 5373; baseline 0.002 -19"><span class='ocrx_word' id='word_1_657' title='bbox 2478 5290 2774 5373; x_wconf 88' lang='lat' dir='ltr'>plicatur,</span> <span class='ocrx_word' id='word_1_658' title='bbox 2796 5290 2873 5352; x_wconf 92' lang='lat' dir='ltr'>ad</span> <span class='ocrx_word' id='word_1_659' title='bbox 2897 5289 3253 5372; x_wconf 82' lang='lat' dir='ltr'>faciemque</span> <span class='ocrx_word' id='word_1_660' title='bbox 3278 5291 3595 5372; x_wconf 79' lang='lat' dir='ltr'>dirigitur.</span> <span class='ocrx_word' id='word_1_661' title='bbox 3631 5294 3871 5357; x_wconf 85' lang='lat' dir='ltr'>Idcirco</span> <span class='ocrx_word' id='word_1_662' title='bbox 3892 5292 3964 5357; x_wconf 85' lang='lat' dir='ltr'>in</span> 
     </span>
    </p>
   </div>
   <div class='ocr_carea' id='block_1_30' title="bbox 4240 5582 4245 6152">
    <p class='ocr_par' dir='ltr' id='par_1_31' title="bbox 4240 5582 4245 6152">
     <span class='ocr_line' id='line_1_107' title="bbox 4240 5582 4245 6152; baseline 0 0"><span class='ocrx_word' id='word_1_663' title='bbox 4240 5582 4245 6152; x_wconf 95' lang='lat' dir='ltr'> </span> 
     </span>
    </p>
   </div>
  </div>
 </body>
</html>
