4309 6259
613 894 716 951 Sap
733 897 875 945 xu,t5.

607 2766 628 2786 ⁶
642 2766 872 2810 decideriis

639 3558 768 3602 Rom.
779 3571 866 3610 vm,

604 3622 671 3663 ³2.

625 3851 691 3896 18.
719 3866 798 3903 ιιιι,
824 3857 863 3895 8.

596 4341 866 4396 Pmuxxvm,

599 4408 666 4449 23.

901 494 1022 561 338

1764 513 2118 562 mammo
2162 514 2223 559 IN
2266 512 2403 559 cu.
2450 511 2494 558 II
2534 512 2662 558 1013.
2706 531 2787 543 —
2827 513 2969 560 ΛΒΤ.
3016 513 3123 559 vm

903 694 1000 749 est
1029 686 1281 767 plenius
1324 686 1703 769 praecedenti
1748 685 2041 749 articu10.
2079 685 2169 747 Ad
2219 683 2389 746 istud
2420 680 2471 743 A
2499 682 2703 764 ipsius
2750 684 3248 759 sanctissimum,
3293 683 3381 745 ita
3419 691 3492 745 ut
3527 683 3697 747 dicat
3734 693 3993 765 percus-

904 783 1136 863 allegat
1162 784 1521 864 GregoriuS,
1556 786 1725 867 quod
1760 785 1823 846 in
1855 785 2020 847 libro
2052 782 2391 865 Sapientiae

902 881 1138 944 dicitur
1171 882 1293 945 Deo
1329 900 1342 944 z
1377 882 1579 956 Quum
1611 881 1698 944 sis
1726 882 1958 963 justuS,
1981 882 2150 961 juste
2178 880 2393 943 omnia

903 980 1233 1063 disponis;
1266 1000 1409 1043 eum
1453 1000 1708 1062 quoque
1739 982 1850 1061 qui
1883 999 2010 1043 non
2054 980 2243 1043 debet
2279 998 2391 1061 pu-

903 1079 1050 1157 niri,
1087 1080 1493 1142 condemnas.
1519 1080 1803 1142 Christus
1835 1078 2002 1141 enim
2037 1076 2253 1159 puniri
2277 1096 2391 1159 pro

903 1196 971 1239 se
1008 1178 1147 1259 ipso
1191 1196 1319 1241 non
1361 1177 1602 1240 debuit..
1634 1177 1813 1239 Pater
1861 1195 2010 1258 ergo
2059 1195 2259 1257 quum
2308 1175 2393 1237 sit

896 1276 1127 1357 justuS,
1163 1275 1374 1339 omnia
1406 1275 1574 1358 juste
1604 1276 1923 1357 disponit:
1951 1275 2102 1356 quia
2127 1294 2241 1357 per
2271 1275 2391 1337 hoc

903 1383 1132 1438 cuncta
1158 1374 1493 1455 justificat,
1527 1375 1698 1456 quod
1747 1394 1895 1437 eum
1925 1374 2035 1456 qui
2077 1374 2217 1435 sine
2246 1393 2391 1456 pec·

903 1482 1042 1536 cato
1083 1481 1199 1549 est,
1233 1491 1348 1555 pro
1393 1474 1833 1555 peccatoribus
1877 1473 2062 1535 morti
2107 1471 2386 1535 tradidit.

1001 1574 1353 1648 Respondit
1374 1574 1582 1633 Satan
1604 1593 1626 1631 .·
1647 1575 1892 1634 Pellem
1915 1592 2039 1649 pro
2057 1576 2243 1648 pelle,
2265 1579 2385 1634 etc.

903 1668 1010 1730 His
1043 1669 1277 1745 verbiS,
1314 1668 1492 1749 juxta
1527 1669 2114 1751 interpretationem
2145 1669 2393 1751 praeha-

905 1766 1124 1843 bitam,
1161 1767 1348 1830 Satan
1383 1768 1522 1831 vult
1553 1768 1786 1841 dicere,
1821 1769 1991 1849 quod
2036 1767 2183 1830 licet
2220 1766 2394 1829 Chri-

2500 801 2608 844 sus
2642 799 2656 843 :
2690 781 2739 846 Ο
2768 801 2881 846 vos
2911 801 3133 845 omnes
3172 783 3282 864 qui
3323 782 3607 844 transitis
3648 800 3761 864 per
3789 781 3985 855 viam,

2501 881 2828 957 attendite,
2881 888 2944 944 et
2993 882 3207 945 videte
3267 881 3319 943 si
3369 890 3467 943 est
3524 882 3705 945 dolor
3756 879 3991 941 similis

2500 979 2665 1041 sicut
2708 979 2887 1041 dolor
2924 986 3126 1042 meusL
3174 980 3477 1041 Dixerunt
3512 979 3681 1042 enim
3730 979 3934 1061 iniqui
3972 997 3988 1041 :

2500 1078 2690 1142 Morte
2721 1078 3091 1160 turpissima
3120 1079 3618 1142 condemnemus
3656 1098 3825 1142 eum.
3865 1081 3994 1147 Qui

2504 1187 2658 1239 testa
2698 1180 2947 1238 saniem
2992 1180 3257 1239 radebat
3294 1198 3317 1237 .·
3360 1178 3667 1259 quoniam
3707 1187 3991 1259 tempore

2500 1274 2815 1357 passionis
2848 1294 3014 1357 saepe
3046 1276 3307 1358 proprio
3336 1275 3537 1357 digito
3567 1277 3713 1358 igne
3752 1276 3993 1358 passio-

2500 1373 2601 1436 nis
2633 1374 2833 1453 instar
2866 1383 3039 1437 testae
3070 1374 3244 1437 intus
3274 1375 3508 1439 siccato
3529 1384 3719 1457 atque
3738 1376 3988 1453 durate,

2500 1482 2689 1554 sputa
2725 1480 2787 1535 et
2824 1472 3201 1552 sanguinem
3241 1473 3633 1537 defluentem
3673 1492 3751 1537 ex
3786 1474 3993 1537 oculis

2500 1569 2632 1632 suis
2664 1569 2947 1632 detersit.
2973 1570 3185 1646 Porro,
3211 1572 3561 1633 secundum
3591 1570 3990 1653 Gregorium‚

2502 1676 2661 1730 testa
2692 1669 2933 1730 saniem
2967 1670 3249 1745 radebat,
3285 1669 3349 1731 id
3379 1677 3495 1745 est,
3531 1678 3863 1751 peccatum
3894 1688 3999 1749 ge-

2502 1767 2673 1828 neris
2701 1766 2965 1828 humani
2995 1785 3187 1829 carne
3217 1787 3331 1829 sua
3362 1767 3599 1831 delevit
3625 1786 3639 1830 τ
3672 1788 3817 1850 quae
3844 1787 3995 1831 caro

4026 794 4251 835 Thraust-

4034 1098 4135 1152 Sap.
4148 1113 4183 1141 u.
4198 1104 4250 1139 2⁰.

904 1872 1039 1927 stus
1069 1867 1148 1929 de
1175 1865 1446 1928 aliorum
1478 1865 1838 1947 dejectione
1877 1875 2066 1948 atque
2106 1865 2391 1947 periculo
2430 1864 2474 1925 B
2504 1864 2569 1925 in
2602 1865 2898 1946 passione
2926 1866 3101 1928 velut
3134 1874 3293 1929 testa
3323 1866 3631 1929 induruit.
3652 1871 3893 1929 Sedens
3921 1870 3994 1927 in
4026 1884 4175 1926 Pam
4202 1888 4251 1925 ιιι.

903 1982 1016 2044 per
1055 1964 1520 2046 impatientiam
1552 1965 1759 2028 victus
1803 1984 1930 2028 non
1971 1965 2074 2041 sit,
2110 1963 2395 2027 vincere-

900 2070 1004 2124 tur
1035 2071 1242 2125 tamen
1277 2081 1388 2143 per
1427 2082 1591 2140 eam,
1627 2063 1680 2125 si
1725 2063 1788 2125 in
1831 2064 2090 2145 proprio
2129 2080 2395 2145 corpore

900 2179 1102 2241 usque
1132 2161 1210 2221 ad
1239 2178 1384 2223 ossa
1407 2170 1857 2243 percuteretur,
1877 2162 2200 2224 aestimans
2222 2160 2393 2241 quod

900 2278 1098 2340 purus
1131 2258 1360 2321 fuisset
1387 2260 1579 2323 homo
1610 2268 1673 2323 et
1699 2260 2009 2342 Propheta
2038 2261 2390 2335 dumtaxat,

901 2375 1029 2419 non
1060 2357 1252 2419 etiam
1274 2358 1578 2421 Dominus
1598 2358 2050 2439 Prophetarum
2085 2358 2396 2421 omnium-

901 2474 1028 2535 que
1058 2455 1654 2537 Salvator.Alioqui
1685 2459 1866 2518 mitte
1896 2478 2168 2518 manum
2192 2468 2390 2528 tuam,

899 2564 958 2615 et
993 2565 1181 2633 tanye
1209 2576 1275 2616 os
1302 2558 1442 2633 ejus
1461 2566 1518 2615 et
1539 2576 1826 2625 carnem,
1845 2554 1908 2616 id
1940 2562 2056 2631 est,
2081 2554 2391 2634 flagellari

901 2670 1048 2715 eum
1088 2654 1385 2735 permitte
1416 2671 1620 2733 usque
1650 2654 1728 2714 ad
1761 2653 2083 2715 interiora.
2117 2654 2257 2715 Haec
2290 2654 2395 2716 Sa-

899 2757 1009 2813 tan
1048 2770 1250 2832 quum
1290 2769 1402 2833 per
1439 2770 1506 2813 se
1549 2750 1693 2813 fieri
1731 2751 1937 2832 petiit,
1980 2751 2393 2813 desiderans*

903 2848 1104 2926 dixit3
1155 2868 1267 2931 per
1315 2848 1600 2911 membra
1642 2868 1755 2910 sua
1803 2849 1958 2924 haec,
2003 2849 2066 2910 id
2118 2858 2235 2925 est,
2280 2869 2393 2931 per

895 2948 1143 3011 Judaeos
1175 2946 1556 3023 incredu108‚
1593 2948 1804 3010 verbis
1835 2968 1906 3011 ac
1937 2947 2270 3011 desideriis
2305 2949 2392 3009 in-

2500 1966 2937 2041 scerquilim’O,
2971 1964 3034 2025 id
3066 1972 3162 2026 est
3195 1963 3260 2026 in
3293 1964 3431 2028 1000
3461 1964 3764 2028 Calvariae
3794 1966 3999 2028 sordi·-

2502 2062 2606 2137 do,
2641 2070 2981 2143 antequam
3012 2062 3185 2125 cruci
3216 2062 3616 2143 affigeretur.

2583 2162 2773 2221 Dixit
2802 2170 3023 2220 autem
3054 2163 3162 2220 illi
3190 2182 3360 2221 umor
3384 2182 3527 2233 sua,
3562 2161 3625 2223 id
3662 2170 3761 2224 est
3798 2161 3999 2242 Syna-

2504 2274 2683 2337 goga,
2703 2256 3048 2337 aliquando
3077 2257 3186 2320 Dei
3218 2276 3472 2340 sponsa,
3498 2258 3607 2321 sed
3645 2266 3792 2321 tunc
3826 2256 3997 2321 sacta

2504 2355 2811 2432 adultera,
2862 2356 3119 2420 diabolo
3168 2358 3575 2420 consentiens
3622 2366 3687 2420 et
3732 2358 4000 2421 commi-

2502 2462 2609 2515 xta
2644 2470 2657 2513 2
2698 2456 2933 2515 Adhuc
2962 2475 3302 2531 permanes
3342 2457 3413 2516 in
3454 2458 3894 2533 simplicitate,
3932 2455 3997 2517 id

2504 2560 2601 2613 est
2638 2551 2987 2615 stoliditate
3021 2563 3131 2614 tua
3156 2558 3185 2613 ?
3219 2563 3407 2635 prout
3446 2554 3825 2636 simplicitas
3858 2574 3999 2637 per-

2503 2650 2857 2732 spicacitati
2906 2651 3267 2715 intellectus
3316 2652 3683 2734 opponitur.
3730 2652 3995 2715 Putabat

2502 2750 2799 2830 equidem
2842 2750 2986 2831 perf
2990 2750 3092 2815 ida
3123 2751 3470 2833 Synagoga,
3504 2754 3675 2833 quod
3704 2752 3885 2818 Iesus
3916 2771 3995 2815 ex

2503 2848 2872 2930 insipientia
2924 2847 3227 2911 fateretur
3278 2868 3345 2912 se
3390 2850 3707 2913 Christum
3752 2850 3995 2931 Deique

2500 2946 2756 3008 Filium.
2798 2950 3081 3009 Benedic
3118 2951 3271 3018 Deo,
3311 2950 3599 3030 negando
3649 2958 3707 3013 te
3758 2950 3993 3013 Filium

900 3046 1048 3109 tulit
1091 3064 1104 3108 :
1154 3045 1374 3128 sicque
1422 3045 1907 3128 permissionem
1963 3048 2386 3129 persequendi
2425 3047 2468 3109 C
2500 3046 2660 3126 ejus.
2694 3044 2879 3118 Quasi
2923 3046 3090 3108 dicat
3125 3063 3138 3108 ε
3174 3046 3475 3126 Injuriam
3506 3048 3633 3111 Deo
3664 3047 3895 3125 fecisti,
3932 3058 3996 3115 te

897 3144 1216 3207 Christum
1263 3164 1466 3226 usque
1509 3146 1586 3207 ad
1630 3146 1837 3207 crucis
1879 3145 2238 3227 patibulum
2282 3165 2389 3227 po·

897 3242 1181 3304 stulavit.
1225 3245 1418 3304 Dixit
1458 3262 1603 3321 erqo
1640 3245 1959 3305 Dominus
1999 3248 2086 3304 ad
2123 3248 2335 3305 Satan
2362 3264 2385 3303 .-

896 3342 1058 3402 Ecce
1089 3343 1161 3401 in
1190 3362 1394 3401 manu
1430 3351 1542 3401 tua
1576 3350 1687 3413 est,
1722 3342 1786 3402 id
1827 3350 1942 3417 est,
1979 3342 2277 3422 permitto
2320 3348 2389 3403 ut

899 3447 1008 3501 tua
1044 3438 1448 3520 suggestione
1486 3458 1600 3522 per
1638 3448 1745 3502 tua
1785 3440 2072 3503 membra
2111 3460 2257 3503 eum
2297 3438 2389 3502 at'-

899 3536 1106 3618 fligaS‚
1144 3536 1452 3618 flagelleS,
1487 3538 1762 3601 occidaS.
1795 3538 2052 3620 Proprio
2082 3538 2253 3601 enim
2288 3538 2387 3600 Fi-

898 3635 985 3699 lio
1015 3654 1130 3698 suo
1162 3654 1290 3698 non
1335 3636 1620 3718 pepercit
1661 3637 1846 3713 DeuS,
1891 3637 2001 3700 sed
2041 3656 2155 3718 pro
2201 3638 2385 3701 nobis

897 3733 1194 3798 omnibus
1239 3734 1500 3796 tradidit
1536 3733 1742 3811 illum,
1800 3744 1869 3796 ut
1916 3733 2072 3797 dicit
2119 3735 2387 3817 Aposto-

894 3833 1018 3896 lus,
1041 3833 1184 3895 Ideo
1216 3832 1282 3895 in
1311 3832 1470 3895 lsaia
1499 3833 1624 3894 ait:
1651 3832 1909 3915 Propter
1930 3833 2137 3895 scelus
2163 3836 2383 3916 populi

893 3930 1019 3994 mei
1060 3931 1344 4013 percussi
1384 3950 1552 3993 eum.
1604 3933 2046 3993 Verumtamen
2089 3934 2385 3994 animam

893 4032 1080 4091 illius
1098 4052 1305 4099 serva,
1325 4030 1389 4091 id
1419 4038 1535 4106 est,
1553 4029 1781 4091 animae
1810 4030 1948 4110 ejus
1980 4050 2383 4112 nequaquam

893 4126 1176 4204 nocebiS‚
1215 4147 1330 4190 nec
1360 4147 1472 4209 per
1502 4128 1818 4209 passionis
1847 4129 2256 4192 acerbitatem
2291 4151 2386 4194 ra·

2499 3144 2638 3223 ejus
2669 3144 2900 3205 Filium
2931 3144 3354 3225 perhibend03
3386 3164 3557 3208 nunc
3579 3164 3731 3227 ergo
3755 3148 3836 3209 da
3864 3148 3997 3227 glo-

2500 3242 2657 3303 riam
2689 3242 2772 3318 ei‚
2797 3250 2859 3305 et
2889 3243 3133 3323 abnega
3152 3243 3323 3324 quod
3356 3242 3594 3306 dixisti.
3616 3248 3697 3307 Ec
3718 3267 3989 3317 morere,

2499 3358 2577 3401 ne
2607 3340 2765 3404 alios
2805 3340 3106 3424 deinceps
3138 3340 3438 3423 decipiaS,
3475 3341 3539 3404 id
3577 3351 3693 3419 est,
3730 3344 3991 3425 penitus

2500 3458 2739 3519 pereas,
2784 3441 2913 3508 Qui
2962 3442 3059 3499 ait
3098 3444 3186 3500 ad
3223 3443 3411 3502 illam
3440 3462 3465 3499 .·
3498 3444 3697 3511 Quasi
3730 3465 3867 3505 una
3906 3448 3991 3503 de

2492 3540 2711 3598 stultis
2748 3540 3131 3599 mulieribus
3168 3543 3377 3599 locuta
3412 3560 3496 3600 es,
3544 3540 3647 3603 Sic
3695 3540 3987 3605 Christus

2497 3635 2851 3717 increpavit
2910 3636 3323 3718 Synagogam‚
3374 3638 3643 3701 dicendo
3698 3654 3713 3701 :
3765 3639 3829 3703 Si
3887 3641 3991 3703 di-

2496 3753 2644 3797 xero
2684 3734 2838 3816 quia
2886 3752 3013 3796 non
3066 3735 3216 3797 novi
3257 3735 3478 3812 Deum,
3518 3756 3629 3801 ero
3672 3738 3855 3801 vobis
3900 3740 3989 3801 si-

2496 3832 2690 3910 milis,
2726 3833 3016 3895 mendax.
3054 3834 3128 3894 Et
3161 3834 3309 3896 item
3350 3854 3551 3915 quum
3595 3846 3929 3918 caperetur
3966 3856 3982 3902 ε

2495 3932 2823 4012 Tanquam
2854 3932 2935 3994 ad
2964 3931 3276 3995 latronem
3306 3932 3527 3995 existis
3566 3954 3711 3997 cum
3750 3936 3985 4017 gladiis

4029 3665 4250 3713 Icauna,

4020 3731 4087 3771 5⁵.

4068 3960 4217 4003 Marta.

2493 4038 2555 4092 et
2596 4029 2877 4092 fustibus
2916 4029 3458 4112 comprehendere
3511 4052 3652 4107 me;
3693 4036 3986 4116 quotidie
4084 4099 4107 4128 c
4176 4100 4219 4126 u

2494 4130 2661 4210 apud
2702 4146 2816 4191 vos
2856 4147 3027 4190 eram
3072 4128 3137 4189 in
3180 4130 3416 4210 templo
3455 4130 3710 4209 docens,
3743 4141 3805 4195 et
3849 4152 3980 4197 non

894 4226 1086 4290 tionis
1123 4226 1189 4288 in
1223 4245 1299 4288 ea
1331 4226 1641 4305 judicium
1685 4226 1915 4289 obrues
1951 4245 1964 4289 :
2007 4226 2187 4308 juxta
2227 4229 2383 4291 illud
2415 4234 2463 4296 D
2496 4245 2595 4290 me
2639 4226 2954 4289 tenuistis.
2992 4226 3111 4289 Sed
3158 4226 3291 4291 haec
3334 4236 3429 4290 est
3472 4229 3628 4292 hora
3669 4241 3877 4295 vestra
3914 4243 3987 4297 et

897 4324 961 4386 in
994 4324 1264 4400 Psalmo,
1300 4322 1468 4385 Nihil
1511 4323 1810 4405 proficiet
1842 4326 2144 4389 inimicus
2181 4327 2247 4390 in
2282 4346 2379 4404 θο,

892 4430 955 4485 et
985 4421 1163 4484 silius
1195 4421 1554 4502 iniquitatis
1587 4440 1714 4485 non
1745 4434 2021 4505 apponet
2042 4444 2269 4489 nocere
2298 4426 2377 4489 ei.

891 4520 1066 4582 Unde
1095 4519 1267 4600 quod
1297 4518 1408 4595 ait,
1433 4518 1724 4582 Animam
1758 4520 1930 4583 illius
1963 4540 2167 4599 serva,
2196 4523 2383 4586 intel-

891 4617 1220 4698 ligendum
1269 4624 1367 4679 est
1404 4618 1616 4699 potius
1652 4620 2141 4699 praenuntiative
2184 4640 2379 4702 quam

889 4714 1278 4798 prohibitive
1315 4732 1328 4776 :
1362 4714 1517 4796 quia
1544 4715 1661 4777 etsi
1691 4715 1870 4778 Pater
1900 4725 2052 4780 tunc
2084 4737 2213 4781 non
2247 4738 2382 4801 pro-

887 4813 1214 4888 hibuisset,
1235 4831 1361 4876 non
1393 4822 1606 4875 tamen
1628 4813 1816 4876 Satan
1836 4815 2067 4878 Christi
2099 4818 2378 4880 animam

887 4915 967 4978 ad
999 4913 1249 4997 culpam
1284 4931 1566 4993 unquam
1600 4912 1903 4976 inducere
1930 4914 2255 4979 valuisset.

969 5014 1277 5087 Egressus
1307 5014 1516 5090 iyitar
1557 5016 1764 5073 Satan
1803 5034 1842 5073 α
1875 5016 2045 5091 facie
2082 5016 2373 5085 Domini,

805 5149 814 5159 -
883 5112 1196 5185 percussit
1231 5114 1346 5171 Job
1381 5115 1587 5171 ulcere
1609 5112 1912 5188 pessimO,
1943 5111 2006 5172 id
2047 5120 2164 5187 est,
2200 5112 2379 5173 Chri-

605 5220 857 5273 Jounnmx,

597 5286 635 5330 l.

889 5215 1057 5270 stum
1086 5207 1460 5287 gravissime
1491 5208 1814 5271 vulnerari
1848 5228 1919 5271 ac
1954 5210 2198 5290 percuti
2236 5230 2378 5291 pro·-

887 5305 1136 5369 curavit
1153 5305 1220 5366 in
1241 5304 1346 5368 die
1363 5306 1734 5369 parasceves
1765 5326 1879 5388 per
1910 5315 2109 5371 totum
2143 5328 2379 5391 corpus

2492 4333 2771 4407 potestas
2812 4324 3241 4388 tenebrarum.
3274 4329 3355 4388 Si
3390 4330 3551 4389 bona
3588 4333 3983 4408 suscepimus

2489 4427 2569 4484 de
2607 4446 2807 4485 manu
2845 4426 3137 4495 Domini,
3172 4429 3348 4485 mala
3386 4448 3587 4506 quare
3624 4450 3747 4489 non
3784 4434 3985 4493 susti-

2488 4525 2802 4583 neamus?
2844 4521 2973 4585 Hoc
3014 4522 3305 4585 Christus
3349 4523 3630 4605 loquitur
3676 4546 3750 4589 ex
3796 4537 3981 4609 parte

2488 4629 2730 4685 naturae
2760 4629 3123 4702 assumptae,
3157 4640 3347 4702 quam
3390 4622 3551 4685 Deus
3591 4626 3766 4688 omni
3804 4646 3981 4689 crea-

2489 4729 2645 4783 turae
2693 4718 3001 4801 praet'ecit‚
3038 4719 3571 4800 quemadmodum
3623 4724 3687 4785 in
3734 4724 3977 4789 Joanne

2487 4818 2796 4900 scriptum
2828 4826 2925 4880 cst
2959 4834 2973 4877 ε
3004 4816 3221 4881 Sciens
3250 4818 3427 4881 Jesus
3455 4819 3607 4901 quia
3634 4822 3850 4885 omnia
3874 4824 3977 4886 de-

2486 4918 2579 4979 dit
2608 4918 2668 4980 ei
2699 4917 2879 4980 Pater
2913 4917 2982 4981 in
3012 4937 3262 4980 manus.
3286 4919 3363 4981 Et
3395 4919 3583 4983 alibi:
3607 4918 3831 4983 Omnia
3862 4923 3975 4983 mi·
4004 4852 4243 4961 ’,πᾶ

2485 5015 2552 5078 hi
2605 5015 2834 5078 tradita
2878 5024 3029 5079 sunt
3068 5036 3107 5079 a
3146 5016 3326 5078 Patre
3372 5033 3533 5079 meo.
3567 5017 3715 5080 Vult
3756 5018 3975 5102 itaque

2488 5115 2698 5177 dicere
2745 5132 2759 5175 z
2805 5113 3011 5188 Quum
3061 5116 3241 5177 Pater
3288 5115 3446 5177 mihi
3500 5116 3715 5179 omnia
3760 5118 3976 5199 subje-

2485 5212 2662 5289 cerit,
2698 5231 3033 5294 meamque
3063 5212 3522 5276 humanitatem
3554 5213 3763 5277 Verbo
3796 5224 3977 5279 aeter-

2488 5329 2571 5373 no
2616 5310 2874 5386 unierit,
2916 5330 3031 5373 cur
3077 5328 3191 5392 pro
3232 5310 3603 5374 hominibus
3640 5312 3801 5375 mori
3841 5333 3975 5377 nou

4014 4038 4125 4071 xxvi,
4162 4027 4229 4064 55:

4014 4088 4081 4129 Lu

4014 4152 4083 4196 59..
4104 4119 4165 4189 53.
4222 4116 4248 4195 ἰ

4006 4980 4055 5019 27
4070 4992 4080 5023 ς
4100 4976 4197 5019 Luc.
4210 4984 4243 5027 1.

4004 5042 4074 5081 ἓξ.
