4309 6259
900 464 1017 528 2¹0
1353 483 1698 529 ssNAnnA'rlo
1743 483 1803 527 ΙΝ
1845 484 1982 529 cAP.
2031 484 2069 529 Χ
2113 484 2271 529 unm
2314 484 2565 529 secuxm
2608 486 3136 531 PAnALlPonENON.
3180 505 3261 514 —
3300 485 3441 530 ΛΒΤ.
3489 484 3532 529 X

2041 930 2691 1016 ARTICULUS
2775 932 2847 1015 X

1231 1230 1543 1277 Exposl‘rlo
1587 1231 1863 1277 cAPlTum
1905 1232 2111 1277 nacllu
2153 1233 2168 1277 :
2220 1232 2562 1277 PROFECTUS
2606 1233 2715 1277 EST
2756 1233 2961 1279 AU'rssu
3002 1232 3250 1281 noBOAu
3290 1233 3351 1278 IN
3394 1233 3637 1279 smum.

1021 1535 1364 1598 RAESENS
1411 1536 1758 1619 capitulum
1813 1536 2054 1612 recitat,
2109 1535 2383 1617 qualiter
2411 1534 2462 1597 A
2475 1535 2742 1611 J‘uqum,
2766 1524 2826 1596 et
2844 1556 2953 1613 eqo
2985 1538 3200 1614 majus
3214 1540 3471 1615 pondus
3488 1557 3833 1615 apponam.
3862 1542 3987 1600 Pa·

1039 1634 1374 1698 Salomone
1403 1634 1728 1711 defunctO,
1753 1634 1922 1697 facta
1951 1634 2034 1695 sit
2053 1634 2381 1696 lsraelitici
2495 1643 2586 1693 ter
2616 1656 2791 1696 meus
2821 1637 3050 1696 cecidit
3082 1656 3186 1695 vos
3212 1638 3515 1712 flayelli3‚
3543 1657 3654 1713 eqo
3700 1657 3845 1697 vero
3866 1658 3985 1698 αι·-

893 1733 1075 1814 regni
1107 1733 1359 1809 divisio,
1392 1752 1469 1796 eo
1505 1735 1678 1815 quod
1710 1732 1889 1794 filius
1933 1734 2073 1811 ejus
2107 1732 2381 1795 Roboam
2490 1734 2645 1793 dam
2672 1753 2779 1793 vos
2807 1736 3266 1810 scorpionibus.

894 1831 1272 1913 insipienter
1293 1839 1354 1893 et
1383 1832 1540 1895 dure
1562 1832 1809 1894 locutus
1839 1831 1920 1893 sit
1944 1831 2203 1913 populo.
2227 1834 2382 1892 Pro·
2568 1834 2749 1891 Venit
2766 1852 2911 1907 erqo
2930 1835 3255 1893 Jeroboam
3274 1842 3333 1893 et
3353 1835 3692 1893 universus
3704 1835 3985 1911 populus

890 1934 1094 2010 fectus
1121 1941 1211 1991 est
1239 1940 1456 1991 autem
1485 1934 1765 1992 Roboam
1798 1932 1863 1991 in
1897 1934 2150 1991 Sic-hem
2172 1949 2195 1991 .·
2220 1933 2384 1990 illuc
2490 1932 2578 1989 ad
2616 1933 2898 1991 Roboam
2944 1933 3052 1990 die
3100 1934 3305 2003 tertie,
3356 1933 3523 1991 sieut
3564 1941 3979 2008 praeceperat.

889 2032 1060 2089 enim
1093 2038 1359 2089 cunctus
1390 2032 1595 2090 Israel
1620 2040 2027 2099 convenerat,
2059 2039 2129 2089 ut
2158 2030 2383 2089 consti·
2489 2031 2813 2105 Respondi
2820 2040 2963 2107 tque
3001 2050 3117 2089 reat
3145 2033 3344 2098 dura,
3370 2032 3673 2089 derelicto
3714 2030 3983 2091 consilio

891 2137 1140 2189 tuerent
1176 2148 1323 2187 eum
1364 2147 1593 2204 reyem.
1630 2131 1811 2196 Quod
1848 2149 2050 2206 quum
2095 2130 2381 2188 audisset
2486 2128 2815 2187 seniorum
2835 2152 2862 2198 ,·
2899 2132 3268 2208 locutusque
3312 2138 3401 2187 est
3413 2131 3623 2205 juoeta
3648 2129 3983 2205 juvenum

885 2228 1218 2288 Jeroboam
1253 2229 1438 2304 filius
1468 2228 1704 2297 Nabat,
1736 2228 1853 2305 qui
1891 2235 2029 2286 erat
2070 2228 2144 2286 in
2176 2228 2381 2303 2E9y-
2490 2228 2885 2287 voluntate-m
2915 2247 2937 2285 .·
2966 2229 3167 2288 Pater
3200 2247 3377 2287 meus
3411 2246 3614 2304 ,orave
3658 2230 3831 2287 vobis
3859 2229 3984 2287 im—

879 2326 1296 2401 pto(fuyerat
1315 2326 1552 2404 quippe
1573 2327 1737 2384 ill-uc
1755 2334 1906 2384 ante
1925 2327 2331 2385 Salomone-m
2327 2326 2375 2401 ),
2480 2325 2697 2400 posuit
2723 2326 2994 2401 juyum,
3032 2327 3201 2402 quod
3242 2343 3352 2400 eqo
3392 2326 3667 2401 gravius
3702 2327 3977 2402 faciam.

886 2424 1104 2483 statim
1151 2442 1444 2482 reversus
1485 2433 1594 2483 est.
1647 2425 2167 2500 Vocaveruntque
2206 2444 2377 2493 eum,
2485 2424 2684 2482 Pater
2714 2442 2890 2481 meus
2930 2425 3160 2483 cecidit
3204 2442 3307 2482 vos
3346 2425 3647 2499 flagellis,
3677 2442 3787 2499 eqo
3834 2444 3981 2493 vero

886 2530 946 2579 et
975 2522 1150 2580 venit
1175 2540 1324 2580 cum
1355 2522 1653 2580 universo
1675 2523 1906 2589 Israel,
1924 2530 1984 2580 et
2007 2523 2206 2581 locuti
2224 2531 2377 2581 sunt
2484 2521 2721 2579 caedam
2757 2540 2861 2579 vos
2890 2521 3353 2597 scorpionibus,
3383 2522 3465 2581 Ec
3494 2539 3623 2579 non
3652 2521 3981 2599 acquievit

887 2620 975 2677 ad
1001 2620 1304 2687 Roboam,
1335 2620 1615 2678 dieentes
1644 2636 1666 2678 .·
1696 2622 1894 2681 Pater
1927 2628 2074 2679 tuus
2100 2621 2377 2679 durissi-
2479 2620 2711 2694 populi
2724 2620 3044 2695 precibus.
3062 2621 3229 2679 Erat
3255 2619 3431 2678 enim
3456 2620 3809 2678 voluntatis
3827 2620 3975 2688 Dei,

886 2736 987 2776 mo
1002 2718 1168 2793 juqo
1197 2736 1309 2777 nos
1331 2718 1565 2793 pressit
1583 2740 1610 2787 ,·
1639 2727 1710 2777 tu
1733 2718 1973 2777 leviora
1993 2718 2243 2795 impera
2266 2739 2376 2795 pa·
2413 2716 2458 2777 B
2490 2725 2558 2774 ut
2594 2720 3018 2792 compleret-ur
3052 2736 3255 2776 sermo
3300 2717 3467 2792 εἰπε,
3495 2736 3684 2794 quem
3728 2720 3979 2775 locutus

887 2824 980 2874 tre
1013 2824 1145 2884 tu0‚
1175 2817 1292 2893 qui
1321 2816 1500 2875 nobis
1537 2816 1843 2893 imposuit
1872 2836 2141 2891 yravem
2178 2820 2376 2875 servi·
2483 2814 2703 2891 suerat
2724 2832 2843 2890 per
2882 2836 3153 2875 ‘manum
3184 2815 3373 2876 Ahioe
3400 2814 3731 2883 Sabaitis,
3760 2816 3848 2873 ad
3872 2816 3979 2874 Je-

885 2923 1107 2985 tutem‚
1138 2924 1198 2975 et
1234 2918 1590 2991 paululum
1629 2918 1708 2974 de
1755 2935 1942 2975 onere
1978 2918 2265 2985 subleva,
2302 2927 2374 2977 ut
2482 2914 2738 2972 roboam
2767 2914 2987 2990 filium
3019 2913 3253 2975 Nabat.
3281 2915 3571 2989 Populus
3588 2921 3807 2971 autem
3826 2912 3977 2971 uni-

879 3014 1237 3072 serviamus
1268 3014 1406 3073 tibi.
1444 3015 1572 3082 Qui
1600 3015 1696 3074 ait
1726 3034 1748 3073 .·
1777 3016 1932 3075 Post
1963 3024 2085 3074 tres
2114 3016 2253 3075 dies
2282 3036 2373 3075 re·
2488 3032 2724 3081 versus,
2767 3031 2909 3088 reye
2945 3014 3217 3072 duriora
3264 3013 3535 3083 dicente,
3586 3014 3680 3070 sie
3726 3014 3975 3071 loeutus

882 3110 1218 3169 vertimini
1247 3113 1336 3170 ad
1365 3130 1480 3171 me.
2480 3118 2569 3169 est
2598 3113 2685 3169 ad
2712 3130 2859 3169 eum
2890 3130 2912 3168 .·
2946 3112 3091 3171 Νοη
3122 3118 3211 3169 est
3238 3111 3417 3169 nobis
3440 3130 3599 3187 pars
3628 3110 3697 3168 in
3731 3110 3973 3179 David,

963 3210 1302 3286 Quumque
1344 3209 1598 3269 abiisset
1634 3213 1941 3287 populus,
1973 3211 2130 3269 iniit
2170 3213 2374 3271 consi-
2482 3227 2683 3284 neque
2710 3210 3028 3268 liet-editas
3057 3210 3130 3268 in
3166 3210 3307 3284 filio
3336 3209 3476 3268 lsai
3484 3254 3497 3267 .
3530 3209 3867 3267 Revertere
3897 3208 3969 3266 in

882 3305 1048 3363 lium
1076 3324 1222 3365 cum
1249 3307 1504 3365 senibus
1531 3308 1648 3385 qui
1675 3316 1981 3368 steterant
2020 3326 2236 3368 coram
2258 3328 2372 3383 pa·
2484 3307 2893 3365 tabernacula
2937 3315 3075 3375 tua,
3122 3309 3346 3366 Israel.
3397 3309 3491 3367 Tu
3532 3313 3749 3364 autem
3778 3324 3973 3381 pasce

884 3411 976 3461 tre
1029 3404 1170 3479 ejus
1216 3406 1578 3475 Salomone,
1627 3408 1788 3465 dum
1843 3408 2057 3466 adhuc
2103 3409 2371 3475 viveret,
2479 3406 2742 3464 domum
2784 3414 2986 3477 tuam,
3028 3406 3265 3467 David.
3312 3407 3397 3466 Et
3438 3405 3601 3465 abiit
3642 3406 3849 3465 Israel
3892 3406 3967 3463 in

878 3501 1097 3560 dicens
1126 3522 1148 3560 .·
1179 3505 1361 3570 Quod
1397 3505 1570 3563 datis
1607 3506 1976 3573 eonsilium,
2007 3514 2079 3564 ut
2120 3524 2371 3581 respon·
2482 3504 2893 3562 tabernacula
2924 3512 3064 3563 su'a.

875 3600 1057 3658 deam
1071 3602 1352 3679 populo?
1370 3602 1496 3668 Qui
1516 3602 1818 3661 diverunt
1837 3603 1899 3660 ei
1914 3622 1936 3660 .·
1952 3604 2031 3662 Si
2044 3604 2370 3680 placueris
2562 3604 2775 3677 Super
2790 3605 2867 3677 fil
2874 3604 2961 3661 ios
2990 3611 3207 3662 autem
3230 3603 3435 3661 Israel
3454 3603 3570 3680 qui
3589 3602 3969 3661 habitabant

867 3701 1110 3775 populo
1137 3700 1317 3767 huic,
1344 3708 1402 3757 et
1435 3701 1697 3758 lenieris
1736 3720 1836 3759 eos
1873 3701 2078 3759 verbis
2105 3704 2371 3760 clemen-
2480 3702 2551 3758 in
2582 3700 2957 3759 civitatibus
2980 3701 3183 3766 Juda,
3203 3700 3501 3774 reynavit
3520 3700 3822 3758 Roboam.
3844 3700 3969 3759 Mi-

879 3796 1069 3866 tibus,
1100 3798 1379 3856 servient
1421 3798 1538 3857 tibi
1574 3799 1754 3857 omni
1798 3807 2093 3874 tempore.
2125 3802 2215 3859 At
2258 3801 2369 3858 ille
2476 3798 2683 3875 sitque
2724 3817 2839 3856 γεω
2876 3799 3157 3857 Roboam
3188 3799 3515 3866 Aduram,
3546 3797 3663 3874 qui
3686 3807 3967 3873 proeerat

873 3895 1140 3973 reliquit
1171 3896 1515 3955 consilium
1555 3915 1803 3966 senum,
1834 3905 1894 3955 et
1934 3916 2081 3955 eum
2097 3898 2369 3973 juveni—
2403 3900 2446 3961 C
2481 3897 2768 3963 tributis,
2800 3904 2858 3954 et
2896 3896 3357 3971 lapidaverunt
3390 3913 3538 3953 eum
3566 3894 3703 3970 filii
3732 3897 3963 3964 Israel,

875 3991 988 4051 bus
1021 4002 1295 4052 tractare
1322 3994 1534 4070 eoepit,
1550 3996 1668 4072 qui
1696 4014 1844 4053 cum
1870 4014 1938 4053 eo
1970 3996 2212 4055 nutriti
2232 3995 2369 4072 fue·
2476 4004 2533 4052 et
2568 4003 2856 4053 mortuus
2885 4003 2995 4053 est.
3022 3996 3225 4055 Porro
3254 4012 3371 4051 rex
3388 3994 3670 4055 Roboam
3696 4012 3965 4053 currum

873 4100 1052 4160 rant,
1073 4099 1131 4150 et
1159 4100 1346 4151 erant
1375 4094 1448 4150 in
1478 4094 1788 4151 comitatu
1819 4094 2025 4152 illius.
2050 4095 2369 4171 Dixitque
2474 4093 2816 4167 festinavit
2836 4094 3190 4160 ascendere,
3210 4101 3269 4150 et
3287 4092 3466 4168 fuqit
3488 4093 3560 4150 in
3579 4094 3960 4153 Jerusalem..

873 4189 964 4247 ad
988 4208 1087 4247 eos
1116 4210 1138 4247 .·
1170 4191 1342 4256 Quid
1383 4191 1556 4248 vobis
1597 4192 1901 4250 videtur?
1929 4194 2028 4249 vel
2065 4193 2227 4269 quid
2272 4213 2367 4251 re·
2474 4193 2877 4269 Recessitque
2920 4192 3121 4249 Israel
3166 4211 3203 4249 a
3246 4194 3429 4250 domo
3472 4189 3714 4260 David,
3759 4209 3965 4269 usque

873 4288 1180 4361 spondere
1206 4288 1390 4345 debeo
1412 4290 1653 4362 populo
1684 4289 1861 4358 huie,
1893 4290 2010 4367 qui
2036 4289 2217 4349 dioett
2250 4292 2365 4350 mi·
2474 4292 2546 4347 in
2584 4291 2757 4348 diem
2797 4290 2985 4348 hanc.
3036 4292 3310 4349 Factum
3356 4296 3445 4346 est
3490 4296 3709 4347 autem
3758 4308 3961 4365 quum

873 4385 972 4451 Izi,
1016 4385 1292 4443 Subleva
1321 4385 1567 4460 ,ju-qum
1613 4388 1784 4463 quod
1833 4387 2138 4463 imposuit
2182 4390 2364 4449 nobis
2470 4388 2753 4447 audisset
2800 4388 3009 4446 omnis
3061 4389 3285 4457 Israel,
3330 4388 3501 4465 quod
3542 4404 3831 4445 reversus
3872 4407 3963 4445 es-

868 4490 1056 4556 pater
1087 4483 1282 4541 tuus?
1310 4484 1398 4542 At
1440 4482 1548 4540 ilii
1586 4486 2053 4558 responderunt
2086 4494 2159 4543 ut
2172 4485 2362 4561 juve·
2468 4494 2557 4543 set
2576 4483 3265 4550 Jeroboam,miserunt
3286 4492 3346 4542 et
3374 4473 3765 4542 vocaverunt
3784 4503 3959 4552 eum,

869 4596 1005 4647 nes,
1041 4587 1100 4638 et
1141 4580 1384 4639 nutriti
1424 4599 1572 4639 eum
1618 4600 1685 4640 eo
1730 4581 1800 4641 in
1848 4583 2127 4652 deliciis,
2170 4592 2361 4662 atque
2466 4590 2839 4657 eonyreyato
2870 4590 3058 4650 coetu,
3084 4590 3144 4640 et
3172 4583 3641 4641 constituerunt
3684 4601 3837 4640 eum
3864 4600 3961 4639 re-

866 4677 1183 4736 dimerunt
1212 4697 1234 4737 .·
1269 4678 1383 4739 Sic
1411 4680 1687 4756 loqueris
1700 4683 1938 4755 populo
1972 4689 2077 4739 tuo
2107 4682 2224 4758 qui
2264 4682 2360 4741 di·
2459 4700 2605 4755 qem
2640 4698 2833 4755 super
2864 4699 3117 4739 omnem
3153 4681 3358 4739 Israel
3375 4703 3403 4751 ,·
3434 4699 3545 4739 nee
3580 4689 3831 4739 secutus
3868 4690 3959 4739 est

864 4774 967 4833 oeit
1001 4776 1144 4844 tibi,
1175 4778 1376 4837 Pater
1405 4786 1554 4835 tuus
1579 4779 2224 4854 ayyravavitjuyum
2254 4800 2358 4839 no-
2464 4777 2793 4853 quispiam
2838 4780 3105 4838 domum
3148 4778 3388 4848 David,
3430 4786 3669 4853 proeter
3714 4778 3956 4839 tribum

861 4881 1093 4944 strum,
1129 4882 1196 4933 tu
1228 4876 1486 4934 subleva
1501 4898 1530 4945 ,·
1576 4884 1636 4935 et
1675 4876 1770 4935 sic
1812 4878 2215 4952 respondebis
2242 4880 2305 4935 ei
2334 4898 2355 4936 .·
2460 4876 2635 4933 luda
2664 4877 2887 4935 solam.

863 4971 1185 5031 Minimus
1211 4973 1462 5048 diyitus
1492 4993 1668 5031 meus
1690 4976 1974 5049 yrossior
2001 4983 2091 5034 est
2122 4976 2357 5033 lumbis
2542 4972 2695 5034 Tota
2724 4971 2916 5052 hujUs
2954 4971 3219 5053 capituli
3263 4971 3528 5035 historia
3567 4971 3735 5035 libro
3768 4972 3952 5035 tertio

856 5070 1070 5147 patris
1087 5072 1438 5132 mei.Pater
1459 5090 1630 5131 meus
1651 5072 1948 5148 imposuit
1971 5072 2144 5130 vobis
2155 5091 2355 5147 yrave
2384 5073 2431 5134 D
2462 5069 2699 5147 Regum
2728 5070 2860 5149 jam
2890 5070 3085 5132 semel
3118 5077 3216 5131 est
3244 5070 3551 5151 exposita.
3978 5094 4037 5139 111
4051 5098 4272 5154 Rev-n..
