4309 6259
865 474 944 538 32
1461 494 1811 541 mannum
1853 494 1914 539 m
1959 494 2095 540 m.
2141 494 2204 539 v1
2243 493 2403 540 unm
2444 494 2668 549 oman
2708 494 2933 543 amun.
2978 514 3059 525 —
3099 494 3242 541 aar.
3289 494 3355 541 lx

862 662 930 724 in
969 663 1145 726 omni
1189 664 1467 743 civitate,
1502 665 1658 728 villa
1693 672 1756 727 et
1797 665 2009 740 domo,
2043 682 2176 727 uno
2212 682 2349 726 cre·
2378 663 2429 726 A
2458 664 2966 729 consideratione
3008 664 3389 727 humilitatis
3431 682 3503 726 ac
3544 661 3943 744 baptismatis

861 761 1068 838 dente,
1104 770 1168 825 et
1206 762 1332 826 alio
1383 782 1510 827 non
1555 763 1873 839 credente,
1920 780 2179 825 necesse
2225 761 2352 824 fuit
2456 761 2712 839 Christi,
2746 763 2860 845 qui
2902 763 2967 825 in
3013 764 3310 825 omnibus
3349 761 3698 826 exinanivit
3742 780 3809 824 se
3849 760 3946 842 ip-
3986 776 4233 833 Ριῑιῑρμ,

860 860 1239 942 dispensari,
1290 870 1360 924 ut
1399 861 1625 926 fideles
1673 861 2048 925 infidelibus
2097 860 2352 923 cohabi-
2460 880 2640 936 sum3
2688 881 2803 924 nec
2833 862 3039 925 solum
3069 862 3236 924 Patri
3277 870 3535 937 aetern0,
3579 861 3690 923 sed
3721 868 3813 923 et·
3822 842 4016 921 Mat-⁷·
3990 902 4057 945 L
4030 913 4124 947 uc·

863 968 1089 1037 tarent,
1125 970 1188 1025 et
1221 962 1766 1025 communicarent
1796 961 1862 1023 in
1893 959 2132 1035 multiS,
2162 959 2225 1021 id
2256 967 2353 1021 est
2462 959 2540 1021 tri
2578 959 2901 1039 virgineae,
2935 960 3062 1023 imo
3100 968 3163 1022 et
3198 960 3431 1043 Joseph
3463 958 3643 1021 fabro
3676 958 3946 1038 lignario

863 1058 931 1120 in
963 1059 1152 1122 rebus
1184 1079 1311 1124 non
1343 1060 1588 1123 illicitis
1621 1060 1686 1121 in
1728 1079 1796 1123 se
1827 1059 2005 1141 ipsiS,
2044 1066 2235 1141 prout
2273 1058 2350 1120 ad
2459 1058 2751 1120 subditus
2784 1057 2946 1132 suit3
2990 1077 3107 1121 nec
3150 1078 3352 1135 suam,
3386 1059 3496 1121 sed
3527 1057 3725 1119 Patris
3770 1056 3947 1119 venit
4016 1082 4233 1132 Jmm,

819 1202 832 1225 .
863 1159 1223 1223 Corinthios
1265 1159 1488 1223 scribit
1525 1158 1864 1241 Apostolus
1903 1159 1982 1222 de
2029 1157 2354 1221 cohabita-
2460 1155 2670 1220 facere
2697 1156 3115 1233 voluntatem3
3148 1164 3212 1219 et
3228 1156 3405 1220 omni
3428 1154 3790 1219 rationabili
3810 1172 3949 1235 sug·
3974 1146 4201 1194 ³⁰³'¹·3⁸·

863 1257 1035 1321 tione
1077 1258 1512 1339 conjugalium
1553 1257 1770 1321 fidelis
1812 1277 1884 1320 ac
1915 1255 2225 1319 infidelis.
2457 1256 2732 1338 gestioni
2760 1276 2833 1319 ac
2864 1256 3159 1338 petitioni
3192 1255 3668 1338 promptissime
3697 1254 3948 1337 acquie-

606 1170 621 1214 I
641 1171 746 1215 Cor.
762 1185 814 1214 vn

568 1236 707 1277 ¹247.

941 1358 1284 1435 Postrem0,
1334 1378 1449 1441 per
1499 1358 1741 1440 lepram
1784 1358 2083 1433 Naaman,
2139 1361 2351 1437 potest
2459 1354 2571 1417 vit.
2605 1353 2939 1436 Quumque
2970 1353 3132 1417 nulli
3163 1363 3330 1418 esset
3368 1354 3679 1417 obnoxius
3712 1353 3936 1435 culpae,

860 1457 1137 1537 intelligi
1167 1458 1432 1521 interior
1464 1455 1729 1520 infectio
1757 1464 1946 1538 atque
1967 1453 2349 1537 perversitas

859 1556 1204 1637 cujuslibet
1231 1556 1974 1639 peccatoriS,praese1-tim
1995 1553 2349 1636 pertinacia

860 1654 1104 1735 proprii
1149 1672 1390 1731 sensuS,
1427 1653 1893 1734 immansioque
1932 1651 2208 1734 propriae
2239 1669 2349 1714 vo-

861 1751 1144 1814 luntatis,
1190 1751 1338 1826 Quae
1379 1752 1614 1834 duplex
1659 1750 1968 1834 pestifera
2013 1750 2192 1832 lepra
2230 1768 2345 1831 per

859 1850 1234 1913 descensum
1273 1852 1340 1914 in
1375 1851 1712 1915 Jordanem
1750 1858 2027 1927 curatur,
2055 1850 2120 1911 id
2149 1857 2246 1911 est
2276 1848 2345 1910 in

2459 1462 2667 1517 tamen
2700 1463 2959 1536 propter
2980 1473 3095 1517 nos
3114 1455 3409 1535 dignatus
3434 1462 3530 1516 est
3553 1452 3942 1535 baptismum
4002 1464 4220 1507 ,nattam

2456 1554 2800 1635 suscipere.
2836 1554 2921 1617 De
2952 1553 3270 1635 spirituali
3312 1553 3567 1616 demum
3612 1550 3941 1631 significa·
3975 1530 4040 1569 ¹³⁸

2456 1652 2629 1715 tione
2658 1652 2775 1715 hac
2806 1651 3020 1733 leprae,
3047 1660 3303 1715 sanctus
3331 1658 3393 1714 et
3420 1650 3735 1730 gloriosus
3764 1650 3942 1712 Pater

2452 1750 2807 1827 Bernardus
2831 1750 3071 1832 optime
3102 1748 3425 1832 loquitur
3408 1768 3474 1811 m
3507 1767 3799 1857 sermone
3820 1757 3938 1811 ter-

2454 1848 2544 1912 tio
2563 1850 2642 1911 de
2672 1849 3153 1913 Resurrectione
3182 1848 3457 1911 Domini.

1971 2278 2617 2365 ARTICULUS
2699 2279 2811 2363 lx

1281 2557 1633 2603 ELUCIDATIO
1677 2556 1950 2602 CAPITULI
1993 2556 2167 2601 SEXTI
2211 2555 2224 2599 :
2272 2555 2576 2600 DIXERUNT
2619 2556 2823 2601 Auram
2866 2557 3005 2601 FILII
3048 2558 3515 2605 PROPHETARUM.

977 2828 1523 2894 ONTINUATUR
1581 2827 1686 2891 hic
1745 2825 2022 2888 narratio
2071 2824 2336 2888 mirabi-
2372 2824 2419 2887 B
2450 2786 2662 2890 dicat:
2698 2827 2763 2890 Si
2806 2847 3018 2892 meum
3072 2828 3321 2908 fuisset,
3367 2827 3585 2893 minus'
3622 2850 3934 2908 curarem,

994 2929 1153 2991 lium
1183 2928 1397 2991 Elisei.
1422 2930 1752 2990 Dioeerunt
1781 2935 1999 2987 autem
2023 2927 2161 3003 filii
2190 2943 2340 3001 pro-

839 3032 1190 3105 phetarum
1218 3030 1306 3088 ad
1335 3030 1628 3088 Eliseum
1659 3047 1681 3085 .·
1712 3028 1873 3086 Ecce
1905 3029 2076 3085 locus
2106 3026 2181 3085 in
2210 3044 2333 3104 quo

847 3129 1210 3188 habitamus
1239 3146 1452 3186 coram
1488 3135 1564 3197 te,
1590 3134 1904 3201 angustus
1927 3134 2016 3185 est
2045 3125 2247 3193 nobis,
2268 3121 2334 3184 id

847 3233 944 3287 est
972 3232 1182 3287 arctus
1221 3232 1284 3287 et
1321 3222 1600 3286 strictuS.
1634 3221 1858 3285 Multos
1900 3220 2140 3285 etenim
2186 3239 2335 3284 con-

851 3330 1123 3387 verterat
1141 3322 1408 3398 EliseuS‚
1424 3328 1486 3385 et
1516 3320 1826 3384 devotarii
1849 3320 1945 3382 illi
1975 3321 2241 3383 numero
2261 3338 2335 3383 ac

847 3422 1076 3484 merito
1123 3428 1462 3484 creverunt
1504 3419 1623 3482 sub
1673 3418 1813 3500 ejus
1866 3418 2196 3500 regimine.
2233 3418 2336 3479 Di-

845 3528 1124 3601 cuntque
1155 3518 1376 3600 aliqui,
1411 3519 1581 3599 quod
1611 3517 1779 3581 Giezi
1821 3517 2178 3600 discipulus
2209 3516 2336 3579 Eli-

845 3616 936 3680 sei
967 3636 1042 3680 ex
1070 3638 1184 3679 sua
1214 3616 1479 3683 avaritia
1514 3615 1640 3678 fuit
1674 3615 1834 3679 filiis
1879 3614 2333 3696 prophetarum

843 3714 1124 3778 Eliseum
1169 3714 1577 3781 visitantibus
1616 3713 1851 3794 graviS‚
1887 3732 1968 3776 ne
1994 3731 2330 3775 consume-

845 3822 988 3877 rent
1034 3833 1108 3877 ea
1157 3833 1298 3896 quae
1345 3814 1555 3877 Eliseo
1615 3813 1952 3891 dabantur,
2003 3831 2145 3894 quae
2196 3812 2333 3894 ipsc

847 3912 913 3975 in
945 3914 1276 3996 proprium
1313 3913 1590 3976 malebat
1633 3921 2004 3976 convertere
2043 3930 2231 3973 usum
2272 3918 2335 3973 et

2445 2927 2554 2990 sed
2588 2946 2757 2990 nunc
2785 2927 2969 2991 doleo
2998 2928 3429 3007 vehementer,
3450 2950 3649 3012 quum
3682 2949 3811 2994 non
3835 2931 3937 2993 ha—

2445 3024 2626 3088 beam
2665 3028 2837 3109 quod
2882 3046 2996 3108 pro
3037 3027 3149 3091 illo
3180 3028 3531 3091 restituam.
3565 3029 3743 3093 Unde
3790 3048 3938 3093 con-

2442 3133 2585 3201 stat,
2620 3125 2793 3207 quod
2821 3144 3133 3208 pauperes
3162 3135 3343 3191 erant
3374 3127 3679 3209 discipuli
3714 3128 3833 3205 illi,
3870 3136 3933 3191 et

2440 3222 2841 3306 simplicibus
2880 3224 3282 3301 habitaculiS,
3315 3245 3462 3308 quae
3500 3225 3759 3308 ipsimet
3809 3226 3934 3289 sibi

2440 3322 2915 3400 construebant,
2951 3331 3132 3386 crant
3168 3324 3453 3387 contenti
3490 3343 3503 3387 :
3540 3344 3667 3406 quo
3700 3325 3937 3389 multo-

2442 3440 2583 3482 rum
2641 3420 2831 3483 etiam
2881 3420 3325 3502 religiosorum
3378 3421 3715 3485 curiositas
3768 3443 3937 3485 sum-

2441 3528 2667 3601 ptuosa
2695 3520 3003 3602 arguitur.
3037 3522 3228 3582 Dioeit
3272 3532 3491 3582 autem
3534 3524 3721 3584 homo
3754 3525 3877 3583 Dei
3908 3544 3933 3582 .-

2452 3620 2571 3679 Ubi
2598 3619 2827 3677 cecidit
2848 3620 2878 3677 ?
2906 3622 2995 3679 At
3025 3619 3138 3677 ille
3181 3622 3561 3679 monstravit
3602 3620 3665 3678 ei
3696 3622 3928 3681 locum.

2440 3716 2756 3777 Praecidit
2812 3736 2956 3793 erqo
3004 3714 3253 3778 Eliseus
3316 3719 3591 3794 lignum,
3644 3727 3703 3777 et
3752 3720 3932 3778 misit

2441 3815 2624 3886 illuc,
2659 3813 2723 3875 id
2754 3822 2851 3875 est
2882 3814 2947 3875 in
2979 3834 3125 3878 eum
3157 3833 3337 3895 aquae
3369 3814 3601 3893 locum,
3638 3815 3703 3877 in
3735 3834 3929 3897 quem

2442 3911 2757 3974 ceciderat
2777 3910 3048 3986 ferrum3
3084 3915 3464 3993 natavitque
3482 3914 3740 3990 ferrum
3756 3931 3779 3974 .·
3800 3932 3932 3977 non

843 4014 1249 4076 commodum
1285 4030 1299 4074 :
1334 4012 1498 4089 ideo,
1534 4031 1608 4076 eo
1651 4020 1912 4094 propter
1951 4011 2195 4092 lepram
2237 4028 2336 4072 re-
2361 4012 2405 4075 C
2442 4008 2677 4072 virtute
2724 4009 2882 4090 ligni
2931 4009 2998 4071 in
3037 4029 3269 4092 aquam
3317 4010 3609 4092 projecti,
3653 4011 3764 4073 sed
3812 4010 3931 4074 im-

842 4120 1036 4189 mot0,
1071 4113 1288 4195 plures
1325 4113 1402 4175 ad
1433 4120 1724 4175 sanctum
1759 4110 1969 4173 virum
2003 4118 2157 4171 sunt
2184 4127 2335 4171 con-

840 4208 1106 4291 gregati.
1132 4212 1377 4272 Eamus
1397 4231 1594 4290 usque
1622 4212 1710 4271 ad
1725 4212 2103 4279 Iordanem,
2133 4218 2193 4269 et
2225 4212 2335 4268 tol-

840 4311 982 4369 lant
1008 4309 1260 4385 sinyuli
1285 4311 1366 4368 de
1393 4310 1564 4369 silva
1593 4309 1900 4368 materias
1919 4308 2242 4383 singula-3,
2264 4304 2331 4366 id

839 4413 935 4468 est
967 4405 1159 4486 ligna,
1181 4417 1254 4467 ut
1273 4408 1662 4484 oedificemus
1690 4407 1871 4467 nobis
1899 4408 1994 4465 ibi
2015 4408 2223 4466 locum
2243 4406 2331 4465 ad

839 4508 1292 4567 habitandum.
1332 4508 1457 4574 Qui
1482 4507 1662 4566 dixit
1693 4526 1715 4565 .·
1744 4508 1861 4566 Ite.
1899 4507 1982 4565 Et
2020 4506 2116 4565 ait
2147 4524 2320 4564 unus

837 4624 919 4663 ea·
947 4606 1086 4665 illis
1104 4625 1128 4664 .·
1163 4606 1318 4667 Veni
1344 4622 1490 4682 erqo
1525 4615 1594 4666 tu
1623 4624 1771 4665 cum
1799 4604 2000 4665 servis
2033 4606 2186 4665 tuis.
2208 4587 2332 4665 Rej

834 4704 1095 4780 spondit
1125 4724 1149 4763 .·
1181 4706 1316 4780 Eyo
1348 4705 1626 4765 veniam.
1660 4706 1748 4764 Et
1783 4704 1946 4764 abiit
1978 4722 2128 4764 cum
2159 4705 2271 4763 eis.

920 4806 1258 4882 Quumque
1279 4804 1594 4864 venissent
1613 4805 1701 4863 ad
1725 4805 2103 4873 Iordanem,
2135 4803 2332 4862 coede-

837 4902 990 4963 bant
1019 4903 1223 4979 liqna.
1259 4904 1518 4963 Accidit
1562 4911 1780 4962 autem
1812 4911 1887 4962 ut
1918 4920 2122 4980 quum
2155 4920 2330 4960 unus

839 5001 1184 5062 materiam
1224 5001 1615 5071 succidisset,
1645 5003 1899 5061 caderet
1938 5000 2197 5075 ferrum
2238 5018 2329 5057 se-

835 5102 1012 5159 curis
1043 5101 1114 5160 in
1136 5122 1396 5181 aquam.
1422 5100 1963 5177 Eat-clamavitque
1985 5100 2097 5157 ille
2116 5106 2177 5157 et
2198 5097 2328 5155 ait:

2440 4107 2618 4189 perio
2647 4106 2755 4171 Dei
2799 4127 2871 4171 ac
2916 4108 3272 4171 ministerio
3316 4108 3557 4189 angeli3
3610 4117 3825 4191 atque,
3858 4120 3933 4173 ut

2438 4205 2639 4287 aliqui
2682 4206 3049 4289 opinantur,
3095 4206 3339 4287 lignum
3381 4207 3538 4270 illud
3580 4206 3647 4269 in
3692 4227 3924 4290 aquam

2438 4304 2722 4381 missum,
2768 4306 2844 4367 ad
2896 4304 3167 4368 formam
3217 4304 3537 4367 manubrii
3588 4305 3716 4369 suit
3754 4308 3935 4369 reda—

2438 4412 2633 4481 ctum,
2659 4412 2722 4467 et
2749 4402 2985 4467 ferrum
3017 4422 3131 4486 per
3159 4423 3227 4467 se
3258 4403 3521 4467 intravit
3542 4405 3609 4466 in
3634 4404 3812 4469 illud.
3842 4409 3930 4468 Et

2438 4505 2587 4565 ait:
2621 4506 2806 4563 Tolle.
2844 4504 2971 4572 Qui
3006 4506 3298 4565 eoetendit
3338 4524 3636 4575 manum,
3674 4515 3735 4566 et
3776 4506 3929 4567 tulit

2442 4605 2635 4663 illud.

2516 4704 2659 4763 Rea·
2700 4711 2917 4763 autem
2954 4704 3172 4778 Syrioe
3195 4704 3535 4779 puqnabat
3576 4712 3801 4764 contra
3841 4708 3933 4765 Is-

2440 4802 2599 4872 rael,
2641 4797 3002 4862 infestando
3049 4816 3314 4878 regnum
3357 4800 3576 4862 decem
3616 4800 3927 4863 tribuum.

2442 4899 2922 4977 Consiliumque
2980 4898 3137 4957 iniit
3186 4918 3335 4958 cum
3383 4900 3584 4960 servis
3630 4902 3792 4969 suis,
3830 4902 3931 4959 di-

2438 5016 2583 5056 cens
2604 5000 2725 5057 :In
2754 4999 2880 5055 loco
2913 4996 3027 5055 illo
3053 5005 3114 5055 et
3134 4997 3246 5055 illo
3269 5015 3592 5072 ponamus
3624 4999 3928 5068 insidias,

2440 5094 2502 5155 id
2531 5101 2627 5155 est
2646 5092 2815 5181 viros
2847 5099 3121 5155 armatos
3143 5092 3665 5176 insidianteS‚qui
3685 5094 3929 5158 occulte

833 5200 1002 5269 Heu,
1034 5201 1182 5272 lieu,
1214 5201 1365 5268 heu,
1394 5200 1656 5260 domine
1687 5200 1803 5269 mi,
1836 5207 1895 5257 et
1928 5198 2042 5256 hoc
2081 5196 2319 5271 ipsum,
2359 5194 2408 5255 D
2438 5192 2909 5274 improviseque
2938 5200 3209 5255 noceant
3235 5192 3559 5255 Israelitis.
3588 5195 3775 5255 Misit
3805 5196 3930 5255 ita-

834 5297 1005 5379 quod
1035 5296 1127 5361 sic
1157 5296 1430 5383 perdidi,
1457 5306 1683 5361 mutuo
1715 5314 2100 5372 acceperam.
2134 5291 2327 5366 Quasi

2435 5312 2557 5372 que
2585 5293 2692 5351 vir
2718 5290 2841 5353 Dei
2870 5294 2959 5351 ad
2986 5310 3194 5369 reyem
3223 5293 3457 5362 Israel,
3478 5294 3696 5353 dicens
3715 5313 3737 5353 .·
3764 5295 3927 5353 Cave
