4309 6259
564 996 696 1041 Num.
710 1000 826 1049 xv1‚9.

569 3170 712 3215 Hebr.
722 3185 780 3223 ιι,
793 3174 834 3214 6.

859 502 977 565 252

1205 522 1553 567 ENARRA'rlo
1595 524 1656 568 IN
1699 524 1836 569 cAP.
1882 523 2034 570 xxlx
2076 523 2234 568 unm
2270 523 2523 569 SECUNDI
2564 522 3092 569 PARALIPOMENON.
3138 544 3219 553 —-
3258 524 3401 569 Am.
3446 521 3597 568 XXIX

857 711 1138 763 censum,
1171 692 1416 758 scilicet
1453 694 1800 777 thymiama
1838 693 2237 756 incendendo
2265 693 2343 753 ad
2374 691 2425 753 A
2536 696 2821 770 Inqressi
2861 715 3109 774 quoque
3146 704 3298 755 sunt
3334 698 3421 754 ad
3456 695 3804 754 Ezechiam
3841 712 3937 751 re-

856 787 966 851 Dei
1017 790 1320 854 honorem
1369 810 1382 853 :
1425 794 1597 873 quod
1640 792 1762 854 fuit
1800 790 2010 855 officii
2062 791 2347 853 sacerdo-

859 895 1015 949 tum.
1050 888 1210 951 Hine
1240 890 1306 951 in
1341 890 1505 953 libro
1535 892 1952 954 Numerorum
1981 890 2218 973 Moyses
2258 889 2347 951 ait

856 986 1090 1049 Levitis
1126 1004 1141 1049 ε
1174 988 1334 1050 Num
1365 1009 1590 1071 parum
1623 989 1804 1053 vobis
1830 996 1946 1066 est,
1971 990 2141 1069 quod
2174 1007 2348 1070 sepa·

858 1086 1024 1149 ravit
1071 1104 1182 1151 vos
1223 1087 1385 1151 Deus
1427 1088 1616 1151 Israel
1657 1088 1737 1150 ab
1777 1088 1950 1152 omni
1992 1087 2253 1170 populo,
2285 1094 2347 1149 et

857 1186 1069 1267 junxit
1110 1186 1234 1249 sibi
1275 1195 1344 1248 ut
1383 1187 1706 1250 serviretis
1739 1188 1794 1251 ei
1829 1188 1896 1249 in
1927 1188 2102 1249 cultu
2144 1186 2347 1248 taber-

860 1283 1094 1361 naculi,
1129 1293 1192 1346 et
1223 1285 1472 1348 staretis
1502 1304 1715 1347 eoram
1748 1284 2108 1367 frequentia
2146 1304 2348 1366 popu-

860 1382 928 1459 li,
964 1390 1027 1445 et
1057 1382 1506 1445 ministraretis
1537 1384 1634 1445 ei?

943 1482 1386 1541 Surreoeerunt
1405 1502 1551 1559 eryo
1571 1483 1732 1542 Levi
1737 1491 1813 1543 tae
1834 1503 1856 1541 .·
1875 1484 2140 1543 Mahath
2164 1483 2350 1558 filius

860 1580 1157 1647 Amasai,
1176 1589 1234 1639 ei
1262 1581 1398 1639 Joel
1426 1582 1610 1657 filius
1633 1581 1916 1651 Azarioe,
1939 1582 2018 1639 de
2044 1582 2210 1657 filiis
2242 1582 2349 1638 Ca-

859 1680 992 1736 acle.
1018 1679 1225 1738 Porro
1253 1681 1332 1737 de
1356 1680 1520 1755 filiis
1553 1680 1800 1739 Merari
1831 1699 1853 1737 .·
1889 1681 1990 1737 Cis
2015 1679 2202 1754 filius
2230 1680 2349 1738 Ab·

860 1777 1028 1846 (ἤμει
1041 1777 1323 1836 Azarias
1341 1779 1526 1854 fil-ius
1541 1779 1822 1838 Jalaleel.
1839 1781 1932 1837 De
1949 1781 2026 1853 fil
2033 1779 2114 1837 iis
2135 1787 2344 1837 autem

2450 813 2617 870 yem,
2642 803 2703 853 et
2731 796 3044 854 dimerunt
3073 796 3135 853 ei
3162 814 3185 856 .·
3217 794 3785 868 Sanctificavimus
3814 810 3941 851 om-

2457 913 2600 952 nem
2634 895 2897 952 domum
2929 894 3197 954 Domini
3234 903 3293 953 et
3330 896 3537 953 altare
3564 892 3941 960 holocausti,

2458 1012 2737 1071 vasaque
2773 994 2934 1069 eju-9,
2968 1011 3209 1052 necnon
3250 1000 3309 1051 et
3348 1010 3631 1051 mensam
3653 990 3944 1067 proposi-

2460 1090 2652 1149 tionis
2682 1111 2827 1149 cum
2848 1091 3142 1149 omnibus
3166 1092 3333 1150 vasis
3351 1091 3503 1158 suiS,
3526 1097 3945 1166 cunctamque

2460 1190 2678 1265 templi
2715 1191 3195 1266 supellectilem,
3227 1209 3423 1267 quam
3463 1190 3787 1265 polluerat
3828 1206 3945 1245 rest

2457 1290 2677 1349 Achaz
2710 1288 2781 1347 in
2814 1308 3003 1364 reyno
3032 1308 3169 1357 suo,
3188 1295 3529 1366 postquam
3548 1287 3945 1361 praevarica-

2462 1395 2561 1445 tus
2591 1395 2717 1456 est,·
2734 1394 2792 1443 et
2819 1405 2952 1444 ecc-e
2981 1388 3268 1463 exposita
3296 1393 3449 1445 sunt
3477 1384 3697 1444 omnia
3725 1402 3941 1443 coram

2458 1486 2661 1544 altari
2689 1486 2979 1545 Domini.

2512 1631 2515 1633 ,
2562 1585 3079 1661 Οοηετινῃεηεᾳιιε
3114 1584 3409 1643 diluculo
3454 1584 3765 1644 Ezechias
3804 1603 3949 1651 reoe,

2461 1683 2806 1752 adunavit,
2840 1681 2902 1742 id
2938 1689 3033 1743 est
3060 1680 3489 1761 congregavit,
3527 1702 3741 1742 omnes
3760 1683 3951 1759 prin-

2459 1784 2627 1857 cipes
2656 1782 2942 1841 civitatis
2977 1780 3345 1855 Jerusalem,
3380 1788 3533 1862 puta
3570 1778 3846 1861 majores
3888 1788 3950 1841 et

867 1876 1099 1933 Gerson
1126 1876 1320 1934 :Joalz
1350 1876 1534 1951 filius
1564 1878 1846 1945 Zemma,
1869 1886 1926 1935 et
1945 1877 2132 1936 Eden
2163 1877 2348 1951 filius
2386 1874 2433 1935 B
2461 1878 2526 1939 in
2566 1877 2807 1941 officiis
2853 1878 3254 1955 constitut03‚
3293 1890 3353 1939 et
3390 1882 3676 1939 ascendit
3722 1880 3797 1939 in
3840 1882 3953 1939 do-

857 1974 1042 2033 Joalz.
1076 1974 1165 2032 At
1195 1992 1340 2032 vero
1377 1976 1456 2032 de
1483 1974 1648 2051 filiis
1681 1976 2039 2051 Elisaplean
2071 1994 2093 2032 .·
2122 1976 2349 2035 Samri

861 2080 920 2129 ei
949 2072 1182 2131 Jahiel.
1217 2074 1312 2131 De
1337 2073 1500 2147 filiis
1531 2091 1780 2149 quoque
1809 2074 2030 2149 Asaplz
2063 2094 2085 2132 .·
2107 2075 2349 2133 Zacha-

861 2170 998 2228 rias
1042 2177 1102 2228 et
1150 2172 1548 2230 MachaniaS.
1595 2174 1857 2231 Necnon
1901 2174 1979 2230 de
2023 2173 2186 2249 filiis
2227 2174 2350 2232 He-

864 2288 1018 2328 man
1039 2289 1062 2327 .·
1083 2270 1298 2328 Jaleiel
1325 2278 1384 2328 et
1417 2270 1648 2329 Semei.
1674 2272 1805 2331 Sed
1830 2279 1890 2330 ei
1918 2273 1997 2329 de
2025 2272 2189 2346 fil-iis
2220 2272 2351 2331 Idi-

865 2369 1026 2425 tlaun
1043 2387 1065 2425 .·
1082 2368 1369 2427 Seme-ias
1387 2376 1447 2427 ec
1467 2369 1654 2427 Oziel.
1667 2370 2350 2447 Conqreyaveruntque

861 2466 1098 2544 fratres
1126 2484 1294 2533 su03,
1309 2475 1368 2525 et
1386 2468 1779 2541 sanctificati
1797 2476 1970 2536 sunt,
1994 2476 2052 2525 et
2076 2468 2351 2543 inssressi

859 2572 1012 2623 sunt
1025 2564 1233 2639 juxta
1272 2567 1658 2623 mandatum
1697 2566 1864 2640 reqis
1899 2574 1958 2623 et
1997 2566 2349 2641 imperium

861 2662 1152 2733 Domini,
1201 2672 1272 2721 ut
1316 2664 1680 2739 expiarent,
1721 2662 1785 2724 id
1836 2670 1931 2725 est
1981 2671 2343 2743 purgarent,

861 2763 1126 2819 domum
1172 2762 1314 2821 Dei.
1372 2763 1737 2821 Sacerdotes
1783 2782 2028 2840 quoque
2074 2764 2350 2837 inaressi

865 2862 1174 2935 templum
1202 2860 1496 2927 Domini,
1527 2868 1600 2919 ut
1637 2864 2116 2937 sanctificarent
2147 2863 2343 2922 illua.

864 2956 1018 3017 Nam
1069 2956 1278 3037 ipsum
1331 2957 1661 3038 templum,
1715 2957 1959 3021 scilicet
2009 2957 2239 3021 Sancta
2287 2967 2349 3021 et

2462 1999 2640 2037 mum
2685 1979 2979 2045 Domini,
3028 1977 3273 2040 scilieet
3319 1996 3524 2059 usque
3572 1978 3637 2038 in
3683 1978 3945 2039 atrium.

2462 2079 2967 2156 obtuleruntque
2992 2078 3195 2136 simul
3224 2086 3441 2137 tauros
3457 2086 3712 2153 septem,
3736 2086 3797 2136 ec
3818 2080 3953 2137 ari-

2458 2185 2581 2234 etes
2605 2185 2865 2251 sepiem,
2887 2196 3086 2252 assnos
3112 2185 3371 2253 septem,
3390 2185 3449 2235 ei
3477 2176 3686 2235 hircos
3710 2186 3949 2253 sepiem

2450 2294 2573 2351 pro
2596 2284 2878 2352 peccam,
2911 2273 2973 2336 id
3018 2283 3113 2336 est
3157 2292 3272 2355 pro
3318 2273 3691 2336 remissione
3733 2274 3953 2355 eulpa·

2460 2390 2601 2432 rum
2632 2389 2849 2433 eorum
2880 2370 2992 2451 qui
3026 2370 3499 2452 subjunguntur
3536 2388 3549 2431 ε
3582 2390 3697 2448 pro
3732 2391 3952 2448 reqvie,

2461 2470 2523 2532 id
2555 2477 2652 2531 est
2682 2487 2798 2550 pro
2828 2488 2975 2550 rege
3006 2477 3069 2531 et
3097 2468 3445 2550 maioribus
3476 2488 3549 2531 ac
3578 2470 3953 2533 domesticis

2460 2568 2648 2648 τρεῖς,
2690 2588 2814 2645 pro
2860 2570 3258 2639 sanctuariO,
3303 2568 3368 2628 id
3418 2577 3513 2631 est
3555 2586 3669 2650 pro
3721 2569 3953 2651 templi

2460 2666 2793 2742 ministriS‚
2816 2686 2939 2743 pro
2969 2669 3171 2735 Juda,
3205 2666 3268 2727 id
3306 2674 3402 2729 est
3442 2685 3556 2748 pro
3595 2668 3957 2729 eommuni-

2460 2764 2707 2828 tate.1n
2740 2764 3020 2827 Levitico
3051 2764 3319 2827 habetur
3326 2765 3515 2847 ,quid
3544 2784 3655 2846 pro
3685 2775 3955 2847 peccato
4010 2786 4107 2828 La.
4122 2798 4167 2827 w
4180 2784 4214 2822 ³-

2458 2862 2825 2936 sacerdotiS‚
2856 2862 3011 2943 quid
3044 2861 3197 2924 item
3226 2880 3341 2944 pro
3372 2870 3629 2945 peccato
3660 2854 4001 2925 multitu-¹
3985 2851 4177 2957 ἓξξὲξι·
4156 2850 4214 2889 ²¹

2458 2958 2650 3036 dinis,
2686 2968 2749 3022 et
2778 2959 2935 3041 quid
2974 2978 3089 3041 pro
3129 2968 3387 3041 peccato
3423 2960 3754 3042 principiS,
3790 2962 3953 3043 quid
3986 2979 4051 3019 ³⁵.

865 3053 1094 3116 Sancta
1139 3063 1522 3131 sanctorum,
1566 3054 1803 3118 Levitis
1849 3076 1975 3119 non
2027 3057 2210 3119 licuit
2254 3059 2349 3119 in·
2382 3059 2427 3123 C
2458 3058 2713 3119 demum
2754 3077 2870 3140 pro
2910 3067 3169 3140 peccato
3208 3058 3552 3140 cujuslibet
3588 3060 3667 3121 de
3703 3062 3956 3141 populo

865 3152 1091 3227 troire3
1137 3154 1491 3216 sacerdotes
1537 3173 1685 3217 vero
1724 3155 2045 3218 intrabant
2086 3156 2154 3217 in
2202 3156 2350 3218 San-

863 3258 984 3327 cta,
1018 3251 1139 3313 hoc
1170 3260 1262 3313 est
1299 3251 1362 3313 in
1395 3252 1768 3316 exteriorem
1813 3254 2034 3335 templi
2074 3264 2342 3336 partem.

863 3351 1264 3409 Emi-ulerunt
1299 3370 1551 3411 omnem
1596 3354 2112 3422 immunditiam,
2151 3374 2348 3432 quam

861 3447 1034 3506 intro
1085 3459 1451 3524 repererant
1494 3451 1567 3509 in
1609 3442 1914 3509 vestibulo
1955 3453 2185 3511 domus
2224 3454 2349 3511 Do·-

863 3545 1055 3615 mini,
1080 3544 1147 3607 id
1177 3553 1292 3622 est,
1320 3546 1536 3607 sordes
1567 3554 2057 3627 exportaverunt
2087 3548 2166 3609 de
2195 3547 2348 3610 San-

861 3642 979 3704 ctis
1021 3662 1222 3724 usque
1267 3643 1334 3704 in
1373 3644 1642 3719 atrium3
1682 3665 1880 3723 quam
1914 3650 2204 3706 tulerunt
2235 3650 2349 3707 Le-

862 3743 1037 3811 vicce,
1087 3741 1151 3803 id
1202 3751 1316 3818 est,
1375 3744 1453 3806 de
1501 3743 1662 3804 atrio
1722 3752 2236 3825 exportaverunt,
2287 3756 2347 3806 et

861 3849 1352 3917 asportaverunt
1395 3845 1483 3902 ad
1531 3851 1870 3901 torrentem
1923 3844 2189 3914 Cedron,
2234 3844 2347 3924 qui

860 3938 1028 4001 inter
1073 3938 1420 4001 Jerusalem
1464 3939 1822 4021 Olivetique
1871 3947 2152 4002 montem
2203 3961 2347 4004 eur-

861 4037 1058 4115 rebat,
1101 4040 1302 4115 foras,
1343 4041 1677 4114 Coeperunt
1716 4050 1930 4099 autem
1971 4043 2193 4117 prima
2242 4043 2350 4100 die

862 4138 1096 4196 mensis
1131 4138 1344 4213 primi
1389 4141 1729 4207 mundare,
1768 4148 1826 4198 et
1871 4140 1938 4197 in
1984 4141 2092 4198 die
2131 4150 2349 4199 octavo

2460 3155 2667 3218 fuerat
2696 3156 3123 3221 offerendum.
3146 3158 3268 3220 Hae
3300 3166 3509 3220 autem
3540 3157 3699 3233 vice,
3722 3158 3789 3220 in
3821 3178 3961 3241 qua

2460 3262 2588 3316 tam
2618 3255 2805 3317 multi
2838 3257 3215 3333 sacerdoteS,
3251 3256 3484 3319 Levitae
3521 3264 3585 3319 et
3620 3256 3959 3339 principes

2459 3362 2521 3416 et
2570 3354 2840 3435 subjecti
2891 3354 3145 3417 fuerant
3192 3355 3578 3435 congregati,
3630 3354 3717 3416 ita
3775 3357 3959 3437 quod

2458 3471 2574 3534 pro
2615 3452 2883 3533 singulis
2919 3471 3216 3516 seorsum
3269 3451 3493 3516 offerri
3544 3472 3671 3516 non
3711 3456 3956 3535 potuit,

2459 3551 2670 3616 oblata
2718 3561 2868 3613 sunt
2912 3550 3175 3634 praefata
3222 3552 3580 3633 septenaria
3616 3571 3957 3633 pecorum.

2460 3649 2783 3731 Siquidem
2831 3651 3191 3731 septenario
3236 3650 3621 3713 universitas
3660 3651 3963 3732 designa·

2460 3758 2583 3811 tur.
2618 3751 2932 3827 Dioeiique
2968 3748 3265 3812 Ezechias
3309 3751 3747 3810 sacerdotibus
3786 3754 3963 3827 filiis

2458 3850 2703 3918 Aaron,
2740 3857 2814 3907 ut
2850 3852 3150 3925 offerrent
3187 3867 3380 3923 super
3416 3851 3623 3907 altare
3651 3850 3958 3910 Domini.

2458 3944 2755 4019 Quamvis
2786 3943 2957 4007 enim
2992 3964 3120 4020 rex,
3157 3944 3481 4027 principes
3522 3964 3631 4007 seu
3669 3946 3965 4028 populus

2459 4041 2748 4105 exhibuit
2776 4042 3076 4105 animalia
3106 4042 3455 4119 offerenda,
3477 4042 3713 4106 oblatio
3736 4052 3963 4107 tamen

2462 4141 2660 4203 fiebat
2678 4160 2792 4223 per
2814 4160 3036 4202 manus
3059 4150 3120 4203 et
3140 4141 3519 4222 obsequium
3550 4142 3963 4205 sacerdotum

860 4237 1144 4311 ejusdem
1200 4236 1433 4294 mensis
1490 4237 1764 4311 inqressi
1820 4247 1972 4297 sunt
2021 4240 2348 4314 port-icum
2381 4243 2431 4305 D
2462 4260 2653 4322 super
2710 4240 2909 4301 altare
2970 4239 3507 4302 holocaustorum.
3560 4239 3963 4319 Sanguinem

860 4336 1088 4393 domus
1139 4334 1360 4410 templi
1401 4335 1690 4403 Domini,
1731 4334 1977 4415 porticu
2027 4355 2139 4397 seu
2188 4336 2349 4398 atrio

865 4429 975 4491 illo
1013 4430 1142 4511 jam
1188 4432 1550 4494 emundato.
1589 4435 2167 4512 Eoepiaveruntque
2202 4446 2351 4495 tem-

855 4532 1046 4606 plum
1075 4530 1297 4589 diebus
1327 4539 1481 4591 oct0.
1504 4529 1733 4611 Sicque
1760 4531 1869 4593 diu
1900 4533 2190 4615 occupati
2219 4531 2352 4596 fue-

864 4635 1015 4688 runt
1044 4626 1110 4688 in
1143 4630 1572 4709 expurgando.
1597 4627 1924 4709 Siquidem
1948 4630 2152 4694 Acbaz
2183 4632 2353 4695 idola

864 4744 978 4787 sua
1009 4734 1070 4787 et
1109 4726 1370 4788 deorum
1403 4746 1662 4789 suorum
1701 4728 2030 4809 imagineS‚
2064 4730 2353 4813 aliasque

863 4822 1202 4905 spurcitias
1253 4824 1670 4887 constituerat
1721 4825 1833 4899 ibi,
1886 4835 1948 4889 et
2000 4827 2351 4909 parietibus

865 4921 1009 4984 atrii
1042 4941 1114 4984 ae
1149 4922 1369 5004 templi
1393 4920 1628 4985 affixit.
1659 4928 1740 4986 Ec
1770 4927 1842 4986 in
1871 4928 1980 4985 die
2007 4931 2355 4989 sextadeci-

865 5042 972 5081 ma
1000 5022 1287 5099 ejusdem
1313 5026 1566 5094 mensis,
1591 5028 1762 5103 quod
1791 5036 2114 5101 coeperani
2135 5028 2355 5104 imple-

865 5130 1097 5181 verunt
1118 5141 1140 5179 .·
1162 5119 1314 5201 quia
1337 5138 1461 5183 non
1490 5122 1696 5185 solum
1723 5132 2217 5204 exportaverunt
2242 5126 2356 5187 im-

864 5218 1115 5295 munda,
1130 5220 1238 5281 sed
1261 5226 1324 5281 et
1339 5238 1492 5281 vasa
1510 5239 1581 5282 ae
1602 5221 1903 5283 utensilia
1925 5222 2127 5284 cultus
2149 5223 2354 5287 divini

865 5316 1298 5398 expiaverunt,
1331 5320 1870 5399 quemadmodum
1903 5319 2217 5383 subditur.

2461 4338 2649 4402 etiam
2696 4355 2995 4421 pecorum
3045 4337 3403 4400 oblatorum
3454 4336 3758 4400 fuderunt
3808 4359 3965 4421 par-

2462 4437 2577 4498 tim
2609 4454 2801 4517 super
2829 4436 3027 4498 altare
3061 4456 3074 4500 :
3112 4436 3189 4498 de
3220 4454 3349 4518 quo
3382 4436 3507 4497 ritu
3548 4454 3737 4517 super
3766 4437 3965 4501 Levi-
4022 4457 4203 4501 tuam

2466 4535 2659 4598 ticum
2692 4543 2788 4597 est
2818 4534 3071 4616 plenius
3102 4534 3365 4597 dietum.

2544 4637 2999 4695 Mactaverunt
3042 4636 3250 4710 iyitur
3294 4643 3531 4705 taurOS,
3572 4643 3631 4694 et
3670 4654 3965 4713 suscepe-

2463 4740 2621 4792 runt
2667 4734 3054 4807 sanquinem
3100 4734 3474 4801 sacerdoieS,
3522 4742 3581 4792 ei
3627 4733 3965 4810 fuderunt

2464 4832 2656 4889 illum
2710 4850 2903 4905 super
2956 4832 3186 4891 altare.
3246 4832 3699 4891 Mactaverunt
3750 4834 3960 4893 etiam

2464 4930 2715 4999 arietes,
2739 4938 2799 4987 et
2827 4930 3095 4988 illorum
3121 4931 3509 5006 sanquinem
3534 4950 3726 5006 super
3742 4934 3968 4991 altare

2462 5028 2803 5103 fuderunt.
2845 5030 3358 5088 Immolaverunt
3402 5048 3620 5105 aqnos,
3660 5038 3721 5089 et
3762 5029 3971 5105 fude-

2464 5135 2623 5186 runt
2658 5146 2851 5203 super
2887 5129 3094 5186 altare
3131 5128 3539 5203 sanquinem.
3572 5130 3969 5203 Applicave-

2466 5233 2625 5284 runc
2652 5226 2859 5284 hircos
2892 5244 3011 5301 pro
3044 5233 3299 5301 peccato
3338 5221 3703 5288 offerendos
3737 5245 3969 5289 coram

2466 5342 2612 5399 reqe
2664 5332 2725 5383 et
2779 5325 3085 5383 universa
3142 5326 3589 5395 multitudine,
3640 5325 3969 5401 imposue-
