4309 6259
1195 512 1542 559 umanum
1585 512 1646 558 m
1689 512 1824 559 car.
1871 510 1982 558 x1x
2012 512 2146 557 soa.
2192 532 2272 542 —
2313 512 2455 558 aar.
2500 512 2641 557 xuv
3338 494 3458 557 559

451 687 696 745 Saltem
729 706 906 746 nunc
931 686 1307 761 incelliyite,
1335 689 1494 764 quia
1526 688 1696 746 Deus
1733 704 1864 745 ‘non
1894 682 1944 745 A
1974 692 2036 746 et
2082 680 2364 745 lacrimis
2410 683 2643 747 obtulit
2689 682 2976 746 Christus
3023 702 3243 766 preces
3287 682 3457 745 Patri

367 804 550 862 (equo
562 784 826 859 judicio
848 785 1160 861 afflioeerit
1189 805 1310 855 me,
1334 793 1391 843 et
1417 785 1701 860 flaqellis
1729 785 1866 842 suis

367 902 467 942 me
494 883 804 943 cinxerit.
835 881 1032 943 Judaei
1075 881 1387 944 increduli
1425 882 1742 945 Christum
1784 880 1866 944 ob

369 998 484 1041 sua
510 988 774 1061 peccata
802 980 973 1061 juste
1001 981 1368 1044 damnatum
1396 979 1868 1053 dixerunt..Qui-

367 1079 488 1142 bus
520 1079 811 1142 Christus
852 1080 920 1141 in
959 1099 1147 1143 cruce
1185 1081 1492 1162 pendens,
1526 1098 1723 1161 quum
1775 1086 1868 1142 tot

367 1175 718 1238 mirabilia·
751 1177 1008 1253 fierent,
1063 1178 1276 1241 dicere
1332 1177 1539 1260 potuit
1599 1177 1860 1242 verbum

368 1274 511 1351 hoc,
535 1276 723 1356 quasi
744 1277 986 1339 diceret
1010 1295 1025 1338 z
1050 1278 1139 1339 Ex
1162 1277 1262 1339 his
1291 1276 1696 1340 mirabilibus
1729 1296 1864 1358 per-

367 1372 652 1453 pendite,
706 1376 878 1454 quod
934 1375 1098 1437 Deus
1147 1375 1348 1451 Pater,
1401 1394 1512 1437 seu
1562 1375 1858 1451 TrinitaS,

369 1490 498 1535 non
521 1490 706 1553 aequo
726 1474 969 1553 judicio
993 1492 1096 1536 me
1120 1472 1331 1553 affligi
1360 1473 1662 1555 permisit,
1677 1474 1865 1555 aequi-

369 1579 498 1633 tate
543 1589 674 1652 qua
721 1572 1007 1634 redditur
1049 1572 1347 1653 cuiquam
1392 1572 1562 1653 quod
1604 1572 1860 1635 meruit.

369 1668 496 1731 Hoc
546 1676 665 1745 est,
709 1679 974 1751 pensate
1024 1670 1197 1751 quod
1247 1689 1372 1733 non
1425 1689 1540 1751 pro
1587 1670 1862 1752 peccatis

367 1766 530 1831 meis
559 1767 696 1830 haec
727 1768 955 1850 patior,
989 1769 1098 1831 sed
1129 1786 1245 1850 pro
1276 1768 1499 1830 mundi
1537 1767 1809 1831 offensis
1845 1786 1858 1829 ε

1974 781 2038 842 in
2082 790 2265 845 nocte
2308 801 2436 863 qua
2477 779 2861 858 tradebatur,
2894 783 3243 844 secundum
3292 781 3457 863 Apo-

1973 879 2245 957 stolum3
2276 891 2335 941 et
2363 901 2493 941 non
2522 889 2613 941 est
2642 882 3028 960 quijudicet
3058 902 3080 939 .·
3112 880 3264 962 quia
3304 887 3457 942 tunc

1972 996 2098 1040 non
2133 977 2259 1040 fuit
2280 978 2391 1059 qui
2422 978 2736 1059 judicaret
2755 977 3075 1040 Christum
3105 978 3455 1040 secundum

1973 1076 2406 1139 innocentiam
2466 1095 2669 1153 suam,
2722 1077 3073 1139 secundum
3126 1096 3318 1158 quam
3374 1076 3456 1139 ab

1971 1176 2146 1237 omni
2176 1193 2364 1258 poena
2386 1174 2413 1236 s
2417 1176 2613 1237 uisset
2642 1194 2784 1238 mox
2816 1176 3324 1256 praeservandus3
3350 1176 3459 1239 sed

1969 1274 2290 1355 judicatus
2350 1274 2473 1336 luit
2526 1295 2561 1337 a
2614 1274 2884 1356 praeside
2938 1274 3138 1337 Pilato
3194 1274 3454 1354 injuste.

1971 1374 2276 1436 Praeterea
2316 1374 2479 1437 Deus
2512 1372 2881 1455 frequenter
2910 1372 3259 1436 electorum
3299 1373 3459 1455 peti-

1975 1472 2180 1535 tiones
2227 1470 2453 1535 differt
2498 1472 2739 1549 audire,
2782 1480 2846 1535 et
2892 1490 3077 1535 voces
3126 1491 3344 1535 eorum
3392 1491 3459 1534 se

1972 1572 2299 1633 advertere
2330 1570 2512 1651 quasi
2544 1570 2926 1645 dissimulat,
2961 1579 3032 1632 ut
3069 1570 3323 1633 interim
3358 1589 3461 1632 ex-

1973 1678 2342 1751 purgentur,
2364 1678 2427 1732 et
2445 1670 2557 1731 diu
2586 1670 2942 1747 clamando,
2960 1669 3283 1751 copiosius
3304 1688 3463 1751 prae-

1975 1766 2107 1831 fixo
2139 1777 2423 1850 tempore
2454 1768 2874 1831 exaudiantur
2908 1786 2922 1830 :
2956 1767 3068 1849 qui
3110 1769 3273 1831 hanc
3302 1768 3464 1831 divi-

143 1897 178 1926 ⁸.
235 1898 278 1933 n,
325 1918 336 1928 .
367 1866 909 1947 quemadmodum
941 1866 1008 1929 in
1040 1866 1196 1929 lsaia
1214 1867 1394 1929 Pater
1423 1875 1710 1943 testatur,
1729 1867 1866 1930 Pro-
1899 1867 1948 1929 B
1978 1885 2072 1929 nae
2103 1867 2359 1949 pietatis
2380 1866 2924 1948 dispensationem
2956 1885 3083 1929 non
3116 1866 3458 1945 intuenteS,

87 2384 176 2424 Art.
191 2396 246 2433 m,
269 2385 335 2424 13.

109 2971 280 3023 Pam,
297 2974 338 3013 3.

98 3266 228 3310 Hebr.
243 3282 283 3317 v,
299 3272 338 3311 7.

111 3367 260 3409 Iouna.
279 3382 339 3419 xi,

89 3433 148 3477 ⁴1.
168 3434 232 3475 ⁴2.

367 1974 511 2046 pter
543 1972 799 2046 peccata
833 1964 1055 2048 populi
1082 1965 1207 2028 mei
1240 1966 1526 2048 percussi
1557 1985 1717 2028 eum.
1737 1966 1864 2029 Hoc

367 2062 660 2126 Christus
701 2072 844 2144 post
892 2062 1168 2145 Spiritus
1213 2064 1424 2126 Sancti
1467 2064 1861 2140 missionem,

367 2182 482 2244 per
511 2181 584 2225 os
615 2162 1060 2243 Apostolorum
1095 2162 1351 2245 publice
1377 2163 1766 2246 praedicavit,
1803 2170 1864 2225 et

367 2278 482 2342 per
512 2260 824 2323 miracula
853 2260 1218 2323 declaravit.
1251 2261 1429 2325 Unde
1461 2262 1527 2324 in
1556 2262 1728 2325 Actis
1757 2261 1865 2324 Pe-

369 2367 506 2421 trus
538 2358 809 2440 loquens
837 2359 1089 2435 Judaeis,
1127 2360 1310 2437 DeuS,
1347 2361 1577 2442 inquit,
1611 2369 1862 2443 patrum

368 2467 736 2521 nostrorum
756 2456 1148 2537 glorificavit
1167 2459 1400 2521 Filium
1422 2478 1606 2521 suum
1625 2461 1860 2538 lesum,

367 2576 562 2638 quem
609 2556 966 2619 tradidistis
1009 2564 1072 2620 et
1113 2558 1390 2639 negastis
1434 2566 1580 2621 ante
1631 2558 1860 2622 faciem

365 2654 574 2717 Pilati.

449 2758 612 2817 Ecce
637 2756 926 2815 clamabo
969 2756 1102 2815 vim
1136 2757 1418 2833 patiam,
1449 2766 1508 2817 et
1536 2776 1719 2816 nemo
1747 2778 1864 2817 au-

367 2853 524 2913 diet.
559 2851 690 2915 Hoc
719 2860 816 2914 est
846 2853 1018 2933 quod
1047 2852 1332 2916 Christus
1364 2854 1454 2916 ait
1483 2854 1547 2916 in
1576 2854 1857 2917 Psalmo:

369 2952 535 3013 Deus
565 2970 770 3027 meuS‚
807 2950 1098 3015 clamabo
1127 2971 1241 3034 per
1269 2953 1459 3030 diem,
1495 2962 1558 3016 et
1592 2973 1718 3016 uon
1759 2974 1863 3017 ex-

367 3049 636 3129 audies;
679 3058 742 3112 et
773 3058 978 3127 nocte,
1015 3058 1078 3113 et
1124 3069 1252 3113 non
1301 3052 1378 3113 ad
1428 3051 1862 3134 insipientiam
1897 3050 1940 3114 C
1972 3048 2347 3111 exteriorem
2379 3049 2834 3132 apparentiam,
2852 3070 2963 3113 seu
2984 3052 3338 3114 naturalem
3359 3052 3466 3114 hu·
3492 3069 3560 3111 25.

369 3149 556 3211 mihi.
594 3149 718 3212 Nec
750 3148 958 3212 obstat
990 3150 1160 3230 quod
1199 3149 1290 3211 ait
1318 3148 1677 3231 ApostoluS‚
1713 3153 1864 3233 quia

369 3247 710 3311 exauditus
739 3254 836 3309 est
863 3247 1152 3309 Christus
1181 3266 1298 3329 pro
1331 3267 1446 3310 sua
1487 3250 1859 3313 reverentia.

369 3346 510 3428 lpse
539 3363 799 3427 quoque
831 3345 1118 3409 Salvator
1145 3363 1160 3407 ε
1195 3345 1396 3422 Pater,
1423 3364 1538 3427 ego
1563 3347 1861 3426 sciebam,

374 3444 684 3525 quoniam
746 3462 999 3525 semper
1056 3462 1158 3506 me
1214 3445 1420 3507 audis,
1481 3445 1713 3508 Verum
1771 3456 1868 3509 est

369 3542 568 3619 enim,
607 3542 780 3623 quod
823 3542 1141 3625 quidquid
1181 3541 1470 3606 Christus
1510 3563 1586 3606 ex
1625 3544 1866 3607 delibe-

371 3650 506 3705 rata
553 3640 802 3705 ratione
845 3650 907 3703 et
953 3640 1280 3704 voluntate
1326 3642 1574 3725 petivit,
1608 3644 1867 3706 sortitus

369 3748 489 3802 est.
523 3738 760 3821 Aliqua
797 3747 1010 3801 autem
1052 3740 1257 3804 oravit
1299 3740 1648 3802 secundum
1689 3749 1871 3803 natu-

371 3838 568 3902 ralem
613 3846 676 3900 et
715 3837 1096 3901 sensitivum
1139 3858 1269 3901 suae
1310 3839 1723 3902 humanitatis
1764 3860 1871 3923 ap-

371 3937 669 4019 petitum,
704 3936 771 3997 in
803 3936 1038 4017 quibus
1072 3936 1277 4000 fertur
1317 3956 1444 4000 non
1485 3939 1816 4001 exauditus
1851 3957 1864 4001 :

242 4072 294 4099 u
371 4036 539 4100 sicut
562 4054 762 4115 quum
785 4035 959 4111 dixit,
973 4035 1101 4097 Aur
1103 4056 1172 4099 er
1193 4057 1230 4099 a
1248 4056 1350 4100 me
1369 4038 1633 4101 calicem
1659 4038 1870 4101 istum.

119 5032 188 5075 Pa.
207 5046 340 5085 urm,

95 5098 154 5139 2¹.

108 5334 232 5379 Beer.
246 5352 286 5389 v.
302 5342 346 5381 7.

372 4136 494 4199 Sed
545 4135 702 4197 tales
748 4136 1070 4199 orationes
1120 4154 1248 4199 non
1299 4135 1558 4200 suerunt
1613 4138 1871 4221 proprie

1975 1974 2454 2046 conqueruntur
2500 1985 2569 2028 se
2614 1965 2795 2047 quasi
2850 1965 3124 2042 relictOS,
3169 1986 3277 2029 seu
3332 1984 3461 2029 non

1974 2072 2245 2127 attentos
2288 2083 2325 2126 a
2370 2064 2535 2143 Deo;
2576 2065 2685 2127 sed
2731 2065 2797 2126 in
2841 2064 2949 2126 tali
3000 2064 3305 2128 dilatione
3352 2065 3461 2127 ha-

1973 2162 2181 2225 benda
2208 2170 2305 2225 est
2334 2162 2659 2244 patientia,
2694 2170 2863 2225 certa
2898 2162 3156 2239 fiducia,
3194 2162 3463 2227 indefes-

1973 2281 2043 2323 sa
2073 2261 2401 2324 instantia.

2055 2362 2373 2422 Semitam
2404 2380 2612 2420 meam
2641 2362 3101 2439 circumsepsit.
3126 2360 3459 2423 Processus

1974 2458 2146 2520 enim
2173 2458 2674 2521 conversationis
2694 2457 2927 2521 Christi
2962 2458 3028 2520 in
3057 2459 3288 2522 saeculo
3312 2459 3457 2535 isto,

1970 2556 2460 2619 adversitatibus
2506 2556 2629 2618 fuit
2671 2557 2974 2639 repletus,
3006 2558 3340 2640 Propterea
3370 2558 3461 2621 ait

1972 2654 2038 2716 in
2087 2655 2333 2718 Psalmo
2370 2673 2383 2717 :
2419 2656 2661 2737 Pauper
2690 2676 2831 2717 sum
2861 2674 2999 2736 ego,
3034 2664 3097 2719 et
3128 2656 3195 2719 in
3225 2657 3458 2720 labori·
3488 2684 3749 2737 pamm,

1970 2753 2091 2816 bus
2123 2774 2160 2816 a
2187 2754 2523 2835 juventute
2550 2772 2712 2817 mea.
2750 2758 2833 2817 Ec
2864 2758 3143 2817 transire
3172 2776 3301 2817 non
3323 2776 3461 2833 pos-
3491 2748 3555 2791 ¹⁶·

1968 2872 2134 2913 sum.
2166 2851 2451 2914 Christus
2490 2852 2680 2915 etiam
2712 2872 2749 2915 a
2773 2852 3005 2915 Judaeis
3044 2854 3460 2935 comprehen-
3485 2879 3751 2933 :mmmm

1971 2969 2094 3026 sus,
2113 2950 2334 3031 ligatus
2356 2960 2419 3013 et
2438 2949 2801 3029 crucifixus
2818 2953 3103 3032 quamvis
3123 2952 3462 3016 secundum
3492 2945 3664 3051 zare.
3686 3022 3737 3051 n

1973 3166 2228 3210 manam
2270 3148 2618 3229 potentiam
2666 3148 2936 3212 transire
2980 3149 3129 3213 hinc
3166 3150 3314 3214 inde
3358 3167 3466 3213 ne-

1973 3245 2275 3329 quiverit,
2294 3253 2553 3329 propter
2574 3247 2743 3327 quod
2774 3247 2967 3309 verba
2998 3248 3118 3311 ista
3146 3248 3264 3312 hoc
3287 3250 3468 3312 modo

1974 3346 2032 3408 ei
2065 3344 2490 3421 conveniunt;
2538 3344 2743 3408 nihilo
2781 3346 3017 3423 minuS,
3049 3347 3339 3411 absolute
3380 3348 3470 3411 lo-

1975 3445 2253 3525 quendo,
2290 3462 2357 3506 se
2391 3443 2599 3524 ipsum
2630 3444 2898 3526 eripere,
2923 3453 3237 3523 excutere,
3271 3454 3471 3509 trans-

1977 3542 2199 3625 ireque
2221 3542 2425 3625 potuit
2445 3562 2558 3625 per
2579 3562 2757 3605 suam
2780 3542 3060 3606 divinam
3093 3546 3465 3626 potentiam,

1978 3642 2106 3705 imo
2134 3650 2198 3704 et
2229 3661 2344 3724 per
2374 3650 2647 3705 creatam
2689 3661 2871 3704 suam
2916 3645 3470 3723 supernaturalem

1977 3741 2349 3822 potentiam.
2374 3740 2687 3817 Attamen,
2710 3740 2893 3822 quasi
2926 3760 3148 3805 secure
3180 3742 3346 3805 inter
3372 3745 3471 3805 Ju-

1978 3840 2144 3902 daeos
2196 3839 2465 3903 transire
2509 3856 2636 3902 non
2684 3839 2923 3915 valenS,
2955 3840 3466 3921 persecutionem

1978 3936 2233 4000 illorum
2266 3938 2342 3999 ad
2375 3938 2597 4001 horam
2628 3936 2977 4013 declinanS,
3014 3938 3328 4001 subtraxit
3371 3958 3461 4017 se,

1976 4036 2154 4116 juxta
2200 4036 2357 4097 illud
2400 4036 2660 4099 Joannis
2697 4053 2710 4097 ε
2744 4035 2837 4097 Ab
2876 4035 2987 4099 illo
3017 4037 3121 4099 die
3151 4036 3467 4116 cogitave-
3517 4069 3759 4125 hanna..

1979 4142 2128 4195 runt
2155 4142 2225 4195 ut
2256 4133 2694 4197 interficerent
2734 4153 2901 4197 eum.
2935 4134 3113 4198 Jesus
3150 4152 3301 4215 ergo
3333 4136 3464 4217 jam
3494 4134 3562 4183 ⁵³·
3583 4136 3651 4177 ⁵⁴·

368 4234 694 4298 orationes
721 4233 1014 4296 absolute
1044 4234 1251 4312 dictae,
1273 4243 1335 4298 et
1367 4236 1746 4317 simpliciter
1775 4236 1871 4299 fu·
1901 4240 1952 4303 D
1981 4252 2106 4295 non
2140 4232 2207 4295 in
2236 4233 2444 4315 palam
2476 4233 2843 4296 ambulabat
2869 4234 3037 4315 apud
3064 4233 3335 4311 ludaeos,
3356 4237 3465 4299 sed

371 4350 478 4393 sae.
515 4331 756 4411 ltaque,
788 4330 960 4411 quod
1009 4329 1118 4405 ait,
1155 4331 1348 4395 Nemo
1379 4333 1616 4409 audiet,
1651 4352 1872 4396 secun-

369 4431 526 4492 dum
568 4429 704 4492 haec
745 4428 1107 4510 exponitur,
1141 4430 1364 4493 Nullus
1409 4432 1723 4495 exaudiet.
1759 4433 1871 4497 Po-

373 4536 498 4591 test
556 4534 772 4590 autem
823 4534 886 4590 et
937 4527 1024 4589 ita
1082 4529 1336 4610 exponi,
1391 4530 1691 4594 Clamabo
1740 4532 1867 4595 vim

371 4627 628 4710 patiens
680 4643 695 4687 ε
749 4626 904 4707 quia
965 4626 1031 4687 in
1089 4646 1277 4690 cruce
1339 4628 1870 4693 violentissimam

374 4726 702 4788 sustinens
745 4734 1040 4799 mortem,
1075 4724 1376 4789 clamavit
1409 4744 1424 4788 :
1469 4727 1631 4789 Deus
1665 4748 1866 4807 meuS,

285 4842 296 4853 ·
375 4824 540 4886 Deus
591 4840 798 4899 meus,
853 4832 921 4884 ut
969 4823 1123 4903 quid
1174 4824 1572 4906 dereliquisti
1623 4834 1770 4889 me‘?
1798 4827 1874 4889 Et

375 4940 565 4985 nemo
611 4920 849 4997 audiet,
887 4922 953 4984 id
1002 4931 1118 4999 est,
1153 4922 1370 4985 nullus
1401 4924 1591 4987 homo
1621 4945 1874 4989 succur-

375 5028 494 5083 ret.
531 5019 690 5082 Hinc
738 5019 830 5081 ait
880 5018 947 5081 in
995 5020 1242 5084 Psalmo
1276 5038 1292 5082 ε
1325 5020 1609 5084 Sustinui
1641 5024 1751 5104 qui
1790 5024 1874 5085 si—

377 5119 508 5182 mul
567 5118 1076 5196 contristaretur,
1128 5128 1190 5181 et
1237 5138 1362 5183 non
1416 5121 1539 5183 fuit
1581 5146 1596 5197 3
1651 5131 1712 5185 et
1759 5124 1872 5203 qui

377 5218 838 5295 consolaretur,
874 5226 938 5281 et
968 5237 1095 5282 non
1128 5219 1368 5283 inveni.

477 5318 887 5393 Vociferabor
918 5339 942 5377 .·
973 5316 1124 5400 quia
1167 5337 1312 5381 cum
1352 5320 1628 5383 clamore
1657 5318 1872 5383 valido

1979 4331 2139 4394 abiit
2168 4330 2232 4392 in
2266 4331 2586 4411 regionem
2617 4332 2794 4412 juxta
2836 4332 3181 4408 desertum,
3214 4332 3281 4395 in
3311 4334 3469 4399 civi-

1979 4440 2171 4494 tatem
2204 4450 2345 4512 quae
2373 4429 2607 4493 dicitur
2634 4430 2933 4512 Ephrem,
2966 4438 3030 4493 et
3060 4430 3149 4493 ibi
3178 4433 3473 4497 moraba-

1981 4537 2083 4591 tur
2128 4548 2272 4591 cum
2321 4528 2657 4610 discipulis
2708 4528 2863 4590 suiS.
2900 4531 2982 4590 Ec
3022 4531 3097 4590 in
3135 4534 3297 4591 calle
3337 4552 3471 4593 meo

1983 4631 2265 4689 tenebras
2294 4626 2811 4709 persecutionum
2835 4631 3078 4705 posuit.

2059 4729 2387 4805 Spolz'avit
2418 4748 2515 4788 me
2534 4728 2753 4804 yloria
2784 4748 2946 4789 mea.
2979 4727 3268 4791 Christus
3298 4729 3469 4792 enim

1979 4826 2058 4888 ad
2089 4833 2343 4907 tempus
2378 4825 2630 4907 inclytae
2658 4825 2899 4888 exstitit
2931 4825 3120 4888 famae
3148 4828 3319 4909 apud
3341 4828 3471 4891 vul·

1977 4943 2183 5005 gareS,
2230 4924 2551 5006 praecipue
2601 4925 2856 5005 quando
2903 4926 3003 5004 (ut
3050 4925 3469 5005 Evangelistae

1979 5024 2319 5102 testantur)
2348 5022 2556 5085 omnis
2588 5023 2862 5105 populus
2891 5023 3207 5102 gaudebat
3238 5024 3303 5085 in
3333 5042 3468 5088 om·
3540 5055 3646 5102 tue.
3666 5071 3759 5112 m,

1981 5122 2171 5184 nibus
2199 5140 2340 5202 quae
2368 5120 2711 5200 magnifice
2740 5120 2987 5183 fiebant
3016 5139 3129 5203 per
3158 5121 3363 5200 illum,
3384 5134 3469 5186 at-
3499 5123 3565 5163 ¹⁷·

1977 5240 2104 5303 que
2149 5218 2403 5282 dicebat
2436 5236 2451 5280 τ
2482 5217 2638 5292 Quia
2678 5237 3006 5300 nunquam
3048 5219 3140 5281 sic
3169 5221 3466 5302 apparuit
3497 5220 3757 5323 &mk-¹1·

1982 5319 2046 5381 in
2074 5318 2289 5393 lsraeh
2312 5326 2376 5381 et
2406 5335 2419 5380 :
2447 5318 2759 5400 Propheta
2788 5336 3061 5399 magnus
3092 5317 3367 5381 surrexit
3397 5320 3465 5383 in
3497 5316 3760 5403 helcanae.
