4309 6259
575 884 710 927 Ρνου.
722 897 774 927 xx

557 950 624 992 28.

577 3446 713 3490 Num.
736 3459 788 3488 xv

845 482 965 548 546

1665 498 2013 547 mannum
2055 498 2118 543 IN
2160 496 2296 543 GAP.
2344 494 2493 543 xvm
2534 495 2659 542 lon.
2704 516 2785 526 —
2827 498 2968 543 ΛΒΤ.
3014 497 3115 543 xm

848 675 928 737 de
959 672 1093 737 fine
1123 672 1741 753 durationiS.Sicque
1771 688 1994 733 sensus
2025 677 2141 745 est,
2162 667 2335 749 quod
2366 666 2413 728 A
2449 667 2526 728 lis
2557 674 2665 729 aut
2694 666 2944 730 honesti
2969 687 3117 731 vere
3142 668 3240 731 vel
3271 675 3671 750 apparenter.
3694 666 3933 754 Baldad

849 773 988 836 sine
1031 792 1330 835 mensura
1371 771 1654 835 effundit
1697 769 2012 851 loquelam
2066 785 2079 829 :
2123 785 2338 849 quem-

777 898 818 933 ν.
847 873 1189 936 admodum
1224 872 1530 953 scriptum
1563 879 1680 945 est,
1707 869 1944 931 Stultus
1976 868 2041 929 in
2077 867 2339 947 loquen-

849 973 930 1035 do
981 992 1109 1035 non
1158 980 1366 1053 potest
1411 969 1709 1034 cohibere
1765 967 2062 1051 spiritum
2119 984 2329 1027 suum.

849 1071 1158 1147 Secundo,
1195 1072 1274 1133 de
1304 1070 1438 1133 fine
1469 1068 1864 1132 intentionis.
1901 1067 2163 1147 Eritque
2191 1084 2333 1127 sen-

847 1190 976 1247 suS,
1011 1170 1184 1253 quod
1235 1169 1629 1233 infructuose
1677 1168 1992 1249 loquatur,
2035 1184 2112 1227 eo
2162 1164 2331 1245 quod

846 1289 959 1351 per
990 1269 1183 1334 verba
1227 1290 1340 1331 sua
1386 1268 1546 1330 nihil
1589 1267 1926 1330 concludat
1969 1272 2078 1327 aut
2116 1282 2337 1327 consc-

846 1367 1384 1449 quatur.Jactator
1404 1366 1700 1449 equidem
1733 1363 2108 1446 sapientiam
2142 1379 2337 1444 quam

847 1485 973 1529 non
999 1466 1209 1542 habet,
1237 1474 1500 1547 usurpat
1531 1484 1641 1527 seu
1675 1472 2006 1527 monstrat.

929 1566 1273 1645 Numquid
1305 1574 1569 1643 propter
1603 1573 1660 1623 te
1695 1564 2182 1641 derelinquetur
2222 1569 2337 1618 ler-

847 1684 953 1730 ra,
995 1674 1056 1723 et
1105 1665 1581 1739 transferentur
1621 1682 1814 1740 rupes
1853 1664 1933 1719 de
1981 1663 2109 1718 loco
2160 1677 2275 1717 suo
2306 1658 2335 1716 ἕ

849 1761 976 1823 Ηοε
1006 1762 1083 1823 ad
1119 1761 1391 1824 litteram
1441 1760 1535 1822 sic
1573 1758 2016 1840 exponendum
2051 1755 2280 1837 opinor
2318 1771 2331 1815 :

2446 784 2594 845 crgo
2623 766 2757 828 vult
2788 766 3020 841 dicere,
3066 767 3237 847 quod
3280 766 3644 847 impiorum,
3690 766 3935 846 quibus

2444 864 2708 928 debetur
2735 865 3106 942 adversitas,
3133 865 3261 929 cito
3294 864 3588 927 transibit
3614 864 3937 947 prosperi-

2446 972 2575 1037 tas3
2608 964 2994 1026 desiderium
3028 983 3284 1045 quoque
3312 982 3531 1027 eorum
3565 982 3691 1026 non
3721 963 3935 1045 splen-

2444 1062 2621 1125 debit
2641 1064 2777 1125 sive
2812 1062 3071 1125 florebit
3102 1061 3425 1126 sortiendo
3459 1060 3783 1139 effectum,
3814 1062 3932 1126 sed

2444 1170 2800 1225 evanescet.
2830 1162 3006 1236 Quod
3037 1162 3331 1244 quamvis
3362 1162 3445 1223 sit
3482 1180 3722 1237 verum,
3765 1161 3935 1225 refe-

2446 1262 2643 1323 rendo
2673 1262 2791 1324 hoc
2820 1262 2897 1323 ad
2928 1262 3198 1326 celerem
3240 1260 3439 1325 finem
3469 1260 3617 1323 vitae
3654 1279 3933 1342 praesen-

2447 1360 2549 1437 tis,
2585 1360 2651 1421 in
2698 1378 2827 1440 quo
2868 1360 2995 1423 cito
3038 1360 3275 1442 peribit
3316 1358 3525 1423 omnis
3552 1358 3930 1421 vitiosorum

2445 1458 2831 1540 prosperitas
2876 1482 2891 1532 ς
2948 1467 3180 1535 tamen,
3230 1459 3577 1521 secundum
3631 1457 3934 1521 intentio-

2447 1576 2591 1619 nem
2646 1558 2847 1639 ipsius
2894 1556 3129 1619 Baldad
3174 1576 3301 1620 non
3348 1576 3598 1639 semper
3640 1554 3933 1619 verifica-

2446 1665 2567 1733 tur,
2613 1676 2813 1738 quum
2863 1656 3191 1719 videamus
3240 1656 3471 1737 impios
3521 1656 3587 1718 in
3632 1654 3761 1717 vita
3810 1654 3931 1717 hac

2444 1755 2827 1837 prosperari,
2863 1754 3171 1831 deliciari,
3206 1764 3269 1817 et
3306 1754 3649 1837 aliquando
3688 1754 3931 1817 diutius

848 1860 996 1921 Tam
1040 1858 1310 1941 superbe
1341 1868 1401 1921 et
1434 1857 1779 1937 magnifice
1815 1856 2120 1937 loqueriS,
2155 1855 2243 1917 ita
2276 1862 2335 1916 te
2372 1854 2417 1916 B
2445 1853 2659 1917 vivere
2694 1854 2903 1935 justi5‚
2939 1853 3171 1935 quibus
3210 1863 3272 1916 et
3315 1854 3517 1915 multa
3552 1852 3933 1933 contingunt

847 1957 1038 2037 erigis
1069 1966 1132 2020 et
1163 1957 1322 2020 alios
1359 1957 1688 2038 deprimiS,
1731 1975 1802 2018 ac
1835 1955 1886 2017 si
1931 1964 1990 2017 te
2023 1961 2329 2036 pereunte

845 2066 956 2119 aut
993 2056 1350 2137 redarguto,
1387 2063 1517 2118 tota
1563 2064 1729 2117 terra
1765 2063 1828 2116 et
1866 2053 2225 2115 habitantes
2267 2052 2331 2113 in

845 2174 941 2231 ea,
992 2163 1206 2217 essent
1265 2172 1410 2217 mox
1473 2153 1768 2235 perituri,
1825 2171 2013 2234 rupes
2074 2170 2335 2233 quoque

847 2252 1302 2315 transferendae
1333 2261 1545 2315 essent
1573 2252 1653 2314 de
1692 2251 1968 2333 propriis
2001 2249 2337 2314 loeisJux-

847 2360 911 2413 ta
941 2351 1112 2413 hunc
1143 2351 1400 2413 modum
1445 2350 1721 2413 solemus
1755 2350 1966 2412 dicere
2007 2347 2128 2425 his,
2174 2366 2335 2429 quos

849 2449 926 2511 ad
975 2449 1170 2511 vitam
1231 2448 1558 2511 hortamur
1605 2447 2032 2522 claustralem,
2085 2446 2197 2527 qui
2246 2445 2336 2507 di-

849 2554 1003 2608 cunt
1038 2564 1051 2608 :
1083 2546 1404 2627 Numquid
1443 2564 1665 2608 omnes
1703 2553 1971 2626 possunt
2011 2543 2153 2607 fieri
2196 2543 2338 2606 reli-

847 2644 1008 2726 giosi
1060 2663 1170 2706 seu
1222 2643 1564 2706 monachi?
1612 2643 1756 2723 quis
1809 2642 2062 2721 negotia
2111 2641 2335 2703 mundi

846 2744 1187 2805 tractaret?
1217 2741 1364 2823 quis
1397 2742 1476 2803 de
1518 2740 1892 2802 necessariis
1925 2740 2335 2822 provideret?

846 2840 992 2922 quis
1047 2838 1521 2920 generationem
1583 2838 2021 2901 continuaret?
2070 2838 2332 2914 Horum,

849 2938 1134 3019 inquam,
1168 2935 1432 2999 cuilibet
1476 2936 1747 2998 dicimus
1784 2954 1797 2998 :
1834 2936 2150 3017 Numquid
2199 2954 2340 3017 pro-

2445 1953 2727 2015 adversa.
2752 1953 3071 2015 Interdum
3104 1961 3313 2015 tamen
3344 1951 3575 2014 accidit
3606 1952 3771 2013 sicut
3800 1952 3933 2013 Bal-

2444 2052 2565 2113 dad
2612 2050 2903 2114 intendit.
2942 2050 3097 2113 Hinc
3141 2050 3207 2111 in
3244 2049 3601 2114 Proverbiis
3638 2050 3874 2113 dicitur
3910 2068 3925 2110 :

2444 2150 2577 2211 Lux
2627 2150 2941 2231 justorum
3000 2147 3345 2222 laetificat3
3398 2148 3657 2213 lucerna
3713 2156 3927 2211 autem

2445 2248 2787 2330 impiorum
2834 2248 3291 2328 exstinguetur.
3334 2246 3629 2309 Albertus
3676 2266 3931 2328 quoque

2446 2347 2552 2408 hic
2596 2347 2684 2409 ait
2717 2366 2730 2410 :
2764 2347 3047 2408 Flamma
3082 2345 3459 2425 (secundum
3501 2345 3930 2425 Aristotelem)

2444 2452 2541 2507 est
2571 2444 2784 2507 fumus
2824 2463 3191 2518 succensuS,
3226 2452 3289 2507 et
3319 2441 3643 2523 significat
3671 2462 3931 2525 prospe-

2446 2544 2720 2621 ritatem,
2755 2562 2895 2624 quae
2939 2561 3014 2605 ex
3058 2541 3325 2605 avaritia
3366 2550 3426 2603 et
3470 2541 3738 2605 libidine
3781 2561 3931 2605 con-

2444 2651 2761 2723 gregatur.

2526 2743 2675 2800 Lux
2700 2742 3145 2799 obtenebrescet
3178 2740 3247 2798 in
3285 2740 3690 2799 tabernaculo
3720 2740 3927 2810 illius,

2448 2838 2511 2901 id
2540 2844 2655 2913 est,
2690 2837 3078 2919 prosperitas
3116 2837 3607 2900 domesticorum
3650 2846 3714 2901 et
3752 2837 3933 2900 habi-

2448 2936 2637 2999 taculi
2686 2936 2808 3012 sui,
2842 2936 3031 2997 simul
3077 2955 3221 2998 cum
3268 2935 3406 3017 ipso
3443 2934 3727 3013 deficiet,
3758 2946 3821 2999 et
3862 2936 3929 2998 in

3986 2172 4137 2213 Prot.
4152 2186 4237 2213 xm.

849 3046 991 3119 pter
1029 3044 1090 3097 te
1129 3034 1406 3096 mundus
1445 3034 1702 3114 peribit,
1737 3043 1846 3096 aut
1884 3034 2207 3114 generatio
2238 3034 2341 3096 de·
2374 3027 2417 3088 C
2448 3035 2889 3097 adversitatem
2940 3033 3331 3107 mutabitur3
3376 3044 3438 3095 et
3478 3038 3742 3095 lucerna
3788 3056 3933 3115 quoe

850 3135 1052 3197 sinet?
1072 3132 1160 3195 lta
1189 3133 1275 3195 ait
1296 3133 1424 3214 jam
1447 3133 1675 3195 Baldad
1698 3133 2049 3213 :Numquid
2080 3141 2341 3215 propter

849 3242 937 3309 te,
982 3237 1152 3295 εἰει
1192 3232 1312 3294 hoc
1356 3240 1471 3307 est,
1523 3231 1714 3294 nimis
1758 3231 2009 3294 extollis
2057 3240 2340 3313 reputas-

850 3350 976 3413 que
1007 3338 1067 3393 te
1098 3330 1308 3412 ipsum
1342 3347 1356 3391 :
1391 3330 1924 3410 quemadmodum
1957 3330 2018 3391 in
2044 3329 2337 3391 Numeris

793 3460 818 3497 ι,
850 3430 1089 3511 Moyses
1134 3428 1225 3490 ait
1270 3428 1677 3509 quibusdam,
1731 3428 1929 3489 Nimis
1987 3427 2334 3508 erigimini,

852 3527 975 3589 filii
1019 3526 1192 3589 Levi.
1226 3525 1413 3589 Porro
1446 3526 1715 3587 Thomas
1765 3533 1828 3587 ει
1869 3525 2185 3602 AlbertuS,
2224 3546 2337 3608 per

851 3634 1080 3688 terram
1111 3634 1174 3687 et
1205 3643 1416 3706 rupeS,
1457 3623 1824 3702 intelligunt
1853 3632 2077 3699 certaS,
2112 3622 2335 3687 firmas

847 3742 919 3786 ac
958 3723 1192 3787 solidas
1234 3724 1534 3785 veritates
1573 3723 1708 3785 sive
1737 3722 2106 3784 sententias,
2145 3722 2334 3796 Quasi

845 3821 1014 3884 dicat
1063 3821 1294 3883 Baldad
1329 3838 1342 3882 :
1377 3820 1720 3901 Numquid,
1773 3839 1810 3882 o
1856 3820 1990 3895 Job,
2029 3820 2111 3882 ob
2163 3830 2223 3883 te
2274 3830 2337 3883 et

843 3920 1060 3998 vigore
1090 3918 1542 4001 disputationis
1572 3927 1717 3994 tum,
1742 3918 2273 3999 derelinquentur
2300 3940 2337 3982 a

843 4022 974 4083 suis
1006 4020 1358 4084 tentoribus
1389 4021 1608 4084 solidae
1647 4020 2054 4101 antiquorum
2087 4032 2336 4085 senten·

845 4119 949 4181 tiae
990 4120 1067 4181 de
1113 4118 1511 4201 providentia
1541 4119 1669 4194 Dei,
1705 4119 1877 4199 quod
1919 4119 2165 4182 scilicet
2205 4120 2337 4183 nul-

2446 3154 2639 3210 super
2656 3154 2804 3193 eum
2823 3144 2935 3205 est,
2956 3132 3015 3193 id
3044 3140 3141 3195 est
3164 3133 3415 3195 claritas
3443 3152 3573 3196 suae
3605 3134 3809 3209 famae,
3832 3156 3930 3194 m:-

2444 3237 2837 3310 ste'nyuetur,
2860 3232 2947 3293 ita
2972 3232 3139 3312 quod
3170 3232 3317 3294 vilis
3347 3240 3411 3294 et
3440 3232 3634 3295 miser
3663 3233 3925 3307 dicetur,

2448 3332 2557 3413 qui
2598 3330 2789 3413 paulo
2836 3334 2983 3392 a'nte
3031 3339 3165 3394 erat
3215 3328 3495 3392 famosus
3538 3339 3601 3393 et
3644 3331 3927 3393 inclitus.

2444 3432 2627 3492 Juxta
2656 3450 2847 3511 quem
2881 3448 3137 3491 sensum
3159 3428 3455 3491 Salomon
3488 3428 3553 3490 in
3572 3428 3929 3493 Proverbiis

2446 3529 2732 3610 loquitur
2776 3546 2789 3589 :
2844 3526 3137 3590 Memoria
3185 3526 3341 3608 justi
3389 3546 3533 3589 cum
3586 3527 3925 3601 laudibus3
3958 3550 4207 3601 maai.

2446 3645 2679 3690 nomen
2711 3626 3051 3708 impiorum
3085 3634 3425 3707 putrescet.
3460 3626 3537 3687 Et
3566 3625 3761 3688 David
3792 3627 3927 3707 regi

2444 3725 2823 3837 promiserat
2860 3725 3045 3799 DeuS,
3078 3725 3247 3804 quod
3290 3724 3469 3787 daret
3510 3724 3568 3787 ei
3602 3724 3925 3787 lucernam
3972 3749 4025 3793 ιιι
4040 3752 4157 3805 nep
4170 3766 4225 3800 n

2443 3825 2510 3886 in
2558 3822 2928 3899 Jerusalem,
2964 3822 3131 3884 sicut
3180 3822 3246 3883 in
3296 3821 3477 3884 libris
3525 3823 3763 3902 Regum
3802 3820 3929 3887 fre-
3954 3816 4083 3931 {391¹
4068 3816 4225 3925 ,ξιξ

2441 3931 2711 4004 quenter
2748 3920 3037 3983 habetur.
3056 3920 3327 3983 Econtra
3356 3922 3634 3998 demum,
3668 3922 3749 3984 de
3777 3922 3929 3985 forti

2444 4019 2759 4081 muliere
2746 4038 2809 4079 in
2830 4017 3185 4081 Proverbiis
3217 4019 3450 4081 dicitur
3484 4037 3497 4082 :
3533 4020 3667 4083 Non
3696 4022 3929 4085 exstin-
3976 4048 4225 4097 Pronum,

2442 4126 2670 4199 guetur
2708 4118 2773 4179 in
2815 4122 3013 4180 nocte'
3041 4116 3301 4179 lucerna
3338 4117 3499 4198 ejus.
3960 4113 4021 4154 ’8-

845 4216 944 4278 lus
991 4215 1306 4295 affligitur
1352 4234 1542 4297 poena
1582 4235 1621 4278 a
1664 4217 1811 4290 De0‚
1857 4216 1980 4277 nisi
2029 4236 2143 4298 pro
2194 4236 2335 4300 pro-
2366 4212 2415 4275 D
2540 4219 2990 4278 Arctabuntur
3031 4235 3287 4291 qressus
3334 4218 3599 4277 virtutis
3648 4220 3814 4296 ejm,
3864 4219 3927 4281 id

845 4314 984 4395 pria
1013 4314 1235 4396 culpa?
1257 4313 1430 4388 Quod
1461 4322 1924 4395 consequenter
1955 4334 2068 4396 pro
2088 4315 2333 4378 viribus

846 4412 1096 4492 probat.

927 4512 1157 4571 Nonne
1185 4514 1329 4580 lum,
1359 4510 1422 4571 id
1464 4518 1560 4573 est
1602 4510 1992 4592 prosperitas
2035 4530 2146 4574 seu
2181 4530 2333 4593 opu—

846 4605 1042 4670 lentia
1089 4614 1280 4688 atque
1323 4607 1709 4687 jucunditas,
1747 4610 1938 4685 impia·
1970 4612 2334 4686 exstinque—

848 4714 975 4775 tur,
1012 4703 1073 4766 id
1104 4711 1199 4767 est
1241 4702 1496 4785 peribit,
1531 4725 1647 4763 nec·
1670 4707 2022 4780 splendebit
2059 4708 2329 4781 flamma

843 4805 1018 4879 tynis
1055 4804 1196 4879 ejus
1227 4806 1256 4863 Ρ
1284 4802 1398 4864 Per
1444 4802 1678 4883 ignem,
1711 4822 1890 4865 amor
1931 4804 2327 4885 exprimitur,

842 4901 1026 4981 cujus
1051 4898 1316 4963 flamma
1332 4909 1428 4963 est
1449 4900 1834 4963 desiderium
1856 4910 2144 4964 aestuanS.
2161 4902 2329 4983 Ignis

843 5017 994 5061 vero
1027 5018 1381 5080 pravorum,
1397 5008 1493 5061 est
1523 4998 1852 5081 improbus
1877 5019 2054 5063 amor
2083 5001 2197 5073 sui,
2220 5000 2328 5081 qui

843 5106 940 5161 εει
970 5115 1146 5160 amor
1184 5096 1470 5179 privatus
1499 5098 1575 5159 ad
1608 5117 1674 5161 se
1707 5097 2005 5174 reflexuS,
2040 5100 2328 5161 omnium

844 5195 1148 5259 vitiorum
1193 5196 1410 5275 orig03
1464 5195 1731 5277 ejusque
1779 5194 2042 5259 flamma
2091 5206 2188 5260 est
2240 5198 2333 5260 in-

843 5302 1023 5357 tensa
1049 5293 1310 5359 affectio
1330 5294 1575 5376 proprii
1605 5294 1766 5367 boni,
1785 5296 2197 5373 delectabiliS,
2216 5297 2329 5365 uti·

2442 4324 2559 4391 est,
2594 4333 2926 4396 processus
2977 4322 3039 4375 et
3085 4332 3279 4395 opera
3324 4333 3452 4377 suae
3498 4316 3796 4395 potentiae
3834 4336 3931 4380 re-

2442 4413 2833 4492 stringentur
2890 4432 3003 4494 per
3058 4411 3528 4490 adversitatem,
3584 4413 3927 4477 infirmita-

2442 4520 2592 4587 tem,
2626 4510 2975 4574 obstacula.
3010 4510 3137 4573 Hoc
3170 4510 3325 4573 dicit
3362 4521 3583 4575 contra
3608 4512 3745 4589 lob,
3776 4514 3933 4595 quia

2442 4608 2735 4690 superius
2763 4609 2925 4671 dixit
2963 4609 3089 4672 Deo
3123 4627 3136 4669 ε
3172 4609 3436 4672 Posuisti
3484 4610 3548 4673 in
3594 4630 3788 4675 nervo
3828 4632 3933 4695 pe-
3968 4634 4044 4680 101>
4062 4638 4219 4685 nm:

2441 4707 2587 4769 dem
2616 4726 2852 4775 meum.
2874 4707 2975 4769 Sic
3008 4708 3169 4769 Deus
3200 4708 3469 4771 arctavit
3494 4728 3751 4790 gressus
3777 4710 3931 4773 Pha·
3970 4732 4215 4777 amam.

2442 4805 2676 4881 raoniS,
2701 4804 2871 4868 filios
2910 4804 3096 4867 lsrael
3129 4806 3587 4887 persequentis,
3610 4810 3933 4886 Etproeci-
3958 4797 4091 4837 ²³³⁸·

2434 4906 2672 4981 pitabit
2702 4925 2851 4965 eum
2878 4905 3225 4964 consilium
3250 4924 3460 4973 suum,
3480 4905 3544 4967 id
3566 4913 3673 4977 est,
3690 4907 3927 4968 erranti

2440 5002 2710 5065 consilio
2744 5002 2977 5077 credet,
2998 5000 3277 5077 falletur,
3304 5009 3369 5063 et
3398 5019 3434 5063 a
3466 5000 3597 5064 fine
3628 5002 3929 5085 impedie-

2444 5108 2544 5161 tur
2568 5100 2836 5163 intento.
2857 5100 3021 5162 Deus
3051 5099 3221 5162 enim
3254 5098 3625 5180 frequenter
3654 5102 3929 5165 infatuat
4296 5180 4298 5183 Α

2438 5198 2707 5262 consilia
2728 5197 3093 5280 impiorum,
3120 5197 3285 5260 sicut
3306 5198 3508 5279 ipsius
3528 5199 3919 5283 Achitophel.
3950 5220 4203 5273 uncam.

2440 5298 2515 5359 Et
2539 5299 2617 5361 de
2649 5296 2907 5377 injustis
2940 5296 3007 5360 in
3033 5295 3391 5361 Proverbiis
3426 5298 3787 5366 inducitur:
3820 5300 3923 5364 Co-
3950 5287 3983 5334 ⁷·

3996 5286 4051 5333 Η,
4066 5286 4211 5326 21—23.
4296 5290 4298 5349 l
