4309 6259
1229 523 1578 572 ENARnAno
1620 526 1682 570 IN
1724 525 1860 571 CAP.
1907 522 2020 571 xm
2058 524 2186 571 1013.
2231 546 2309 556 --
2350 528 2492 574 ART.
2540 528 2691 575 XXXI

3384 512 3501 577 497

405 704 867 759 commemorat
894 703 958 758 et
988 696 1046 759 ei
1078 697 1398 779 proponit,
1426 716 1501 759 ex
1531 696 1768 778 quibus
1800 696 1907 759 ali·
1937 695 1988 757 A
2018 697 2119 761 vel
2158 698 2223 759 in
2266 698 2690 761 adolescentia
2735 707 2843 761 aut
2881 700 2949 760 in
2996 700 3269 781 pueritia
3312 701 3503 763 mori-

403 812 530 874 qua
559 793 820 857 videtur
849 813 1036 876 posse
1066 795 1395 875 persuasio
1427 794 1572 857 elici
1603 804 1710 858 aut
1741 795 1904 858 ratio

405 893 583 969 sumi,
599 894 680 955 ad
702 894 1113 957 obtinendam
1135 894 1368 975 judicis
1389 895 1904 977 propitiationem

403 1001 596 1072 atque
638 1000 920 1074 optatam
961 993 1232 1055 salutem
1263 1001 1372 1055 aut
1400 994 1758 1056 sanitatem.
1793 994 1906 1055 De-

404 1088 624 1170 nique,
671 1090 851 1171 juxta
910 1091 1292 1153 industriam
1342 1091 1504 1153 hanc
1548 1090 1900 1172 subjungit,

405 1189 748 1269 pandendo
789 1188 1073 1252 hominis
1121 1188 1553 1269 fragilitatem,
1586 1188 1906 1251 defectuo-

404 1286 683 1363 sitatem,
717 1285 1268 1349 miserabilitatcm
1313 1287 1380 1349 in
1420 1288 1557 1368 ejus
1586 1286 1899 1367 ingressu,

403 1402 772 1465 progressu,
807 1402 1066 1466 egressu
1103 1401 1117 1446 :
1151 1384 1464 1465 ingressu,
1508 1386 1792 1466 inquam,
1836 1382 1902 1445 in

404 1484 722 1545 mundum
767 1483 940 1547 hunc
985 1502 1097 1566 per
1142 1482 1578 1557 nativitatem3
1623 1502 1906 1565 progres-

402 1600 503 1657 su,
539 1600 656 1663 per
683 1581 834 1645 vitae
863 1581 1298 1645 extensionem
1339 1601 1450 1644 seu
1482 1581 1907 1645 continuatio-

404 1698 552 1741 nem
584 1704 600 1755 ;
643 1699 909 1762 egressu
941 1680 1020 1743 de
1051 1681 1314 1757 mund0,
1348 1699 1461 1762 per
1487 1690 1780 1743 mortem.

483 1778 703 1859 ltaque
743 1779 916 1860 quod
958 1780 1038 1842 de
1077 1798 1142 1841 se
1172 1777 1578 1859 singulariter
1608 1778 1790 1855 dixit,
1825 1779 1904 1841 de

2015 803 2230 857 untur.
2262 797 2604 873 PostremO,
2631 796 3104 878 quantumlibet
3131 799 3278 861 vitae
3308 799 3501 880 hujus

2013 894 2263 957 duratio
2304 897 2739 977 protendatur,
2773 895 2977 959 nihilo
3008 897 3223 959 minus
3251 916 3506 979 compa-

2015 992 2260 1055 ratione
2308 993 2681 1056 aeternitatis
2722 1013 2864 1076 quae
2910 1002 3123 1073 restat,
3158 1004 3505 1059 momenta-

2015 1108 2134 1152 nea
2164 1091 2632 1172 comprobatur.
2669 1092 2753 1155 De
2790 1092 3100 1156 brevitate
3127 1112 3383 1175 quoque
3413 1094 3505 1155 vi·

2017 1196 2094 1249 tae
2122 1188 2451 1269 praesentis
2486 1198 2577 1253 tot
2615 1190 2785 1253 dicta
2821 1199 2893 1253 et.
2922 1191 3191 1271 allegata
3230 1200 3399 1268 sunt,
3431 1200 3503 1253 ut

2015 1304 2089 1347 ea
2120 1295 2405 1368 repetere
2431 1287 2533 1351 vel
2563 1289 2748 1370 plura
2774 1289 3072 1370 adjicere,
3099 1288 3501 1372 superfluum

2012 1384 2353 1464 judicetur.

2091 1486 2404 1563 Repletur
2450 1488 2675 1545 multis
2724 1488 3031 1557 miseriiS,
3062 1486 3125 1548 id
3174 1495 3268 1549 est
3316 1484 3501 1548 malis

2015 1600 2221 1664 poenae
2249 1591 2311 1645 et
2340 1583 2565 1666 culpae,
2585 1583 3177 1648 defectuositatibus
3210 1584 3505 1647 naturali-

2013 1679 2155 1757 buS,
2193 1681 2706 1758 adversita'tibuS,
2743 1681 3005 1760 morbiS,
3031 1683 3365 1763 angustiis.
3387 1683 3505 1745 Ma-

2013 1777 2183 1842 xime
2212 1787 2423 1842 autem
2454 1780 2686 1843 misera
2714 1782 3066 1862 reputanda
3097 1790 3193 1844 est
3217 1782 3349 1845 vita
3368 1780 3501 1844 haec

400 1874 668 1939 homine
714 1877 1144 1940 communiter
1183 1897 1295 1939 seu
1334 1878 1476 1959 ipso
1512 1895 1746 1957 genere
1787 1876 1903 1938 hu-
1939 1879 1986 1941 B
2014 1884 2271 1959 propter
2301 1886 2740 1959 peccata,quae
2761 1879 2935 1940 omni
2967 1880 3071 1942 die
3101 1879 3502 1941 abundanter

401 1994 596 2037 mano
628 1975 1041 2057 prosequitur
1066 1984 1258 2057 atque
1292 1976 1592 2053 ostendit,
1625 1976 1900 2038 subden-

400 2074 488 2135 do
521 2091 535 2135 :
575 2077 809 2143 Homo,
839 2074 1234 2155 quicumque
1281 2074 1366 2135 sit
1415 2073 1545 2149 ille,
1585 2083 1778 2133 natus
1824 2076 1904 2133 de

401 2174 706 2241 muliere,
737 2171 1004 2236 infirmo
1034 2179 1097 2235 et
1126 2171 1338 2253 fragili
1367 2172 1649 2235 vasculo,
1682 2171 1903 2234 Mulier

396 2271 573 2333 enim
594 2290 633 2334 a
653 2271 1000 2334 molliendo
1022 2270 1203 2351 quasi
1225 2269 1428 2337 mollis
1450 2290 1557 2333 aer
1577 2269 1904 2332 dicitur.Et

399 2368 578 2450 quod
609 2370 691 2431 de
721 2368 982 2431 homine
1003 2377 1152 2431 nato
1177 2369 1502 2446 asseri-tur,
1532 2369 1610 2431 de
1647 2366 1903 2431 feminis

399 2485 686 2548 quoque,
734 2486 864 2530 non
913 2467 992 2530 de
1041 2466 1196 2529 viris
1245 2475 1514 2542 tantum,
1568 2466 1899 2548 accipitur,

397 2565 706 2647 quamvis
734 2565 1052 2647 adjectiva
1078 2566 1412 2647 sequentia
1432 2564 1804 2642 masculina,
1822 2564 1908 2626 vi-

400 2664 683 2727 deantur
711 2664 793 2727 ad
832 2664 1151 2727 masculos
1189 2664 1482 2726 homines
1527 2664 1908 2726 determina-

401 2782 502 2825 re.
537 2762 844 2845 Denique,
879 2762 1089 2825 omnis
1139 2762 1330 2825 homo
1375 2762 1456 2825 de
1497 2761 1766 2823 muliere
1808 2767 1905 2823 est

103 2882 366 2932 Gen.1‚27;
403 2870 622 2938 natm,
656 2861 933 2943 demptis
964 2860 1190 2943 primis
1221 2861 1616 2943 parentibuS.
1652 2860 1804 2921 Nam
1845 2867 1908 2921 et

401 2961 494 3023 de
521 2960 774 3023 Christo
805 2959 896 3022 ait
921 2959 1262 3041 Apostolus
1305 2960 1384 3021 ad
1413 2958 1662 3020 Galatas
1696 2975 1710 3018 ε
1745 2958 1910 3019 Misit
2021 2957 2345 3021 finitionis
2372 2982 2387 3031 3
2433 2977 2471 3019 a
2506 2958 2885 3039 praesidente
2914 2977 3106 3040 super
3138 2959 3350 3021 sedem
3380 2958 3512 3038 glo-

398 3059 576 3121 Deus
599 3058 832 3120 Filium
861 3077 1073 3135 suum,
1095 3056 1335 3120 factum
1367 3057 1486 3119 sub
1517 3057 1669 3167 lege,
1689 3065 1908 3119 natum
1944 3059 1988 3124 C
2022 3057 2277 3134 riosam,
2304 3075 2506 3137 usque
2532 3057 2610 3118 ad
2639 3056 3048 3119 humiliatum
3081 3055 3148 3118 in
3184 3064 3416 3120 terram
3448 3064 3513 3119 et

77 2960 120 2992 n,
139 2948 212 2995 2¹,
227 2948 306 2988 22.

81 3010 364 3059 Galatam&

92 3280 258 3323 Joenn.
261 3292 362 3329 xix,

77 3345 142 3385 -6.

93 4076 256 4126 nida,
275 4077 350 4118 1³.

397 3177 490 3221 ex
517 3156 811 3221 muliere.
830 3156 945 3219 Cui
975 3163 1036 3219 et
1064 3155 1352 3219 Christus
1385 3153 1592 3217 dixit
1577 3174 1640 3216 ln
1674 3154 1909 3236 passio-

399 3274 542 3319 ne:
575 3256 822 3333 Mulier,
841 3274 988 3318 ecce
1019 3254 1198 3317 filius
1229 3262 1398 3316 tuus.
1423 3254 1490 3315 In
1521 3253 1758 3335 quibus
1788 3271 1908 3314 ser-

397 3353 712 3417 monibus
761 3352 997 3415 mulier
1038 3371 1280 3428 sexum,
1319 3370 1448 3415 non
1486 3350 1902 3427 connubium,

395 3460 610 3516 notat.
643 3450 849 3525 Quum
880 3468 1031 3531 ergo
1061 3450 1251 3513 homo
1281 3450 1360 3512 de
1392 3450 1660 3511 muliere
1692 3466 1910 3510 nasca-

391 3560 538 3626 tur,
571 3550 790 3612 mollis
819 3556 884 3612 et
916 3556 1096 3611 tener
1127 3555 1244 3625 est,
1281 3548 1359 3610 ad
1401 3547 1566 3610 bona
1597 3548 1905 3609 virtutum

389 3648 646 3713 debilis
674 3667 751 3711 ex
781 3666 850 3710 se
879 3648 1040 3729 ipso,
1062 3645 1249 3709 fortis
1282 3647 1359 3709 ad
1389 3665 1462 3709 ea
1491 3664 1568 3707 ex
1597 3646 1723 3708 Deo
1759 3662 1773 3705 :
1806 3663 1908 3706 cu-

387 3750 513 3831 jus
563 3746 774 3822 electi,
809 3754 1122 3828 quantum
1163 3745 1242 3807 ad
1285 3763 1424 3807 esse
1473 3752 1734 3821 naturae,
1771 3743 1904 3805 nati

391 3854 562 3909 sunt
603 3864 680 3908 ex
717 3844 1010 3920 muliere,
1047 3860 1175 3906 non
1213 3850 1426 3905 autem
1473 3850 1780 3923 quantum
1828 3842 1905 3904 ad

389 3964 555 4010 esse
597 3943 839 4023 gratiae.
873 3942 1135 4023 Propter
1172 3942 1343 4023 quod
1376 3961 1412 4004 a
1439 3940 1679 4004 Joannc
1707 3941 1786 4003 de
1817 3940 1908 4003 eis

390 4043 750 4107 inductum
799 4050 893 4105 est
937 4058 952 4103 ε
999 4040 1116 4115 Qui
1167 4058 1294 4103 non
1339 4058 1415 4102 ex
1465 4037 1904 4119 sanguinibus,

387 4159 629 4223 neque
673 4160 750 4203 ex
797 4140 1124 4203 voluntate
1170 4138 1402 4217 carnis,
1439 4156 1648 4221 neque
1688 4156 1764 4201 ex
1806 4157 1911 4200 vo·

389 4244 664 4305 luntate
694 4238 842 4316 viri,
875 4239 984 4301 sed
1016 4258 1093 4301 ex
1124 4239 1251 4301 Deo
1281 4237 1413 4299 nati
1443 4245 1614 4299 sunt.

495 4339 701 4401 Brevi
731 4339 952 4399 vivens
983 4346 1280 4415 tempore.
1312 4336 1466 4398 Nam
1501 4344 1563 4399 et
1602 4336 1908 4398 naturalis

2012 1975 2693 2057 innumerabiliterque
2726 1976 3090 2053 incidimus,
3124 1977 3303 2057 juxta
3338 1976 3497 2038 illud

2010 2072 2492 2136 Proverbiorum
2530 2092 2543 2135 :
2580 2074 2834 2137 Miseros
2866 2073 3021 2136 facit
3049 2074 3319 2156 populos
3357 2094 3502 2157 pec-
3553 2107 3791 2158 mmm,

2012 2181 2246 2236 catum.
2279 2172 2438 2234 Hinc
2483 2180 2543 2235 et
2582 2172 2866 2235 Christus
2916 2180 3181 2235 testatur
3224 2173 3290 2234 in
3334 2172 3502 2235 Psal-
3530 2171 3597 2213 ³⁴·

2012 2288 2165 2333 mo:
2200 2269 2355 2344 Quia
2396 2270 2636 2379 repleta
2685 2278 2781 2334 est
2827 2270 3013 2333 malis
3052 2271 3329 2351 (scilicet
3375 2290 3503 2353 poe-
3542 2303 3792 2353 hum..

2013 2368 2297 2449 nalibus)
2340 2368 2553 2429 anima
2600 2387 2762 2430 mea.
2816 2367 2893 2429 Et
2942 2368 3009 2430 in
3058 2368 3501 2431 Ecclesiastico
3529 2367 3572 2407 ⁴·

2016 2466 2294 2545 legitur:
2327 2466 2554 2545 Jugum
2594 2482 2787 2545 grave
2826 2484 3018 2547 super
3062 2484 3283 2530 omnes
3329 2465 3503 2529 filios
3558 2482 3753 2526 Ecetra
3727 2494 3794 2532 xc

2015 2562 2239 2641 Adam,
2276 2584 2313 2626 a
2348 2563 2453 2627 die
2492 2564 2699 2626 exitus
2743 2564 2823 2626 de
2865 2571 3085 2627 ventre
3134 2563 3355 2627 matris
3401 2584 3507 2627 eo-
3535 2547 3617 2593 ¹⁴
3638 2546 3680 2587 ⁹

2016 2682 2181 2740 rum,
2218 2681 2420 2743 usque
2454 2662 2518 2723 in
2548 2662 2715 2723 diem
2748 2662 3091 2743 sepulturae
3133 2662 3197 2724 in
3239 2671 3505 2725 matrem

2015 2760 2325 2823 omnium.
2358 2760 2785 2841 Cogitationes
2837 2778 3080 2837 eorum,
3134 2768 3197 2823 et
3248 2760 3507 2823 timores

2015 2858 2240 2935 cordis
2256 2859 2743 2922 adinventiones
2764 2859 3271 2941 exspectationiS,
3288 2868 3352 2922 et
3370 2859 3507 2922 dies

2018 3156 2340 3229 cinerem3
2387 3154 2467 3217 ab
2518 3173 2592 3218 eo
2640 3153 2751 3235 qui
2798 3155 3003 3216 utitur
3052 3155 3398 3237 hyacintho
3448 3162 3512 3217 et

2016 3260 2228 3336 portat
2264 3271 2586 3329 coronam,
2620 3271 2822 3333 usque
2852 3252 2930 3314 ad
2960 3272 3107 3316 eum
3139 3253 3252 3335 qui
3282 3271 3509 3334 coope-

2021 3353 2182 3414 ritur
2232 3352 2364 3414 lino
2411 3352 2628 3415 crudo.
2676 3350 2893 3429 Furor,
2934 3352 3129 3429 zelus,
3166 3352 3503 3429 tumultuS,

2021 3450 2379 3527 fluctuatio,
2404 3450 2593 3513 timor
2624 3449 2869 3526 mortiS,
2896 3448 3118 3523 fameS,
3156 3450 3413 3531 flagella
3444 3458 3509 3513 et

2020 3568 2210 3613 mors.
2247 3548 2348 3611 Sic
2391 3556 2451 3612 et
2499 3547 2795 3611 Salomon
2832 3565 2845 3609 :
2881 3547 3050 3624 Vidi,
3083 3547 3318 3629 inquit,
3351 3568 3507 3612 cun·
3534 3568 3804 3619 fleotomi.

2017 3656 2119 3711 cta
2165 3666 2307 3728 quae
2354 3647 2523 3709 fiunt
2566 3646 2685 3709 sub
2731 3646 2886 3723 sole,
2920 3655 2983 3709 et
3018 3666 3167 3709 ecce
3206 3647 3507 3712 universa

2020 3746 2267 3809 vanitas
2298 3755 2360 3809 et
2388 3744 2664 3808 afflictio
2698 3745 2986 3826 spiritus,

2104 3846 2233 3914 Qui
2261 3847 2449 3925 quasi
2485 3848 2603 3921 flos
2640 3844 2970 3921 egreditur
3006 3852 3065 3903 et
3102 3846 3458 3904 conteritur
3486 3862 3511 3906 .·

2021 3943 2085 4005 id
2114 3951 2231 4018 est,
2254 3942 2785 4023 quemadmodum
2816 3939 2941 4003 flos
2973 3941 3101 4003 exit
3131 3942 3209 4003 de
3240 3948 3427 4017 terra,
3448 3949 3513 4003 et

2020 4041 2227 4123 primo
2248 4041 2431 4116 viret,
2455 4039 2685 4101 deinde
2711 4038 2839 4100 cito
2868 4038 3235 4113 marcescit3
3272 4039 3365 4100 sic
3395 4038 3509 4101 ho-

2021 4158 2125 4203 mo
2152 4139 2219 4201 in
2251 4137 2523 4201 infantia
2544 4138 2620 4199 de
2641 4144 2860 4201 ventre
2881 4137 3161 4218 parentis
3193 4135 3511 4218 progredi-

1945 4242 1994 4303 D
2025 4248 2138 4314 tur,
2155 4247 2220 4300 et
2242 4237 2310 4300 in
2332 4236 2493 4299 flore
2514 4234 2714 4298 aetatis
2736 4254 3048 4317 apparens
3068 4236 3147 4297 ad
3169 4234 3505 4313 modicum,

2021 4336 2253 4400 deinde
2280 4336 2493 4397 statim
2521 4332 2746 4397 deficit
2765 4342 2826 4396 et
2848 4334 3179 4412 decrescit,
3200 4334 3504 4411 siccatur,

2020 4436 2251 4499 arescit
2283 4452 2296 4496 ε
2332 4434 2496 4497 sicut
2535 4433 2600 4495 in
2634 4432 2880 4495 Psalmo
2918 4440 3271 4510 cantamuS,
3306 4432 3507 4495 Homo
3565 4454 3799 4504 Pac-..ia

2023 4536 2189 4598 sicut
2236 4533 2478 4596 foenum
2524 4531 2660 4594 dies
2710 4532 2871 4612 ejuS‚
2918 4538 2981 4594 et
3030 4539 3331 4612 tanquam
3385 4529 3507 4593 flos

2023 4632 2158 4713 agri
2206 4632 2301 4695 sic
2348 4630 2695 4694 efflorebit.
2732 4630 2891 4693 Hinc
2934 4629 3001 4707 in
3048 4630 3207 4693 Isaia
3254 4628 3506 4695 fertur:

2024 4731 2241 4795 Omnis
2277 4748 2423 4793 caro
2464 4728 2732 4807 foenum,
2768 4735 2831 4792 et
2870 4729 3081 4792 omnis
3121 4729 3325 4809 gloria
3371 4730 3509 4811 ejus
3566 4754 3781 4806 [ΗΜ.

2022 4839 2325 4911 tanquam
2365 4828 2488 4892 flos
2523 4828 2682 4910 agri.
2720 4831 2803 4890 Ec
2837 4829 3017 4905 fuyit
3054 4832 3220 4889 velut
3248 4830 3507 4898 umbra,

2023 4928 2086 4991 id
2107 4936 2226 5006 est,
2247 4928 2682 4991 indesinenter
2708 4924 2933 5001 tendit,
2952 4925 3359 5007 propinquat,
3381 4923 3511 4987 imo

2023 5037 2087 5090 et
2125 5026 2327 5090 currit
2368 5027 2446 5088 ad
2484 5033 2775 5087 mortem.
2807 5024 3066 5104 Propter
3092 5023 3263 5104 quod
3293 5022 3501 5104 primo

2022 5124 2542 5206 Paralipomenon
2575 5122 2741 5184 libro
2770 5120 3053 5202 loquitur
3081 5119 3277 5183 David
3313 5138 3328 5182 ε
3364 5120 3507 5183 Dies
3554 5138 3805 5185 tranum.

2023 5222 2225 5286 nostri
2264 5222 2430 5283 sicut
2467 5220 2693 5282 umbra
2724 5227 3198 5301 superterram,
3234 5226 3297 5281 et
3329 5218 3505 5281 nulla
3546 5206 3609 5247 ¹⁵·

2023 5329 2121 5383 est
2147 5338 2346 5383 mora.
2369 5318 2653 5400 Itemque
2682 5318 2749 5379 in
2779 5316 3027 5379 Psalmo
3060 5334 3074 5379 :
3108 5317 3308 5380 Homo
3342 5315 3514 5382 vani·
3540 5342 3802 5387 p,‚02„..,4,

384 4437 722 4524 periodus
753 4436 898 4498 vitae
929 4435 1224 4497 humanae
1252 4442 1348 4497 est
1377 4434 1612 4511 breviS,
1645 4433 1812 4497 sicut
1842 4434 1906 4495 in

81 4565 350 4613 mmm,
385 4535 668 4601 Psalmo
698 4533 968 4597 habetur
993 4551 1006 4593 :
1033 4533 1175 4596 Dies
1206 4551 1520 4595 annorum
1551 4540 1909 4595 nostrorum

75 4632 138 4673 ¹⁰·
385 4638 478 4701 in
517 4633 680 4716 ipsis
711 4631 1114 4714 septuaginta
1133 4630 1308 4692 anni.
1333 4630 1669 4693 Multorum
1697 4640 1910 4694 autem

381 4730 888 4799 irrationalium
917 4729 1292 4791 animalium
1325 4729 1631 4791 naturalis
1653 4730 1910 4794 vivendi

379 4830 744 4919 periodus,
777 4826 1031 4891 duratio
1059 4847 1172 4890 seu
1201 4846 1521 4904 mensura,
1544 4820 1749 4891 multo
1776 4828 1913 4891 diu-

377 4928 669 4995 turnior
713 4936 810 4991 est
851 4926 1114 5009 periodo
1158 4925 1304 4989 vitae
1344 4926 1658 4988 humanae.
1693 4926 1906 5004 Porr0‚

377 5026 590 5114 quod
620 5024 820 5108 aliqui
845 5032 994 5087 ante
1014 5022 1332 5087 diluvium
1353 5024 1455 5087 vel
1475 5024 1666 5086 etiam
1693 5034 1912 5106 postea

377 5140 542 5194 tam
575 5126 688 5189 diu
729 5124 1046 5200 vixerunt,
1079 5122 1388 5185 miraculo
1428 5122 1629 5203 magis
1673 5125 1913 5187 adscri-

373 5229 592 5293 bitur
626 5243 821 5307 quam
850 5230 1115 5285 naturae.
1147 5220 1413 5295 Quidam
1443 5240 1593 5286 vero
1619 5222 1910 5285 homines

375 5323 816 5393 brevissimae
853 5320 1001 5384 vitae
1030 5327 1202 5395 sunt,
1235 5320 1348 5401 qui
1377 5320 1479 5382 vel
1509 5320 1576 5382 in
1606 5320 1900 5399 infantia,

673 5456 739 5507 T.
775 5456 826 5506 4.
1057 5446 1064 5455 ¹
3202 5450 3267 5503 32
