4309 6259
126 1089 239 1132 nist.
266 1089 347 1132 lib.

78 1151 111 1194 u
126 1152 235 1208 Res.
248 1165 290 1195 e.
302 1155 347 1194 9.

84 1983 119 2026 ΙΙ
128 1983 236 2036 Ray.
245 1983 345 2028 vno.

807 509 1157 556 mantano
1200 511 1261 556 IN
1304 511 1442 557 cu.
1488 511 1592 556 xlv
1635 510 1793 556 unm
1834 510 2005 556 mum
2047 509 2576 556 PARALIPouENON.
2623 528 2704 539 --
2745 510 2887 555 ΛΒΤ.
2933 509 3036 556 xlv

3351 487 3461 550 151

372 680 591 742 cendit
628 681 831 748 David
874 690 937 745 et
986 681 1109 744 viri
1150 681 1337 744 lsrael
1382 682 1461 744 ad
1502 681 1731 744 collem
1770 679 1879 743 Ca·
1905 682 1956 743 A
1986 683 2226 759 quippe
2256 683 2620 750 lasciviens,
2644 685 2997 759 paululum
3037 681 3472 739 inclinaverat

374 778 759 858 riathiarim,
808 789 878 844 ut
923 780 1194 844 afferret
1239 781 1389 843 inde
1433 799 1643 843 arcam
1692 797 1703 841 :
1750 798 1877 861 quo

374 887 649 955 constat,
674 882 847 962 quod
878 898 1017 942 eam
1050 879 1295 962 accepit
1324 880 1403 942 de
1434 878 1597 942 colle
1628 885 1691 941 et
1721 879 1878 941 urbe

374 976 847 1041 cariathiarim.
899 977 1061 1041 Hinc
1118 977 1409 1058 Magister
1466 977 1535 1039 in
1594 975 1878 1040 historiis

376 1074 607 1138 scribit
658 1093 675 1138 :
727 1076 941 1140 Gabaa
988 1095 1116 1141 non
1166 1084 1263 1139 est
1312 1076 1417 1138 hic
1468 1094 1699 1138 nomen
1757 1075 1878 1139 loci

376 1181 487 1235 aut
519 1172 726 1250 urbiS‚
762 1175 875 1238 sed
906 1174 1255 1238 secundum
1290 1173 1879 1255 interpretationem

378 1291 587 1349 suam,
620 1272 855 1335 collem
886 1271 1231 1353 significat.

491 1375 624 1433 Oza
676 1381 897 1432 autem
944 1381 1005 1432 et
1050 1372 1292 1450 fratres
1349 1372 1489 1450 ejus
1538 1373 1881 1432 minabant

370 1474 779 1550 plaustrum.
822 1474 1029 1532 Porro
1058 1473 1281 1533 David
1315 1479 1376 1531 et
1416 1472 1756 1530 universus
1789 1474 1882 1531 Is-

376 1573 519 1630 rael
550 1570 862 1630 ludebant
890 1589 1109 1630 coram
1138 1573 1271 1630 Deo
1304 1570 1488 1630 omni
1527 1571 1769 1630 virtute
1806 1570 1879 1628 in

375 1670 683 1741 canticis,
732 1679 793 1730 et
840 1670 917 1729 in
964 1671 1259 1740 citharis,
1310 1679 1372 1729 et
1421 1671 1773 1746 psalteriis,
1822 1679 1882 1730 et

378 1767 741 1842 tympanis,
765 1775 827 1826 et
854 1767 1194 1844 cymbalis,
1222 1776 1284 1827 et
1314 1768 1503 1826 tubis.
1530 1769 1742 1836 Quum
1772 1787 1883 1826 au-

1984 800 2170 860 eam„
2203 782 2426 840 Iratus
2471 789 2562 840 est
2615 782 2834 858 itaque
2882 779 3202 840 Dominus
3249 783 3474 834 contra

1990 882 2214 949 Ozam,
2245 888 2304 938 et
2325 881 2644 956 percussit
2673 899 2846 948 eum,
2873 898 2943 938 eo
2971 880 3142 957 quod
3175 874 3476 951 tetigisset

1988 997 2253 1048 arcam,·
2279 987 2339 1037 et
2368 987 2659 1038 mortuus
2688 988 2778 1039 est
2807 979 2900 1036 ibi
2928 997 3145 1038 coram
3175 974 3471 1035 Domino.

1993 1077 2542 1156 Contristatusque
2577 1086 2667 1136 est
2709 1078 2953 1146 David,
2991 1095 3057 1136 eo
3097 1076 3269 1154 quod
3303 1073 3479 1133 divi-

1986 1176 2166 1234 sisset
2208 1176 2528 1237 Dominus
2576 1178 2794 1237 Ozam.
2847 1176 3225 1254 Vocavitque
3268 1175 3475 1232 locum

1992 1275 2209 1344 illum,
2253 1275 2492 1334 divisio
2534 1278 2705 1343 Ozae,
2743 1293 2942 1353 usque
2985 1275 3060 1334 in
3093 1279 3474 1349 prce-sentem

1986 1373 2180 1432 diem.
2215 1374 2302 1433 Et
2343 1373 2565 1433 timuit
2589 1375 2800 1435 Deum
2839 1381 2991 1432 tunc
3029 1370 3350 1448 temporis,
3377 1369 3476 1428 di-

1986 1490 2129 1530 cens
2149 1490 2174 1529 .·
2199 1473 2520 1539 Quomodo
2533 1489 2797 1548 possum
2824 1472 2911 1530 ad
2940 1489 3040 1529 me
3068 1470 3474 1528 introducere

1986 1589 2208 1630 arcam
2227 1571 2392 1631 Dei?
2413 1572 2497 1631 E't
2524 1571 2597 1629 ob
2625 1571 2793 1630 lianc
2821 1587 3084 1628 causam
3113 1585 3243 1627 non
3269 1567 3474 1626 addu-

1985 1670 2089 1728 oeit
2117 1687 2261 1728 eam
2289 1670 2377 1728 ad
2398 1669 2612 1738 se,hoc
2639 1676 2730 1727 est
2758 1668 2830 1726 in
2859 1667 3189 1726 civitatem
3217 1665 3436 1725 David
3447 1686 3476 1734 ,·

1984 1769 2095 1826 sed
2132 1768 2368 1827 avertit
2409 1768 2480 1825 in
2517 1768 2784 1826 domum
2824 1767 3174 1829 obededom
3207 1762 3471 1824 Gethaei.

376 1873 505 1924 tem
526 1866 977 1941 pervenissent
1004 1868 1093 1924 ad
1122 1885 1345 1926 aream
1368 1867 1635 1926 Chidon.
1657 1863 1879 1927 Secun-
1917 1861 1963 1924 B
1990 1867 2238 1926 Mansit
2273 1884 2421 1942 eryo
2457 1885 2612 1926 arca
2640 1865 2764 1927 Dei
2800 1866 2873 1924 in
2913 1866 3098 1924 domo
3133 1863 3478 1924 obededom

374 1962 463 2025 do
492 1962 738 2042 Regum
770 1961 1063 2039 habetur,
1096 1963 1188 2025 Ad
1219 1981 1429 2026 aream
1461 1962 1740 2026 Nachon.
1775 1963 1883 2026 Re-

374 2061 757 2142 spondetur‚
776 2062 951 2144 quod
980 2061 1085 2124 vel
1114 2081 1264 2124 area
1292 2061 1424 2138 illa,
1447 2069 1557 2124 aut
1586 2061 1883 2125 dominus

374 2160 714 2236 areae,duo
736 2159 873 2223 haee
904 2160 1167 2222 nomina
1196 2159 1449 2235 habuit3
1484 2159 1585 2223 vel
1618 2161 1671 2222 si
1705 2169 1885 2223 erant

374 2261 521 2322 loca
546 2258 827 2334 diversa,
866 2257 1133 2322 fuerunt
1160 2257 1395 2320 vicina.
1427 2261 1719 2320 Tetendit
1753 2261 1884 2321 Oza

372 2379 659 2420 manum
693 2378 910 2429 suam,
940 2367 1016 2418 ut
1050 2365 1439 2418 sustentaret
1476 2377 1700 2418 arcam
1729 2376 1752 2418 .·
1784 2359 1885 2418 bos

1996 1966 2201 2026 tribus
2221 1965 2558 2024 mensibus.
2582 1967 2666 2026 E't
2687 1963 3016 2024 benedioeit
3036 1961 3355 2023 Dominus
3373 1961 3480 2018 do-

1991 2064 2135 2123 mui
2163 2063 2328 2140 ejus,
2357 2073 2417 2123 et
2446 2063 2742 2123 omnibus
2771 2081 2914 2140 quce
2942 2061 3229 2121 habebat.
3265 2057 3386 2118 Ista
3415 2063 3480 2118 et

1991 2167 2201 2223 cetera
2247 2167 2376 2222 tam
2437 2159 2774 2222 litteralem
2825 2176 3018 2240 quam
3078 2153 3476 2238 spiritualem

1993 2258 2187 2340 hujus
2231 2257 2520 2340 capituli,
2547 2255 3036 2338 intelligentiam
3085 2271 3474 2317 concernen-

1994 2357 2105 2434 tia,
2139 2356 2404 2420 secundi
2435 2356 2672 2438 Regum
2703 2363 2880 2418 sexto
2909 2359 3298 2436 quaerantur.

1481 2781 2127 2870 ARTICULUS
2202 2782 2398 2867 XIV

430 3058 820 3106 ommno
865 3057 1143 3106 cAPl'l'nm
1184 3057 1619 3112 QuAn'l'mEcml
1662 3057 1675 3100 :
1722 3056 1887 3104 msrr
1930 3053 2167 3111 QUOQUE
2209 3055 2424 3101 mnan·
2449 3055 2568 3102 REX
2609 3056 2752 3102 'Hm
2793 3056 3051 3103 Nuhmos
3092 3057 3177 3102 AD
3219 3057 3428 3103 navm.

540 3335 965 3401 ULTIPLEX
1007 3334 1397 3419 prosperitas
1440 3334 1642 3399 sancti
1688 3333 1884 3397 David
1920 3332 1963 3396 C
1995 3334 2073 3396 ad
2104 3335 2674 3415 congratulandum
2708 3335 3094 3418 promotioni
3134 3335 3336 3419 ipsius
3373 3337 3483 3399 Da-

564 3436 631 3499 in
656 3435 941 3519 capitulo
962 3434 1087 3497 isto
1115 3433 1519 3498 describitur.
1538 3433 1716 3510 Nam,
1732 3433 1887 3514 quia

376 3548 515 3601 tam
550 3535 793 3612 ridelis,
826 3535 1039 3616 justus
1070 3542 1134 3597 et
1163 3541 1465 3597 constans
1503 3532 1740 3594 intuitu
1774 3532 1883 3594 Dei

378 3640 834 3719 permanserat
864 3633 931 3694 in
963 3631 1249 3695 adversis
1270 3639 1398 3694 tam
1422 3629 1639 3693 multis
1670 3637 1735 3693 et
1763 3649 1887 3692 ma-

376 3735 555 3817 gniS,
583 3732 817 3796 collata
846 3739 944 3795 est
972 3731 1031 3794 ei
1064 3750 1101 3793 a
1126 3729 1396 3794 Domino
1426 3729 1619 3794 etiam
1652 3737 1887 3811 tempo-

376 3834 541 3898 ralis
574 3831 967 3915 prosperitas
998 3847 1228 3910 magna
1258 3827 1474 3906 nimiS‚
1502 3829 1630 3890 imo
1660 3836 1724 3890 et
1750 3845 1887 3908 gra-

379 3934 477 3997 tia
518 3931 785 4014 copiosa
828 3929 997 3992 bene
1035 3927 1257 3991 utendi
1300 3927 1545 3990 eadem.
1579 3926 1771 3989 Porro
1807 3926 1886 3988 ad

378 4029 883 4116 prosperitatem
926 4026 1295 4108 hujusmodi
1339 4026 1663 4108 pertinent
1706 4024 1888 4087 favor

376 4139 449 4194 et
480 4125 774 4192 amicitia
802 4133 1198 4206 magnatum,
1232 4124 1485 4188 bonitas
1515 4123 1884 4205 conjugum,

378 4223 755 4292 fecunditas
790 4223 1013 4306 proliS,
1049 4222 1317 4287 victoria
1354 4221 1656 4298 hostium,
1698 4220 1887 4284 clari-

1997 3433 2124 3509 vid,
2148 3443 2209 3494 et
2238 3436 2420 3511 liqna
2441 3436 2734 3504 cedrina,
2754 3433 2991 3516 quibus
3013 3435 3185 3517 Tyrii
3218 3435 3483 3499 Sidonii-

1996 3550 2121 3612 que
2149 3531 2501 3608 abundant,
2536 3539 2600 3594 et
2640 3550 2755 3615 per
2790 3551 2964 3596 mare
2998 3532 3375 3597 deferuntur
3403 3535 3481 3597 ad

1996 3631 2252 3712 Tyrum,
2276 3640 2336 3691 et
2366 3632 2646 3708 artifices
2665 3633 2998 3708 parietum
3034 3634 3486 3715 liynorumque

1998 3740 2070 3790 ut
2097 3731 2500 3808 oedificarent
2525 3731 2587 3788 ei
2603 3733 2912 3790 domum:
2933 3730 3088 3811 quia
3115 3729 3181 3793 in
3212 3731 3484 3796 diversis

1996 3826 2383 3904 aedificandi,
2433 3827 2783 3909 sculpendi,
2833 3827 3162 3909 pingendi,
3211 3827 3485 3892 forman-

1997 3925 2192 4007 dique
2221 3925 2486 4003 artibuS,
2516 3925 2686 4008 Tyrii
2719 3933 2869 3987 suut
2906 3926 3092 3989 valde
3128 3927 3341 4008 periti.
3380 3931 3484 3988 Co-

1989 4027 2342 4104 ynovitque
2380 4026 2618 4097 David,
2657 4027 2828 4104 quod
2865 4028 3300 4101 confirmasset
3334 4047 3484 4087 eum

1996 4125 2315 4184 Dominus
2346 4124 2418 4184 in
2451 4141 2660 4199 reqem
2700 4143 2893 4199 super
2922 4124 3145 4192 Israel,
3185 4133 3244 4184 et
3281 4126 3485 4184 suble-

2000 4230 2222 4282 vatum
2248 4230 2400 4281 esset
2426 4239 2699 4297 reynum
2724 4241 2916 4281 suum
2944 4241 3136 4300 super
3155 4226 3481 4300 populum

1996 4320 2135 4396 ejus
2185 4321 2410 4380 Israel.
2459 4320 2719 4396 Accepit
2766 4339 3014 4399 quoque
3054 4322 3274 4380 David
3313 4322 3483 4382 alias

2000 4437 2230 4478 uxores
2274 4419 2347 4477 in
2392 4421 2775 4489 Jerusalem,
2811 4419 3166 4499 yenuitque
3207 4421 3379 4496 filios
3426 4430 3485 4481 et

376 4335 483 4390 tas
542 4323 753 4400 famae,
804 4321 1150 4384 affluentia
1206 4339 1425 4403 opum,
1480 4317 1888 4402 pulchritudo

376 4427 733 4488 domorum
770 4437 784 4483 ε
818 4439 963 4502 quae
993 4420 1212 4484 omnia
1247 4419 1483 4484 modici
1516 4427 1729 4483 essent
1757 4436 1889 4482 mo-

378 4522 593 4588 menti
626 4519 1107 4602 comparatione
1146 4537 1312 4582 verae
1351 4518 1597 4595 salutis,
1633 4517 1763 4581 imo
1793 4535 1891 4580 oc-
1923 4512 1972 4573 D
1999 4517 2198 4593 filias.
2220 4518 2304 4576 E't
2334 4518 2466 4576 haec
2494 4517 2764 4578 nomina
2794 4536 3014 4577 eorum
3035 4519 3154 4595 qui
3173 4519 3318 4578 nati
3334 4529 3488 4578 sunt

370 4617 806 4686 -casionaliter
856 4617 1060 4697 magis
1103 4616 1422 4692 obessent,
1472 4615 1597 4677 nisi
1646 4614 1893 4677 adesset
2000 4617 2075 4675 in
2110 4617 2522 4676 Jerusalem:
2554 4618 2805 4676 Samua
2847 4625 2907 4676 et
2948 4618 3175 4688 Sobab,
3225 4619 3487 4680 Nathan

380 4717 599 4802 gratia
650 4715 929 4799 Spiritus
980 4713 1196 4778 Sancti
1243 4715 1321 4777 ad
1371 4713 1537 4777 bene
1585 4713 1891 4776 utendum
2000 4725 2060 4774 et
2088 4716 2423 4784 Salomon,
2451 4716 2731 4774 Jebakar
2767 4724 2826 4775 et
2857 4715 3090 4776 Elisua
3120 4725 3182 4776 et
3219 4717 3490 4792 Elipha-

382 4815 772 4900 hujusmodi
806 4813 1016 4878 donis.
2004 4817 2109 4884 let,
2134 4813 2321 4888 Noya
2350 4831 2596 4892 quoque
2622 4822 2683 4873 et
2707 4815 2973 4891 Napltey
2991 4822 3051 4873 et
3066 4814 3335 4890 Japkia,
3357 4814 3492 4875 Eli-

470 4915 695 4997 ltaque
724 4911 962 4976 dicitur
987 4929 1003 4974 t
1028 4913 1215 4974 Misit
1243 4931 1489 4992 quoque
1510 4912 1749 4972 Hiram
1778 4929 1897 4969 rem
2002 4931 2186 4971 sama
2215 4920 2274 4970 et
2301 4913 2631 4972 Baaliada
2659 4919 2720 4970 et
2749 4911 3100 4987 Eliphalet.

396 5015 589 5092 Tyri,
603 5009 1119 5094 opulentissimae
1146 5008 1325 5072 urbis
1356 5018 1418 5072 et
1448 5009 1586 5071 sitae
1610 5008 1677 5070 in
1708 5007 1897 5071 corde
2085 5011 2444 5070 Audientes
2481 5019 2695 5069 autem
2736 5009 3129 5079 Philistiim,
3166 5011 3336 5088 quod
3374 5029 3497 5071 un-

388 5111 637 5176 maris:
666 5109 922 5190 fuitque
948 5108 1123 5190 jugis
1152 5107 1592 5190 amicitia‚pax
1622 5115 1685 5170 et
1716 5105 1900 5168 fami-
2006 5117 2144 5167 ctus
2164 5115 2316 5166 esset
2336 5108 2555 5167 David
2583 5109 2656 5166 in
2681 5125 2888 5183 reyem
2908 5125 3099 5183 super
3117 5110 3239 5166 uni
3248 5127 3494 5168 versum

388 5210 647 5274 liaritas
696 5209 866 5270 inter
904 5206 1103 5270 David
1145 5213 1208 5269 et
1235 5206 1485 5282 Hiram3
1518 5206 1783 5267 nuntios
1814 5208 1902 5266 ad
2007 5208 2238 5275 Israel,
2281 5207 2702 5264 ascenderunt
2743 5223 2982 5274 omnes,
3023 5213 3098 5264 ut
3139 5216 3496 5281 quoererent

390 5309 647 5378 David,
662 5307 744 5368 ad
776 5304 1233 5368 insinuandum
1266 5304 1436 5368 circa
1466 5303 1741 5385 negotia,
1764 5303 1901 5367 sive
1994 5323 2182 5363 eum.
2207 5304 2389 5374 Quod
2418 5322 2618 5381 quum
2649 5302 2934 5361 audisset
2951 5303 3196 5372 David,
3217 5322 3498 5379 egressus
