4309 6259
873 511 1226 561 nummo
1267 513 1332 557 m
1375 512 1512 558 mr.
1559 513 1715 559 xxm
1755 513 1914 559 unm
1956 512 2211 561 saeuum
2252 514 2782 561 mmmmm-mon.
2828 535 2909 546 —
2950 517 3093 562 Aur.
3140 518 3296 563 xxm
3512 500 3633 564 239

473 679 646 738 erit
687 685 1025 757 templum,
1067 684 1552 761 interficiatur,-
1584 686 1842 762 sintque
1878 703 2028 743 cum
2057 682 2108 744 A
2139 683 2642 762 universumque
2675 687 2991 760 populum
3030 693 3088 743 et
3117 704 3351 762 reyem,
3380 694 3452 746 ut
3478 696 3631 747 esset

475 794 666 852 reye
694 786 756 835 et
783 780 1078 841 intrante
1104 790 1164 839 et
1191 783 1573 858 eqrediente.
2127 783 2412 857 populus
2438 782 2730 842 Domini.
2764 784 2995 860 Itaque
3022 783 3343 859 inyressus
3384 792 3471 843 est
3500 805 3630 844 om-

597 878 926 937 Fecerunt
944 898 1092 956 erqo
1109 881 1352 941 Levitoe
1369 890 1429 940 et
1458 882 1802 940 universus
1826 882 2029 948 Juda,
2101 956 2108 964 Ι
2135 880 2243 937 nis
2260 882 2542 955 populus
2573 883 2716 939 dom
2727 901 2836 939 um
2863 883 3061 949 Baat,
3080 890 3139 940 et
3165 884 3627 943 destruet-erunt

460 972 720 1049 juata
753 979 976 1037 omnia
1015 998 1160 1055 quoe
1183 988 1574 1057 praeceperat
1606 982 1842 1039 Joiada
1865 998 2028 1055 pon·
2135 995 2315 1047 eam;
2341 985 2399 1034 et
2427 979 2671 1037 altaria
2700 998 2775 1037 ac
2802 980 3157 1037 simulacra
3178 980 3363 1039 illius
3382 981 3627 1057 confre-

485 1072 720 1147 tifex.
751 1076 836 1134 Et
875 1084 1362 1151 assumpserunt
1397 1078 1650 1153 sinyuli
1686 1078 1882 1145 viros,
1911 1077 2029 1154 qui
2130 1083 2389 1151 yerunt.
2432 1078 2705 1135 Matlzan
2753 1095 3001 1155 quoque
3034 1080 3418 1137 sacerdotem
3458 1082 3630 1139 Baal

482 1172 640 1229 sub
668 1191 737 1229 se
759 1182 972 1240 erant,
1003 1181 1062 1231 et
1082 1174 1424 1234 veniebant
1444 1194 1566 1255 per
1586 1175 1880 1234 ordinem
1897 1176 2029 1233 sab-
2136 1172 2602 1248 interfecerunt
2631 1182 2781 1233 ante
2811 1194 2984 1235 aras.

485 1270 690 1338 bati,
717 1290 866 1329 cum
893 1272 997 1331 liis
1027 1273 1146 1349 qui
1157 1272 1312 1347 jam
1355 1275 1780 1348 impleverant
1807 1274 2028 1331 sabba·
2219 1269 2411 1331 Totus
2441 1270 2632 1350 hujus
2660 1270 2941 1333 historiae
2962 1290 3209 1349 sensuS,
3236 1272 3510 1354 scriptus
3532 1282 3630 1335 est

487 1376 690 1435 tum,
723 1376 780 1427 et
816 1372 1143 1444 eqressuri
1179 1379 1389 1432 erant.
1421 1373 1766 1449 Siquidem
1792 1373 2028 1431 Joiada
2137 1374 2331 1447 atque
2361 1368 2683 1449 expositus
2713 1376 2938 1448 quarto
2969 1368 3207 1447 Regum
3251 1370 3438 1432 libro.
3474 1370 3625 1432 Nam
3678 1394 3919 1450 tvaeam,

473 1468 826 1542 pontifex
853 1486 986 1527 non
1012 1469 1354 1527 dimiserat
1381 1470 1562 1528 abire
1584 1479 1858 1537 tur-mas,
1885 1490 2028 1547 quce
2137 1473 2200 1527 et
2231 1465 2425 1527 verba
2454 1484 2656 1547 pauca
2695 1486 2838 1547 quae
2876 1466 2983 1529 hic
3024 1467 3365 1543 adduntur,
3399 1467 3491 1531 ibi
3534 1468 3630 1530 in·
3657 1460 3853 1513 ⁴⁶⁰⁶sp

483 1566 654 1623 sibi
697 1584 820 1640 per
871 1568 1169 1641 sinyulas
1223 1569 1652 1627 hebdomadas
1706 1570 2030 1627 succedere
2139 1572 2307 1625 serta
2337 1561 2595 1626 fuerunt
2641 1571 2831 1644 atque
2872 1564 3227 1645 explanata.
3262 1566 3375 1628 Hic
3415 1574 3627 1630 tamen

483 1671 1010 1723 consueverant.
1073 1665 1392 1741 Deditque
1444 1665 1679 1724 Joiada
1741 1666 2030 1724 sacerdos
2138 1661 2308 1724 inter
2336 1669 2543 1724 cetera
2582 1662 2951 1742 adjungitur
2984 1679 2997 1723 :
3034 1666 3375 1724 Constituit
3416 1674 3629 1726 autem

487 1760 1018 1821 centurionibus
1047 1764 1319 1829 lanceas,
1343 1766 1714 1841 clypeosque
1741 1771 1798 1820 et
1821 1766 2029 1839 peltas
2134 1762 2371 1821 Joiada
2392 1762 2767 1839 praepositos
2796 1763 2869 1821 in
2900 1764 3083 1821 domo
3102 1764 3395 1835 Domini,
3414 1772 3487 1823 ut
3513 1767 3629 1825 sub

487 1859 701 1933 regis
739 1859 982 1927 David,
1010 1880 1173 1937 quas
1210 1868 1686 1919 consecraverat
1727 1862 1799 1920 in
1841 1862 2028 1919 domo
2066 1863 2112 1925 B
2139 1861 2439 1919 manibus
2484 1862 2886 1919 sacerdotum
2926 1868 2984 1917 et
3022 1861 3429 1928 Levitarum,
3476 1882 3629 1940 quos

487 1956 822 2015 Domini.
849 1957 1318 2036 Constituitque
1343 1961 1922 2035 omnempopulum
1953 1966 2028 2017 te·
2136 1956 2473 2015 distribuit
2516 1957 2737 2015 David
2778 1958 2851 2015 in
2893 1959 3079 2015 domo
3118 1958 3411 2027 Domini,
3452 1964 3627 2036 offer-

491 2055 829 2113 nentium
864 2056 1208 2131 puqiones,
1251 2077 1293 2115 a
1320 2065 1511 2132 parte
1553 2058 1778 2134 tempti
1815 2058 2030 2115 decute·
2135 2064 2283 2115 rent
2308 2058 2675 2116 holocausta
2694 2056 2995 2125 DominO,
3015 2057 3181 2115 sicut
3207 2060 3521 2133 scriptum
3540 2068 3628 2118 est

487 2174 632 2222 ra,
649 2172 853 2230 usque
877 2156 966 2213 ad
995 2162 1254 2231 partem
1285 2156 1511 2233 tempti
1535 2156 1901 2221 sinistram,
1932 2174 2029 2215 co-
2137 2155 2211 2212 in
2242 2156 2372 2229 leye
2402 2154 2669 2229 Moysis,
2694 2154 2764 2211 in
2785 2154 3033 2229 glaudio
3061 2162 3119 2212 et
3139 2157 3411 2215 canticis
3420 2157 3629 2232 juoeta

489 2271 676 2311 ram
704 2253 908 2310 altari
933 2260 992 2309 et
1023 2255 1278 2327 templo,
1299 2272 1422 2329 per
1449 2254 1804 2313 circuitum
1831 2255 2023 2329 reglis.
2137 2251 2617 2326 dispositionem
2663 2251 2903 2311 David.
2962 2249 3341 2331 Praepositus
3400 2252 3627 2315 domus

493 2352 612 2412 Ec
643 2351 1014 2409 edu-xerunt
1030 2352 1254 2424 filium
1279 2354 1474 2427 reqis,
1497 2360 1555 2410 et
1584 2353 2029 2428 imposuerunt
2136 2346 2270 2423 Dei,
2305 2347 2466 2409 solet
2494 2345 2787 2428 pontifex
2814 2347 3021 2429 accipi
3047 2371 3063 2423 ;
3109 2349 3219 2411 sed
3250 2348 3335 2410 ita
3367 2368 3495 2413 non
3525 2370 3630 2413 su-

493 2450 580 2507 m'
634 2447 944 2507 diadema
981 2456 1039 2506 et
1090 2451 1554 2519 testimonium,
1585 2452 2029 2527 dederuntque
2139 2453 2402 2534 munt-ur
2429 2444 2551 2508 hoc
2581 2444 2719 2508 loco
2753 2445 2858 2507 isti
2891 2447 3241 2528 praepositi‚
3274 2449 3382 2510 sed
3415 2448 3627 2531 potius

495 2553 599 2609 in
647 2564 850 2608 manu
886 2552 1030 2627 ejus
1068 2550 1408 2609 tenendam
1450 2550 1676 2623 leqem,
1705 2556 1762 2605 et
1800 2549 2030 2607 const-i-
2137 2552 2407 2626 possunt
2439 2542 2711 2623 intelligi
2746 2543 2975 2624 viginti
3018 2554 3289 2626 quatuor
3321 2548 3626 2630 praecipui

497 2658 800 2709 ruerunt
840 2670 988 2709 eum
1029 2668 1263 2724 reyem.
1307 2648 1510 2708 Unoetc
1547 2666 1795 2725 quoque
1835 2648 2030 2706 illum
2139 2642 2494 2704 sacerdotes
2526 2649 2671 2723 post
2698 2640 3098 2723 pontificem,
3132 2662 3290 2723 quos
3320 2644 3517 2709 David
3538 2644 3629 2707 in·

488 2750 770 2811 Joiada
788 2748 1116 2825 pontifex,
1136 2754 1195 2804 et
1213 2746 1349 2822 filii
1365 2746 1544 2820 ejus,·
1569 2744 2029 2821 imprecatique
2139 2739 2367 2815 stituit,
2402 2748 2467 2801 et
2496 2739 2852 2802 successive
2874 2740 3323 2805 ministrabant
3344 2762 3417 2804 ac
3438 2744 3630 2806 sacri·

490 2855 684 2907 sunt
711 2848 775 2903 ei
800 2855 994 2924 atque
1017 2846 1360 2913 dixerunt,
1393 2844 1574 2904 Vivat
1601 2862 1742 2903 νοω.
2140 2835 2423 2899 fieabant
2472 2837 2539 2898 in
2603 2838 2839 2919 templo
2889 2858 3034 2901 cum
3084 2841 3515 2903 sacerdotibus
3566 2850 3629 2905 et

609 2946 800 3011 Quod
824 2964 1030 3021 quum
1055 2943 1340 3001 audisset
1357 2941 1656 3009 Atkazia,
1681 2959 1889 2999 vocem
1907 2941 2028 2998 sci-
2139 2936 2399 3013 LevitiS,
2432 2936 2799 2999 cantoribus
2831 2945 2895 2999 et
2918 2937 3303 3017 janitoribus
3334 2939 3456 3001 sibi
3489 2938 3629 3001 sub-

491 3044 674 3103 lieet
689 3043 1119 3111 currentium,
1137 3048 1329 3117 atque
1353 3039 1772 3097 laudantium
1793 3058 2022 3113 reqem,
2065 3038 2108 3103 C
2137 3032 2345 3113 jectiS,
2379 3042 2570 3115 prout
2600 3052 2790 3114 supra
2823 3034 3031 3115 primo
3073 3034 3236 3097 libro
3266 3036 3623 3118 expositum
3656 3064 3673 3109 1
3683 3066 3920 3119 Par-‚xxm

493 3144 822 3216 ingressa
841 3146 929 3198 est
949 3141 1037 3198 ad
1047 3140 1368 3216 poputum
1391 3137 1462 3196 in
1486 3138 1796 3212 templum
1815 3136 2030 3195 Domi·-
2138 3139 2267 3205 θεῖς
2303 3138 2366 3193 et
2384 3131 2641 3211 quando
2664 3130 3135 3209 sacrificabant,
3152 3132 3298 3196 Levi
3309 3143 3383 3196 tae
3404 3143 3467 3197 et
3487 3154 3627 3197 can·
3655 3132 3678 3171 ³
3699 3132 3741 3171 θ’
3757 3140 3849 3183 ⁸⁶⁹·

491 3240 626 3299 ni.
649 3239 989 3313 Quumque
1009 3236 1272 3294 vidisset
1288 3252 1504 3310 reqem
1529 3240 1804 3292 stantem
1832 3252 2028 3310 super
2137 3238 2307 3291 tores
2336 3228 2613 3309 psalmos
2654 3228 2969 3291 canebant
2996 3248 3139 3292 cum
3176 3232 3408 3310 gaudio
3440 3233 3626 3316 spiri-

485 3337 812 3415 9radum
834 3335 904 3394 in
923 3334 1218 3401 introitu,
1231 3340 1290 3390 ec
1298 3332 1635 3408 principes
1657 3338 2029 3409 turmasque
2136 3326 2317 3403 tuali,
2352 3326 2518 3388 sicut
2545 3325 2651 3389 hie
2682 3327 2982 3407 tangitur.
3014 3327 3386 3391 Offerebant
3410 3341 3623 3395 autem

493 3436 704 3495 circa
733 3452 904 3501 eum,
923 3450 1300 3509 omnemque
1320 3432 1640 3505 populum
1663 3436 1847 3489 terroe
1871 3448 2026 3505 yau-
2135 3424 2462 3507 praepositi
2512 3424 2607 3485 illi
2656 3425 2777 3487 sub
2826 3424 3145 3503 manibuS,
3181 3426 3245 3489 id
3288 3437 3385 3491 est
3433 3429 3626 3493 simul

495 3536 784 3594 dentem
817 3538 1013 3609 atque
1047 3532 1449 3605 clanyentem
1494 3528 1690 3596 tubis,
1720 3534 1779 3585 et
1811 3528 2030 3586 diver-
2138 3542 2253 3604 per
2291 3522 2647 3585 ministeria
2690 3524 3088 3587 sacerdotum
3124 3544 3199 3588 ac
3237 3526 3624 3591 Levitarum.

497 3632 580 3693 si
618 3630 876 3706 qeneris
907 3628 1174 3704 oryanis
1204 3628 1663 3691 concinentem,
1692 3644 2028 3703 vocemque
2057 3658 2068 3675 ·
2141 3622 2484 3684 Constituit
2525 3642 2775 3700 quoque
2790 3624 3117 3699 janitores
3158 3626 3231 3685 in
3266 3629 3479 3701 portis
3520 3630 3631 3687 do-

507 3728 983 3795 laudantium,
1001 3726 1195 3785 scidit
1223 3724 1600 3783 vestimenta
1629 3743 1776 3791 sua,
1803 3731 1862 3781 et
1891 3723 2027 3782 ait:
2139 3741 2282 3782 mus
2308 3723 2603 3791 Domini,
2622 3730 2693 3781 ut
2722 3742 2853 3783 non
2882 3725 3329 3799 inqrederetur
3355 3746 3496 3786 eam
3516 3728 3633 3787 im-

501 3827 832 3895 Insidioe,
869 3824 1155 3885 insidiae.
1188 3824 1502 3898 Eyressus
1540 3828 1756 3880 autem
1790 3821 2028 3881 Joiada
2139 3824 2425 3882 mundus
2472 3822 2547 3881 in
2597 3824 2777 3882 omni
2816 3844 2905 3883 re.
2956 3824 3447 3902 Assumpsitque
3491 3846 3633 3887 cen-

493 3925 832 4005 pontifeoe
855 3926 947 3983 ad
971 3922 1374 3981 centuriones
1400 3928 1459 3978 et
1487 3920 1824 3997 principes
1851 3939 2030 3978 eoeer-
2141 3921 2425 3981 turiones
2464 3928 2523 3978 et
2565 3919 2948 3997 fortissimos
2978 3923 3171 3989 viros,
3194 3941 3271 3981 ac
3297 3924 3633 4000 principes

503 4025 725 4093 citu-3,
749 4022 928 4082 dixit
954 4022 1047 4080 eis
1074 4039 1098 4079 .·
1128 4020 1405 4081 Educite
1431 4018 1622 4077 illam
1640 4025 1825 4076 extra
1851 4024 2029 4093 septa
2132 4019 2395 4095 populi,
2422 4026 2480 4076 et
2509 4037 2693 4077 omne
2735 4020 2969 4094 vulqus
2999 4026 3207 4088 terroe,
3241 4027 3299 4077 et
3338 4021 3631 4096 fecerunt

508 4122 785 4201 templi,
816 4128 878 4179 et
913 4118 1356 4195 interficiatur
1390 4116 1558 4192 foris
1586 4116 1832 4191 yladiO.
1851 4117 2032 4175 Proe-
2139 4117 2512 4175 descendere
2559 4135 2766 4192 reyem
2800 4117 2879 4175 de
2916 4119 3100 4176 domo
3127 4118 3419 4187 Domini,
3448 4124 3505 4176 et
3534 4118 3635 4179 in-

504 4222 823 4299 cepitque
847 4219 1166 4287 sacerdos,
1190 4234 1273 4277 ne
1299 4214 1693 4275 occideretur
1735 4213 1808 4273 in
1843 4214 2028 4273 domo
2064 4213 2114 4275 D
2144 4215 2341 4272 troire
2378 4233 2499 4292 per
2548 4215 2835 4275 medium
2880 4223 3087 4291 portoe
3131 4216 3512 4293 superioris,
3557 4216 3633 4277 in

505 4318 824 4382 Domini.
870 4318 958 4379 Et
1003 4316 1454 4393 imposuerunt
1491 4310 1846 4371 cervicibus
1889 4310 2030 4387 ejus
2141 4312 2406 4371 domum
2426 4313 2692 4388 reqis,et
2719 4314 3189 4373 collocaverunt
3208 4332 3355 4373 eum
3375 4314 3448 4374 in
3474 4314 3631 4373 solio

507 4434 790 4477 manus.
827 4416 1167 4491 Quumque
1211 4414 1510 4471 intrasset
1543 4417 1807 4489 portam
1845 4426 2032 4487 equo·
2139 4411 2371 4486 reyali.
2404 4412 2815 4489 Loetatusque
2854 4418 2944 4470 est
2982 4413 3191 4471 omnis
3213 4415 3493 4490 populus
3522 4420 3635 4471 ter·

505 4534 682 4579 rum
709 4516 942 4575 domus
965 4512 1164 4588 reyis,
1187 4510 1650 4585 interfecerunt
1676 4527 1822 4567 eam
1848 4508 1962 4568 ibi.
2139 4526 2259 4578 roe,
2284 4517 2344 4568 et
2384 4510 2535 4569 urbs
2580 4510 2849 4588 quievit.
2878 4511 3086 4571 Porro
3112 4510 3387 4571 Athalia
3434 4512 3636 4572 inter-

619 4612 892 4691 Pepiqit
943 4617 1159 4671 autem
1206 4608 1442 4667 Joiada
1486 4606 1698 4683 foedus
1749 4606 1922 4667 inter
1966 4626 2031 4665 se
2139 4606 2311 4682 fecta
2338 4615 2427 4667 est
2446 4608 2693 4684 yladiO.
