4309 6259
862 441 979 505 138

1327 462 1672 509 ENARRATIO
1715 463 1777 508 ΙΝ
1818 464 1955 509 CAP.
2002 463 2067 509 lx
2109 463 2270 510 unm
2307 463 2478 510 Pffllss
2517 464 3045 512 Pauaul‘onmofl.
3089 486 3172 497 —-
3211 467 3356 513 Am.
3399 465 3464 511 11

857 630 968 694 illa
996 634 1322 696 dumtaxat
1340 633 1407 695 in
1440 633 1603 696 libro
1624 635 1861 714 Regum
1883 635 2202 718 descripta
2221 643 2337 698 est.
2371 632 2423 695 A
2451 637 2620 699 versi
2651 646 2821 714 sunt,
2846 646 2909 701 et
2935 639 3196 720 quidam
3216 658 3293 702 ex
3313 638 3468 720 ipsis
3499 639 3567 700 in
3584 636 3930 700 Jerusalem
3989 656 4196 700 iasar...-

854 729 976 793 Sed
1021 731 1215 812 objici
1266 740 1495 814 potest,
1528 733 1698 814 quod
1748 733 1813 795 in
1865 733 1975 796 illa
2021 753 2151 797 non
2201 733 2341 799 fue-

853 839 1003 891 runt
1042 830 1357 892 numerati
1405 829 1530 893 filii
1568 831 1717 896 Levi
1759 851 1831 895 ac
1860 833 2212 914 Benjamin.
2248 835 2337 896 Ad

851 930 1020 1010 quod
1054 929 1290 1010 poterit
1309 931 1703 1012 responderi,
1727 933 1895 1012 quod
1929 932 2194 1014 praefata
2214 933 2344 996 sint

852 1044 965 1108 per
995 1027 1434 1107 synecdochen
1466 1027 1856 1110 accipienda.
1890 1029 2342 1093 Verumtamen

854 1123 1074 1186 Glossa
1131 1125 1557 1188 interlinearis
1608 1127 1787 1204 dicit,
1839 1128 2008 1191 istud
2069 1129 2342 1209 intelligi

856 1241 1043 1304 posse
1070 1224 1149 1286 de
1180 1225 1621 1290 numeratione
1652 1221 1819 1290 facta
1848 1245 1960 1309 per
1990 1227 2208 1305 David,
2243 1228 2342 1291 vel

856 1340 972 1404 per
1011 1321 1433 1400 Salomonem,
1467 1324 1567 1388 vel
1613 1344 1725 1407 per
1767 1326 2118 1407 quemlibet
2146 1326 2342 1389 alium

862 1437 1096 1500 regem.
1132 1420 1307 1484 Unde
1336 1429 1399 1484 et
1434 1421 1646 1501 glossa
1686 1423 2011 1502 Hebraica,
2046 1434 2117 1487 ut
2152 1424 2348 1488 refert

859 1520 1041 1600 Lyra,
1097 1519 1199 1582 hic
1248 1520 1425 1597 dicit,
1477 1523 1649 1602 quod
1699 1521 1861 1585 liber
1908 1522 2049 1600 iste,
2102 1523 2169 1585 in
2217 1543 2346 1605 quo

864 1617 1115 1699 scriptae
1145 1627 1294 1680 sunt
1330 1619 1717 1701 genealogiae
1749 1621 1975 1684 horum
2011 1622 2216 1704 plenae
2245 1642 2348 1684 us-

860 1735 985 1797 que
1034 1717 1113 1778 ad
1160 1716 1447 1795 minima,
1500 1737 1629 1782 non
1677 1719 1968 1798 habetur,
2014 1721 2180 1784 sicut
2233 1741 2347 1784 nec

2451 737 2832 799 commorari
2853 747 3206 820 coeperunt.
3231 738 3378 801 Erat
3398 745 3607 800 autem
3639 745 3787 799 tunc
3809 756 3936 798 ma·
3959 719 4198 762 ”EQW

2449 834 2546 915 gis
2577 835 3028 914 necessarium,
3048 838 3221 919 quod
3241 837 3394 898 urbs
3417 836 3528 898 illa
3550 835 3702 898 satis
3731 854 3935 918 popu—

2452 933 2710 1010 laretur,
2743 943 2808 998 et
2837 933 3241 998 sufficienter
3272 935 3752 1012 inhabitaretur,
3783 953 3936 1016 quo-

2451 1031 2624 1095 niam
2655 1040 2790 1096 erat
2817 1034 3137 1115 praecipua
3165 1042 3229 1097 et
3259 1033 3628 1116 metropolis
3658 1033 3849 1112 regni,
3869 1041 3936 1096 et

2454 1131 2762 1214 templum
2815 1140 2951 1194 erat
2993 1132 3058 1193 in
3103 1151 3198 1195 ea.
3231 1133 3576 1214 Pluresque
3617 1151 3694 1194 ex
3733 1131 3937 1210 genti·
3993 1148 4200 1191 issem«.

2453 1232 2590 1308 buS,
2644 1231 2996 1313 praesertim
3058 1232 3404 1308 Samaritae,
3454 1232 3535 1294 de
3581 1230 3818 1313 quibus
3867 1231 3934 1293 in
3965 1210 4200 1318 ἓῶῥῗξξ

2454 1331 2652 1393 Esdra
2691 1331 2982 1409 habetur,
3017 1332 3157 1413 ejus
3195 1351 3271 1395 ac
3311 1331 3534 1414 templi
3572 1329 3940 1394 aedificatio-
3967 1339 4010 1384 8·
4033 1337 4180 1384 ¹²²¹*-

2455 1446 2604 1490 nem
2637 1428 2946 1511 impedire
2991 1449 3064 1492 ac
3103 1428 3396 1493 demoliri
3432 1427 3818 1504 nitebantur,
3852 1428 3944 1489 ita

2455 1527 2626 1609 quod
2657 1527 2876 1610 praelia
2906 1528 3327 1591 imminebant
3359 1527 3611 1591 assidue
3639 1526 3944 1590 habitato-

2457 1625 2634 1689 ribus
2653 1627 3022 1690 Jerusalem.
3045 1627 3305 1709 Propter
3325 1627 3495 1707 quod
3515 1624 3942 1707 periculosum

2457 1734 2593 1788 erat
2631 1725 3011 1788 commorari
3060 1725 3126 1787 in
3155 1744 3250 1788 ea.
3281 1724 3440 1788 Hinc
3480 1724 3594 1805 qui
3639 1742 3717 1786 ex
3756 1725 3947 1787 devo—

862 1815 1025 1878 liber
1054 1815 1229 1878 Ahiae
1259 1815 1567 1895 Silonitis,
1593 1838 1709 1882 nec
1741 1819 1903 1882 liber
1921 1820 2099 1883 Addo
2130 1821 2350 1885 viden-
2386 1823 2431 1884 B
2459 1825 2656 1901 tione,
2691 1831 2753 1887 et
2783 1833 3013 1906 sponte
3043 1843 3110 1886 se
3152 1823 3524 1886 obtulerunt
3562 1823 3640 1884 ad
3689 1841 3950 1884 manen-

864 1914 972 1990 tis,
1018 1923 1081 1978 et
1128 1915 1343 1996 plures
1386 1917 1496 1978 alii
1542 1917 1688 1980 libri
1733 1919 1846 2000 qui
1894 1919 1961 1981 in
2006 1919 2350 2001 Scripturis

868 2013 1245 2095 allegantur,
1300 2035 1417 2078 nec
1476 2025 1685 2079 tamen
1746 2027 2109 2101 supersunt.
2162 2020 2352 2083 Porro

872 2112 1041 2176 infra
1070 2115 1349 2177 secundo
1393 2113 1557 2178 libro
1596 2125 1910 2193 narratur,
1942 2118 2220 2199 qualiter
2254 2119 2355 2182 Jo-

590 2226 841 2279 npamvn.
872 2212 1095 2294 saphat
1124 2232 1234 2275 rex
1263 2213 1556 2276 habuerit
1587 2214 1911 2295 principes
1950 2215 2259 2298 quinque,
2293 2225 2356 2280 et

581 2292 719 2333 ¹⁴⁴⁸·
869 2320 1028 2394 quot
1057 2310 1179 2374 viri
1220 2310 1339 2372 sub
1370 2329 1756 2393 unoquoque
1800 2311 2058 2375 illorum
2100 2315 2356 2378 exstite—

871 2409 1020 2472 rint.
1054 2413 1505 2489 Translatique
1531 2413 1778 2471 suntin
1796 2413 2192 2490 Babylonem
2211 2434 2356 2491 pro-

862 2519 1007 2584 pter
1037 2511 1347 2568 delictum
1374 2529 1567 2569 suum
1588 2530 1610 2568 .·
1644 2527 1772 2572 non
1814 2511 1986 2591 quod
2017 2511 2356 2576 universus

865 2606 1076 2682 lsrael,
1112 2626 1224 2669 seu
1260 2606 1595 2669 duodecim
1627 2607 1853 2686 tribus,
1876 2609 1942 2670 in
1970 2608 2354 2692 Babylonem

867 2704 1213 2767 translatus
1244 2705 1347 2782 sit,
1384 2707 1492 2769 sed
1537 2707 1811 2789 populus
1842 2708 2020 2789 regni
2048 2709 2209 2772 Juda
2238 2730 2354 2792 pro

866 2803 1143 2866 maxima
1172 2811 1373 2886 parte,
1399 2814 1657 2887 propter
1678 2805 1879 2869 multa
1898 2807 2356 2871 abominabilia

869 2903 1139 2965 crimina
1170 2922 1305 2965 sua.
1341 2903 1427 2966 De
1460 2903 1874 2968 translatione
1904 2925 2054 2969 vero
2085 2907 2353 2969 aliarum

2463 1923 2614 1985 dum
2675 1921 2741 1983 in
2801 1941 2896 1998 ea,
2959 1921 3322 2004 specialiter
3381 1920 3822 1997 laudabantur,
3873 1939 3948 1982 ac

2463 2020 3004 2085 benedicebantur
3055 2040 3093 2082 a
3139 2020 3377 2102 populo
3413 2043 3429 2094 3
3477 2027 3540 2082 et
3581 2037 3711 2082 non
3759 2017 3951 2080 suffi-

2463 2119 2780 2183 cientibus
2811 2119 2964 2195 illis,
2990 2118 3200 2181 missae
3229 2127 3380 2180 sunt
3399 2126 3622 2193 sorteS,
3645 2117 3722 2180 ad
3745 2116 3952 2180 scien-

2462 2220 2611 2282 dum
2644 2217 2756 2300 qui
2789 2238 2866 2281 ex
2894 2225 3026 2282 toto
3048 2217 3284 2300 populo
3314 2223 3858 2280 commorarentur
3879 2216 3950 2278 in

2463 2317 2622 2380 urbe
2651 2317 2782 2393 illa,
2819 2325 2889 2378 ut
2917 2316 3253 2379 Nehemias
3285 2315 3530 2378 recitat.

2543 2414 2617 2478 Hi
2649 2433 2796 2496 ergo
2829 2434 3000 2478 nunc
3030 2413 3471 2496 exprimuntur
3499 2421 3562 2477 et
3580 2413 3952 2476 describun-

2464 2524 2566 2577 tur
2593 2534 2739 2577 cum
2773 2514 2904 2576 suis
2933 2512 3344 2593 genealogiis.
3373 2515 3556 2574 othei
3581 2513 3766 2589 filius
3791 2515 3954 2573 Am-

2465 2614 2676 2682 miud,
2705 2614 2840 2690 filii
2868 2613 3087 2682 Amri,
3109 2612 3243 2688 filii
3264 2611 3511 2682 Omrai,
3541 2612 3676 2687 filii
3702 2612 3949 2670 Bonni.

2463 2713 2556 2771 De
2581 2713 2747 2786 filiis
2772 2713 3018 2772 Plcares
3054 2711 3189 2786 filii
3217 2710 3416 2780 Iuda,
3453 2717 3514 2768 et
3555 2710 3633 2767 de
3675 2709 3900 2769 Siloni
3929 2728 3954 2768 .·

2463 2811 2666 2869 Asaia
2689 2809 3190 2886 primoyem‘tus,
3219 2816 3280 2867 et
3308 2809 3444 2884 filii
3468 2807 3630 2884 ejus.
3664 2809 3758 2867 De
3787 2807 3955 2882 filiis

3993 2333 4027 2378 ΙΙ
4041 2331 4152 2375 fflr.
4165 2344 4208 2372 xi.

3981 2401 4019 2444 ¹.
4032 2399 4070 2439 2.

2461 2917 2678 2968 autem
2710 2911 2926 2968 Zara:
2953 2907 3181 2967 Jelzuel
3207 2915 3268 2966 et
3287 2908 3525 2985 fratres
3553 2924 3800 2974 eorum,
3819 2925 3956 2964 sea>-

587 3905 815 3956 :meme

868 3001 1172 3080 tribuum,
1210 3020 1320 3064 seu
1351 3002 1529 3081 regni
1565 3003 1776 3081 lsrael,
1812 3004 1877 3066 in
1908 3012 2138 3067 terram
2169 3005 2356 3088 Assy·
2388 3004 2432 3068 C
2462 3008 2633 3066 cenci
2688 3006 3069 3081 nonaqinta.
3123 3007 3332 3066 Porro
3375 3007 3455 3064 de
3508 3004 3673 3080 filiis
3716 3005 3957 3080 Benja-

871 3101 1133 3179 riorum,
1170 3121 1363 3183 supra
1388 3101 1517 3182 jam
1548 3101 1789 3164 dictum
1819 3112 1936 3166 est.
2466 3105 2605 3164 min
2640 3125 2663 3163 .·
2703 3106 2860 3166 Salo
2907 3105 3089 3180 filius
3137 3105 3495 3174 Mosellam,
3536 3103 3672 3179 filii
3713 3104 3958 3170 Oduia,

954 3202 1083 3270 Qui
1122 3210 1338 3261 autem
1377 3203 1833 3262 habitaverunt
1862 3204 2075 3279 primi
2104 3205 2178 3264 in
2213 3223 2359 3281 pos·
2465 3203 2600 3280 filii
2629 3206 2852 3263 Asana
2867 3225 2895 3273 ,·
2918 3211 2979 3261 et
3006 3203 3282 3262 Jobania
3309 3203 3492 3277 filius
3520 3201 3863 3272 Jeroham,-
3897 3209 3959 3262 et

871 3301 1251 3360 sessionibus
1278 3309 1337 3359 et
1363 3301 1436 3359 in
1468 3302 1731 3360 urbibus
1758 3302 1921 3371 suis,
1943 3301 2061 3364 hoc
2092 3311 2208 3379 est,
2245 3302 2358 3383 qui
2469 3304 2636 3362 Heca
2677 3300 2862 3377 filius
2907 3301 3049 3369 Ozi,
3093 3300 3228 3376 filii
3257 3299 3550 3358 Mochori
3565 3321 3593 3369 ,·
3619 3308 3680 3358 ec
3729 3301 3962 3359 Mosel-

876 3405 1019 3480 post
1049 3397 1321 3459 reditum
1353 3417 1390 3459 a
1420 3397 1799 3479 Babylonica
1818 3399 2210 3481 captivitate,
2233 3421 2363 3462 rur·
2471 3403 2604 3459 lam
2661 3399 2845 3476 filius
2892 3399 3249 3476 Sapkatioe,
3300 3398 3437 3472 filii
3491 3398 3771 3467 Rahuel,
3821 3398 3964 3473 filii

878 3516 985 3558 sus
1041 3504 1374 3576 coeperunt
1430 3496 1637 3577 primo
1687 3497 2044 3560 inhabitare
2091 3498 2363 3580 pristina
2468 3498 2780 3565 lebanioe,
2821 3505 2880 3555 ec
2921 3497 3162 3575 fratres
3207 3515 3453 3565 eorum,
3493 3513 3616 3570 per
3659 3495 3965 3572 familias

882 3594 1021 3657 loca
1050 3602 1114 3656 et
1142 3593 1397 3675 oppida,
1426 3593 1453 3654 s
1456 3602 1685 3658 uerunt
1714 3599 1981 3666 :Im-ael,
2012 3597 2077 3658 id
2107 3605 2204 3660 est
2231 3597 2367 3678 qui·
2469 3616 2646 3665 suas,
2686 3595 2994 3671 nonyenti
3031 3594 3516 3672 quinquaqinta
3557 3612 3690 3654 seoe.
3733 3597 3963 3654 Omnes

888 3693 1033 3754 dam
1074 3691 1153 3754 de
1199 3691 1386 3774 plebe
1431 3693 1776 3769 communi,
1810 3704 1869 3754 ec
1904 3697 2278 3766 sacerdotes,
2307 3706 2365 3756 et
2475 3695 2548 3752 hi
2582 3695 2914 3771 principes
2956 3694 3414 3769 coqnationum
3431 3711 3553 3768 per
3594 3695 3808 3752 domos
3843 3709 3964 3767 pa·

882 3793 1151 3872 Levi-tce,
1193 3801 1253 3852 et
1284 3793 1648 3862 Natkinoei,
1679 3791 1799 3854 hoc
1841 3800 1937 3854 est
1981 3793 2218 3874 posteri
2260 3792 2368 3856 Ga·
2479 3802 2652 3852 trum
2669 3811 2957 3851 suorum.
2981 3789 3098 3863 Qui
3129 3789 3320 3852 etiam
3357 3789 3420 3850 in
3451 3789 3729 3851 seeundo
3747 3787 3964 3852 Esdrae

818 3905 854 3945 ⁷.
883 3889 1308 3965 baonitarum,
1341 3889 1454 3970 qui
1483 3909 1520 3951 a
1551 3897 1835 3971 tempore
1862 3889 2051 3952 Josue
2076 3890 2367 3954 conversi
2477 3888 2642 3951 libro
2673 3887 3018 3970 conscripti
3065 3895 3236 3964 sunt,
3271 3888 3383 3950 sed
3413 3885 3720 3950 vocabula
3762 3885 3868 3949 hic
3899 3895 3964 3950 et
3997 3905 4214 3951 mas-,n

887 3985 1145 4072 fuerunt
1192 3988 1270 4051 ad
1316 3986 1733 4064 Judaismum,
1787 3995 2372 4068 comportaverunt·
2479 3987 2568 4049 ibi
2597 3986 3026 4049 diversimode
3055 3985 3404 4063 variantur,
3439 4003 3515 4048 eo
3557 3985 3727 4066 quod
3759 3982 3962 4066 aliqui

882 4106 1008 4168 que
1039 4106 1267 4169 aquam
1314 4095 1377 4149 et
1407 4086 1579 4165 ligna
1625 4085 1689 4147 in
1733 4087 1991 4149 domum
2024 4087 2157 4150 Dei.
2196 4089 2372 4149 Com-
2477 4085 2581 4148 bic
2611 4085 3044 4161 nominentur,
3079 4084 3190 4165 qui
3224 4082 3313 4145 ibi
3347 4101 3474 4146 non
3506 4082 3961 4146 nominantur:

886 4188 1122 4249 morati
1150 4195 1302 4245 sunt
1332 4186 1407 4245 in
1431 4189 1788 4246 Jerusalem
1831 4193 1975 4267 post
2016 4185 2290 4248 reditum
2335 4206 2371 4249 a
2399 4193 2448 4255 D
2479 4184 2578 4248 vel
2609 4183 2762 4264 quia
2804 4183 3024 4245 eadem
3063 4200 3333 4264 persona
3376 4181 3559 4263 plura
3588 4180 3812 4242 habuit
3854 4199 3969 4244 no-

768 4279 775 4284 ’
886 4284 1197 4360 Chaldaea,
1232 4282 1491 4364 quidam
1515 4285 1595 4342 de
1612 4284 1777 4358 fili-is
1793 4286 2075 4353 Juda,et
2102 4287 2181 4344 de
2207 4287 2372 4361 filiis
2480 4283 2676 4360 mina,
2710 4281 2810 4346 vel
2846 4279 3147 4362 quoniam
3193 4279 3362 4342 idem
3405 4297 3638 4342 nomen
3682 4278 3969 4360 quando-

633 4501 754 4546 ma.
788 4515 856 4552 xv,
891 4481 1003 4543 illa
1047 4478 1425 4562 pertinebat.
1460 4483 1555 4541 De
1582 4481 1746 4557 filiis
1774 4500 2021 4559 quoque
2048 4483 2373 4556 Ephraim

594 4567 660 4615 63;
673 4567 815 4614 xviim

611 4699 667 4743 lv
676 4699 815 4754 Reos

596 4765 661 4813 2⁹3
677 4765 813 4814 xviim

626 5091 745 5136 loia.
765 5105 818 5134 xx

600 5156 666 5198 11.

886 4384 1243 4460 Benjamin
1268 4402 1290 4440 .·
1324 4381 1478 4462 quia
1508 4381 1585 4443 ad
1618 4380 1730 4442 has
1770 4381 1926 4443 duas
1969 4381 2172 4444 tribus
2219 4382 2371 4445 urbs
2479 4401 2606 4463 que
2635 4380 2916 4443 variatur
2949 4379 3014 4441 in
3047 4377 3365 4461 principio
3397 4377 3498 4442 vel
3530 4377 3598 4438 in
3631 4376 3785 4440 fine.

2559 4483 2655 4541 De
2676 4481 3105 4540 sacerdotibus
3125 4484 3340 4539 autem
3361 4497 3383 4537 :
3402 4478 3662 4545 ledaz‘a,
3690 4477 3969 4546 Joiarib,

2480 4589 2539 4640 et
2576 4579 2814 4639 Jachin
2833 4601 2861 4649 ,·
2891 4579 3174 4638 Azarias
3203 4596 3450 4656 quoque
3489 4577 3672 4652 filius
3703 4576 3970 4644 Hele-ite,

2480 4678 2617 4755 ficii
2649 4678 3008 4747 Mos-ollam,
3030 4677 3166 4752 ficit·
3195 4677 3431 4743 Sados,
3447 4674 3582 4750 filii
3609 4672 3969 4741 Maraiotk,

2479 4777 2615 4854 filii
2642 4776 2935 4846 sicilicet),
2963 4775 3266 4851 pontifeoe
3307 4775 3534 4832 domus
3565 4773 3706 4832 Dei.
3742 4769 3973 4832 Secun-

2483 4874 2634 4935 dum
2685 4871 2992 4948 Glossam,
3034 4871 3155 4933 iste
3204 4869 3328 4932 fuit
3376 4868 3644 4944 HeleiaS,
3689 4867 3800 4949 qui
3849 4867 3970 4930 sub

890 4993 1021 5055 que
1055 4972 1467 5055 temporibm,
1503 4981 1567 5036 et
1617 4973 1802 5035 multi
1835 4993 1911 5035 ex
1949 4971 2077 5033 illis
2118 4972 2377 5034 suerunt
2480 4969 2650 5034 Josia
2679 4987 2826 5049 rege
2857 4969 3103 5032 invenit
3134 4969 3369 5030 librum
3403 4967 3561 5049 legis
3591 4967 3658 5029 in
3703 4965 3965 5047 temp10,
3995 4987 4219 5041 witam.

821 5107 861 5145 v,
892 5091 1037 5134 cum
1067 5072 1305 5154 populo
1334 5073 1493 5134 Juda
1522 5071 1590 5133 in
1620 5071 2000 5154 Babylonem
2032 5070 2321 5132 translati
2356 5089 2371 5132 ε
2483 5077 2554 5132 ut
2583 5077 2810 5150 quarto
2839 5068 3078 5148 Regum
3101 5067 3390 5144 habetur,
3415 5075 3476 5130 et
3505 5065 3740 5128 dicitur
3767 5063 3968 5127 fuisse
3993 5058 4034 5096 ⁸·

893 5171 1004 5252 qui
1034 5170 1306 5234 evolutis
1338 5169 1739 5252 septuaginta
1776 5171 1985 5246 anniS,
2014 5169 2079 5230 in
2121 5168 2380 5251 propria
2487 5175 2666 5250 pater
2692 5166 2979 5229 Jeremiae
3008 5165 3356 5248 prophetae.
3391 5168 3596 5228 Porro
3625 5165 3970 5241 Adaiasfi-
4017 5181 4190 5230 amm.

895 5287 1189 5351 persona,
1222 5269 1323 5334 vel
1359 5268 1426 5332 in
1470 5267 1689 5332 sobole
1731 5287 1846 5330 sua
1874 5268 1954 5330 ad
1977 5267 2256 5332 Judaeam
2285 5285 2380 5332 re-
2491 5268 2620 5328 lius
2637 5269 2968 5336 Jerokam,
2983 5267 3118 5344 filii
3145 5265 3459 5342 Phassur,
3481 5265 3616 5342 filii
3645 5262 3974 5334 mcc-hiae,-

818 4565 858 4605 3·
890 4591 950 4641 et
981 4583 1301 4641 Manasse.

820 4713 861 4752 v,
970 4677 1231 4752 Quando
1251 4676 1467 4739 decem
1502 4675 1703 4737 tribus
1727 4675 2287 4751 transferebantur,
2311 4685 2375 4740 et

825 4765 859 4806 ¹·
890 4785 1037 4840 ante
1066 4765 1139 4838 ac
1172 4783 1392 4857 postea
1419 4775 1602 4837 multi
1637 4793 1713 4837 ex
1742 4774 2034 4837 tribubus
2066 4775 2195 4838 illis
2226 4795 2376 4839 con-

892 4873 1200 4956 fugerunt
1219 4875 1296 4936 ad
1320 4892 1582 4954 regnum
1606 4874 1765 4936 Juda
1785 4873 1904 4936 sub
1924 4873 2192 4938 Ezechia
2210 4874 2376 4936 aliis-
