4309 6259
817 413 937 476 696
1596 431 1943 481 εκᾼιιιιᾼτιο
1988 432 2050 478 m
2092 431 2231 478 ω.
2277 430 2491 478 xxxvu
2531 431 2657 477 1013.
2703 449 2782 460 —
2823 429 2966 477 mr.
3013 430 3129 478 mxv

818 601 971 684 psit,
1004 621 1175 665 nunc
1224 601 1435 684 ipsum
1482 602 1621 680 Job,
1661 621 1833 666 nune
1876 602 2015 684 ejus
2064 601 2304 666 amieos
2333 602 2386 664 Α
2416 602 2776 684 sumptione
2795 620 2972 665 more
2991 600 3526 666 contentiosorum
3545 601 3756 683 aliqua
3771 621 3900 666 ver-

820 700 1205 780 redarguens
1250 718 1264 762 ε
1308 699 1376 762 in
1425 719 1553 782 quo
1601 701 1793 764 etiam
1842 719 1955 782 per
2003 719 2308 783 praesum-
2418 701 2500 764 ba
2547 700 2852 783 imposuit
2895 699 3033 776 Job,
3065 719 3206 781 quae
3247 717 3374 761 non
3412 698 3594 777 dixit,
3626 699 3724 763 vel
3756 718 3896 781 quae

820 797 1103 880 ptionem
1146 799 1435 862 excessit.
2417 799 2602 862 aliter
2631 799 2810 875 dixit,
2847 807 2912 861 et
2949 801 3152 862 multe
3189 798 3532 881 opprobria
3567 797 3796 861 effudit
3830 798 3894 860 in

898 898 1111 975 Porro,
1145 898 1495 960 secundum
1528 898 1855 976 Thomam,
1889 897 2005 962 Job
2045 917 2176 961 non
2219 917 2310 962 ro-
2417 915 2566 960 eum
2600 916 2614 961 :
2654 897 2816 975 ideo,
2867 905 2938 959 ut
2981 916 3020 959 a
3065 895 3578 960 contentionibus
3625 897 3900 959 abstine-

820 997 1090 1077 spondet
1138 995 1263 1078 ipsi
1311 996 1453 1059 Eliu
1491 997 1687 1078 :quia
1730 997 1798 1058 in
1842 996 2310 1080 principalibus
2418 1003 2536 1072 ret,
2569 994 2796 1058 maluit
2833 1013 2963 1058 non
3002 995 3404 1077 respondere,
3437 995 3780 1058 seeundum
3825 994 3900 1056 il-

820 1093 1024 1174 magis
1082 1113 1299 1157 seeum
1355 1096 1717 1172 concordat,
1770 1113 1962 1176 quam
2018 1094 2128 1157 alii
2183 1102 2309 1158 tres
2420 1095 2530 1159 lud
2564 1093 2852 1176 Apostoli
2887 1093 3074 1157 :Noli
3110 1093 3321 1157 verbis
3361 1094 3774 1169 contendere3
3817 1093 3894 1156 ad
3961 1109 4202 1161 ure-..m

821 1191 1035 1268 amici,
1068 1193 1170 1256 vel
1211 1210 1405 1274 quam
1447 1211 1594 1256 oum
1632 1193 1776 1256 aliis
1816 1193 2021 1256 tribus
2057 1193 2306 1257 amicis.
2420 1193 2583 1257 nihil
2613 1193 2785 1256 enim
2821 1192 2976 1256 utile
3005 1202 3120 1270 est,
3159 1191 3285 1255 nisi
3313 1193 3394 1255 ad
3421 1192 3893 1256 subversionem
3928 1174 3993 1214 ¹⁴·

824 1289 1135 1368 Secundo,
1188 1291 1341 1372 quia
1386 1310 1464 1355 ex
1510 1291 1781 1373 juvenili
1829 1293 2105 1374 quadam
2153 1311 2312 1374 prae-
2420 1292 2839 1356 audientium.
