4309 6259
861 485 980 548 244

1230 501 1576 548 ENARRATIO
1617 501 1680 546 IN
1723 500 1859 546 cAP.
1906 500 2031 546 XXV
2072 498 2232 544 me
2276 496 2528 543 SECUNDI
2566 496 3097 544 PARALIPOMENON.
3141 517 3223 525 —
3261 498 3403 543 ΛΒΤ.
3447 496 3572 541 XXV

855 683 1109 735 centum
1130 676 1346 734 millia
1364 676 1792 742 robustorum,
1811 680 2065 757 centum
2088 670 2345 759 talentis
2373 663 2426 725 A
2455 670 2787 729 duxerunt
2814 672 2901 729 ad
2921 676 3331 748 proeruptum
3360 667 3702 744 cujusdam
3722 674 3950 742 petrae,

854 774 1132 850 argenti.

954 872 1134 931 Venit
1183 880 1400 930 autem
1447 872 1630 929 homo
1677 870 1801 930 Dei
1847 872 1934 929 ad
1983 871 2203 936 illum,
2234 866 2344 946 qui

855 977 990 1029 erat
1020 968 1348 1050 propheta,
1374 979 1432 1029 et
1463 970 1558 1027 ait
1581 986 1603 1028 .·
1629 970 1678 1028 O
1705 988 1846 1036 rex,
1868 988 1948 1025 ne
1976 967 2349 1043 eyrediatur

858 1074 1061 1127 tecum
1092 1068 1410 1126 emercitus
1449 1068 1680 1126 Israel.
1717 1068 1863 1127 Non
1906 1074 1992 1125 est
2021 1067 2191 1123 enim
2226 1066 2349 1123 Do-

857 1166 1075 1224 minus
1117 1185 1264 1224 cum
1290 1168 1497 1225 Israel
1541 1174 1598 1223 el
1638 1166 1885 1224 cunctis
1911 1166 2074 1240 filiis
2097 1166 2351 1241 Ephra-

857 1264 948 1321 im
966 1284 988 1321 .·
1003 1260 1154 1342 quia
1173 1261 1357 1323 idolis
1379 1261 1831 1337 serviebant‚-et
1851 1270 2102 1343 propter
2131 1279 2348 1323 eorum

857 1368 1113 1441 peccata
1140 1361 1298 1422 Deus
1320 1358 1734 1421 subtraxisset
1753 1358 2020 1420 Amasiae
2043 1356 2348 1420 auxilium

860 1477 1070 1533 suum,
1105 1476 1180 1519 eo
1219 1458 1393 1538 quod
1438 1458 1502 1519 in
1545 1457 1896 1520 idololatris
1941 1465 2108 1519 esset
2147 1454 2351 1517 confi-

859 1575 990 1617 sus,
1039 1556 1182 1618 Ideo
1233 1556 1528 1637 princeps
1567 1555 1952 1618 christianus
1993 1573 2120 1617 non
2163 1553 2351 1616 dehet

861 1653 927 1714 in
949 1654 1338 1734 adjutorium
1363 1674 1548 1716 suum
1570 1672 1911 1735 provocare
1932 1653 2221 1716 homines
2244 1672 2353 1733 pu-

860 1750 1028 1814 blice
1073 1751 1431 1815 scelerato&
1467 1755 1648 1821 Quod
1680 1754 1739 1811 si
1777 1761 1973 1831 putas
2021 1754 2091 1810 in
2133 1754 2351 1811 robore

2445 768 3148 845 proecipitaveruntque
3175 786 3272 827 eos
3304 770 3384 825 de
3400 785 3646 825 summo
3676 766 3747 824 in
3770 784 3953 842 proe·

2454 886 2615 942 ceps,
2635 868 2752 943 qui
2779 867 3071 925 universi
3088 874 3495 942 crepuerunt.
3516 868 3603 924 At
3634 865 3747 922 ille
3764 882 3951 921 exer-

2456 965 2623 1023 citus
2651 985 2837 1042 quem
2879 966 3215 1024 remiserat
3254 964 3579 1033 Amasias,
3612 983 3693 1022 ne
3730 982 3947 1021 secum.

2458 1066 2579 1121 iret
2608 1066 2695 1123 ad
2714 1064 3045 1140 proelium,
3070 1066 3347 1139 diffusus
3364 1071 3452 1122 est
3484 1063 3551 1121 in
3572 1061 3952 1121 civitatibus

2456 1162 2656 1229 Juda,
2685 1182 2725 1219 a
2763 1163 3071 1221 Samaria
3107 1182 3306 1239 usque
3334 1163 3421 1220 ad
3448 1162 3785 1221 Bethoron.
3816 1156 3951 1217 Pri-

2459 1277 2563 1320 mo
2598 1267 2828 1335 tamen,
2856 1266 2925 1319 ut
2952 1258 3193 1321 dictum
3224 1267 3340 1333 est,
3366 1257 3691 1319 redierunt
3720 1256 3785 1317 in
3806 1274 3954 1337 pro-

2460 1356 2620 1437 pria,
2640 1364 2703 1417 et
2738 1356 2868 1435 regi
2900 1375 3016 1418 suo
3048 1356 3505 1417 nuntiaverunt
3524 1353 3795 1435 qualiter
3816 1362 3955 1414 tan-

2460 1474 2649 1534 quam
2672 1454 2829 1519 viles
2850 1464 2912 1517 et
2934 1454 3279 1518 adversarii
3303 1454 3410 1516 Dei
3433 1453 3460 1515 ἰ
3467 1462 3693 1515 uerunt
3711 1452 3950 1532 abjecti

2459 1552 2540 1613 ab
2572 1552 2842 1614 Amasia.
2887 1554 3063 1615 Tunc
3098 1554 3177 1615 de
3211 1554 3376 1633 regis
3418 1552 3517 1613 sui
3558 1551 3811 1613 licentia
3852 1570 3955 1613 re-

2458 1650 2713 1713 dierunt
2742 1653 2818 1713 ad
2852 1652 3354 1734 impugnandum
3381 1651 3738 1713 Amasiam:
3772 1651 3951 1731 quod

2460 1749 2693 1811 dieitur
2743 1748 2984 1812 factum
3036 1759 3176 1832 post
3219 1751 3493 1813 reditum
3538 1748 3824 1811 Amasiae.
3858 1752 3952 1810 Et

861 1852 1177 1909 exercitus
1204 1852 1364 1909 bella
1399 1852 1753 1919 consistere,
1786 1849 1849 1911 id
1887 1858 1981 1911 est
2018 1848 2349 1911 victoriam
2385 1850 2431 1911 B
2464 1850 2817 1926 interfectis
2850 1852 3054 1909 tribus
3078 1852 3369 1911 millibus
3398 1850 3476 1911 de
3508 1848 3741 1930 populo
3759 1847 3944 1923 Juda‚

864 1948 1305 2030 principaliter
1332 1948 1688 2030 dependere
1728 1967 1804 2011 ex
1844 1948 2257 2010 multitudine
2289 1956 2351 2010 et

863 2046 1239 2109 fortitudine
1295 2046 1607 2128 corporali
1655 2047 2058 2121 bellatorum,
2111 2056 2173 2109 et
2220 2065 2347 2109 non

862 2145 1073 2227 potius
1105 2165 1182 2208 ex
1211 2146 1643 2208 moderamine
1672 2145 2088 2228 providentiae
2119 2145 2252 2221 Dei,
2288 2154 2351 2208 et

861 2243 1278 2325 dispositione
1324 2243 1558 2305 divinae
1603 2243 1888 2324 justitiae,
1935 2262 2078 2324 quae
2125 2262 2351 2307 secun—

861 2342 1012 2404 dum
1047 2342 1273 2403 merita
1300 2351 1491 2423 atque
1523 2341 1830 2403 demerita
1857 2341 2188 2404 hominum
2223 2342 2350 2403 dis-

861 2440 1042 2521 ponit
1078 2440 1282 2502 exitus
1318 2440 1704 2521 praeliorum,
1737 2442 2037 2518 superari
2067 2450 2124 2499 te
2149 2441 2347 2517 faciet

858 2540 1029 2599 Deus
1077 2541 1154 2597 ab
1202 2538 1505 2608 hostibus,
1552 2538 1846 2618 quamvis
1895 2537 2135 2619 paucis,
2178 2537 2345 2598 Talis

858 2654 1136 2716 namque
1174 2636 1394 2717 opinio
1421 2636 1756 2715 derogaret
1786 2635 1943 2697 fidei
1981 2645 2044 2698 et
2073 2635 2348 2717 Scriptu-

857 2733 966 2810 riS,
1002 2741 1065 2796 et
1092 2733 1512 2815 providentiae
1541 2734 1674 2796 Dei.
1705 2736 1828 2794 Dei
1857 2736 2096 2813 quippe
2122 2744 2212 2795 est
2241 2738 2348 2795 ad-

840 2833 1088 2909 juvare
1132 2832 1359 2912 justOS‚
1399 2840 1462 2893 et
1509 2850 1617 2893 eos
1667 2831 1901 2913 quihus
1950 2851 2028 2894 ex
2075 2832 2343 2894 occultis

855 2931 1064 2992 causis
1093 2930 1231 2995 vult
1260 2930 1474 3009 largiri
1499 2930 1914 3013 triumphum,
1935 2942 1993 2991 et
2015 2932 2084 2991 in
2114 2934 2346 3011 fugam

2458 1949 2743 2023 diripuit
2762 1952 3054 2025 praedam
3104 1968 3409 2026 maynam
3437 1948 3515 2009 de
3554 1948 3694 2029 ejus
3724 1956 3895 2008 terra
3928 1963 3943 2007 t

2460 2047 2629 2125 quod
2678 2047 2849 2126 justo
2899 2047 3007 2109 Dei
3058 2048 3300 2129 judicio
3349 2046 3627 2109 creditur
3676 2044 3943 2121 factum,

2457 2145 2759 2224 quoniam
2790 2146 3074 2208 Amasias
3104 2165 3179 2208 ex
3198 2146 3429 2209 collato
3459 2145 3583 2207 sibi
3618 2143 3949 2225 triumpho

2459 2242 2785 2306 intumuit.

2537 2344 2837 2403 Amasias
2868 2364 3013 2403 vero
3036 2352 3178 2420 post
3217 2346 3449 2404 coedem
3478 2346 3843 2405 Idumoeoru
3856 2363 3942 2414 m,

2456 2450 2514 2499 et
2560 2444 2789 2501 allatos
2828 2440 2950 2503 sibi
2988 2445 3133 2502 deos
3180 2444 3474 2519 filiorum
3515 2444 3689 2511 Seir,
3714 2444 3945 2501 statuit

2456 2540 2601 2597 illos
2630 2541 2757 2599 sibi
2802 2542 2873 2600 in
2911 2544 3084 2610 deos,
3114 2549 3172 2599 et
3199 2544 3507 2602 adorabat
3534 2560 3656 2612 eos,
3702 2550 3759 2599 et
3802 2543 3944 2601 illis

2454 2640 2741 2697 adolebat
2770 2640 3123 2700 incensum.
3162 2638 3343 2702 Circa
3371 2640 3540 2720 quod
3576 2638 3795 2702 scribit
3820 2639 3945 2720 Ly-

2456 2754 2523 2795 ra
2558 2752 2571 2796 :
2604 2736 2670 2797 In
2702 2736 2866 2799 libro
2896 2738 2975 2801 de
3003 2737 3327 2800 Hebraicis
3358 2737 3813 2818 quaestionihus
3843 2738 3944 2800 di-

2455 2832 2634 2908 citur,
2657 2836 2827 2914 quod
2848 2835 3269 2897 morientibus
3292 2835 3605 2917 victisque
3624 2836 3935 2912 IdumaeiS,

2458 2930 2626 2994 idola
2656 2934 3115 3013 responderunt
3146 2935 3447 2997 ldumaeos
3467 2935 3587 2997 hoc
3608 2933 3760 3017 pati,
3784 2936 3941 3016 quia

856 3040 1216 3091 convertere
1270 3029 1451 3091 alioS.
1510 3030 1670 3091 Deus
1729 3029 1900 3091 enim
1959 3030 2036 3091 ad
2086 3030 2341 3092 libitum
2382 3029 2425 3092 C
2460 3031 2849 3111 negligentes
2909 3031 3172 3095 suerunt
3220 3032 3287 3094 in
3326 3033 3733 3095 veneratione
3772 3033 3941 3115 ipso-

861 3146 1048 3188 suum
1095 3128 1286 3190 corda
1325 3127 1638 3206 immutat,
1673 3127 1838 3190 vires
1887 3127 2231 3205 confortat,
2282 3138 2346 3191 et

564 3251 827 3301 Pronum.
858 3226 1145 3289 animum
1169 3246 1573 3308 quocumque
1594 3227 1888 3303 voluerit,
1905 3229 2114 3304 vertit,
2133 3248 2347 3309 quem-

593 3348 657 3392 1..
675 3362 744 3399 η,
764 3350 827 3390 29.
858 3325 1199 3387 admodum
1225 3324 1417 3386 Isaias
1447 3324 1682 3386 fatetur
1707 3343 1718 3385 :
1743 3325 1861 3399 Qui
1889 3326 1996 3387 dat
2027 3326 2189 3390 lasso
2222 3328 2347 3391 vir-

859 3430 1080 3499 tutem,
1109 3430 1173 3485 et
1192 3422 1292 3483 his
1315 3422 1425 3504 qui
1456 3441 1583 3485 non
1615 3431 1785 3499 sunt,
1810 3423 2004 3486 robur
2033 3425 2347 3507 multipli-

857 3530 978 3584 cat.
1011 3524 1324 3601 Dixitque
1351 3524 1650 3583 Amasias
1693 3528 1780 3583 act
1821 3526 2141 3585 hominem
2171 3528 2292 3586 Dei
2320 3548 2342 3586 .·

859 3622 1032 3689 Quid
1077 3640 1223 3697 erqo
1269 3626 1380 3697 fiet
1425 3624 1504 3679 de
1560 3631 1814 3681 centum
1874 3625 2154 3692 talentis,
2202 3644 2343 3702 quoe

852 3720 1007 3778 dedi
1037 3720 1354 3778 militibus
1381 3722 1638 3779 Israel?
1667 3722 1750 3779 Et
1780 3723 2105 3797 respondit
2146 3724 2208 3779 ei
2246 3722 2346 3781 ho-

853 3837 955 3877 mo
983 3819 1107 3877 Dei
1136 3838 1159 3876 .·
1201 3819 1408 3877 Habet
1445 3820 1764 3877 Dominus
1803 3822 1975 3877 unde
2027 3819 2145 3878 tibi
2186 3822 2344 3879 dare

843 3918 1047 3993 possit
1076 3918 1276 3975 mutto
1308 3916 1410 3975 liis
1433 3919 1660 3993 ptura.

932 4016 1280 4091 Separavit
1299 4015 1519 4092 itaque
1533 4016 1834 4074 Amasias
1853 4016 2206 4075 exercitum
2228 4018 2343 4094 qui

842 4122 1113 4172 venerat
1139 4115 1227 4172 ad
1253 4132 1398 4171 eum
1427 4132 1508 4170 ea:
1539 4114 1884 4189 Ephraim,
1911 4121 1982 4172 ut
2011 4122 2344 4173 revertere-

2458 3149 2596 3190 rum
2620 3147 2633 3190 :
2655 3131 2824 3210 quod
2844 3130 3109 3193 audiens
3130 3132 3435 3207 AmasiaS,
3452 3131 3649 3194 coluit
3668 3150 3792 3194 eos,
3818 3131 3939 3194 Sed

2456 3227 2613 3309 Lyra
2634 3228 2752 3290 hoc
2782 3228 3097 3309 reprobat,
3116 3230 3334 3291 dicens
3361 3246 3373 3289 :
3401 3229 3583 3291 Nulla
3600 3230 3809 3310 glossa
3830 3230 3942 3292 He-

2455 3325 2667 3388 braica
2694 3325 2849 3387 dicit
2869 3327 3010 3403 hoc,
3037 3345 3153 3389 nec
3183 3327 3417 3409 aliquis
3439 3329 3759 3411 expositor
3780 3329 3941 3391 Lati-

2452 3444 2572 3485 nus
2604 3424 3028 3487 authenticus,
3063 3426 3511 3489 Verumtamen
3544 3427 3830 3507 Magister
3871 3430 3937 3491 in

2452 3522 2733 3584 historiis
2756 3524 2843 3585 ait
2866 3542 2877 3584 :
2898 3523 3177 3585 Amasias
3198 3524 3347 3587 deos
3368 3544 3527 3606 quos
3550 3526 3786 3599 tulerat,
3801 3528 3941 3590 ado-

2451 3622 2631 3697 ravit,
2656 3622 2807 3702 quia
2826 3622 3069 3684 audivit
3089 3640 3195 3684 eos
3216 3623 3340 3684 dan
3351 3632 3439 3686 tes
3461 3643 3775 3706 responsa,
3798 3626 3937 3689 ideo

2451 3720 2693 3801 perisse
2721 3720 3097 3783 Amalecitas
3128 3739 3237 3783 seu
3267 3720 3595 3799 IdumaeOS,
3636 3724 3935 3804 quoniam

2453 3819 2844 3899 negligentes
2876 3819 2903 3879 l'
2908 3828 3137 3881 uerunt
3168 3819 3234 3881 in
3265 3819 3441 3883 cultu
3483 3820 3790 3903 ipsorum.
3826 3824 3940 3886 De-

2452 3917 2648 3998 nique
2678 3917 2829 3979 satis
2858 3916 3165 3979 credibile
3213 3925 3329 3994 est,
3366 3919 3682 3981 daemones
3724 3920 3816 3984 sic
3848 3941 3941 3984 re-

2452 4016 2785 4098 spondisse
2818 4035 2929 4097 per
2969 4016 3157 4093 idola,
3193 4024 3326 4078 tum
3366 4018 3443 4079 ad
3473 4020 3781 4098 majorem
3813 4020 3940 4083 ido-

2453 4113 2820 4176 lolatrarum
2868 4113 3121 4176 illorum
3172 4115 3635 4197 deceptionem,
3678 4126 3811 4179 tum
3861 4119 3938 4180 ad

854 4218 964 4269 tur
1002 4212 1074 4269 in
1116 4214 1326 4269 locum
1366 4230 1580 4269 suum.
1613 4212 1700 4269 At
1741 4212 1873 4279 illi,
1915 4209 2158 4273 scilicet
2198 4231 2344 4275 cen·
2368 4210 2419 4274 D
2453 4212 2719 4274 Amasiae
2751 4212 3229 4276 subversionem
3270 4232 3283 4274 :
3320 4214 3427 4294 qui
3451 4215 3641 4277 etiam
3672 4236 3941 4299 perpen-

841 4315 989 4369 .tum
1019 4307 1223 4370 millia
1255 4307 1472 4370 decem
1503 4305 1810 4383 tribuum,
1851 4317 2072 4368 contra
2098 4313 2341 4371 ,Iudam

852 4408 1250 4465 veliementer
1303 4408 1485 4476 irati,
1539 4404 1692 4484 quia
1740 4405 2041 4468 videbant
2087 4426 2154 4468 se
2210 4416 2343 4470 tan-

851 4522 1043 4584 quam
1075 4502 1330 4583 iniquos
1367 4510 1428 4564 et
1457 4502 1699 4565 alienos
1732 4524 1769 4565 a
1798 4503 1923 4566 Deo
1968 4506 2215 4587 repelli,
2249 4528 2342 4566 re-

853 4603 1022 4661 versi
1050 4612 1202 4661 sunt
1231 4604 1303 4661 in
1333 4600 1658 4679 reqionem
1683 4623 1890 4675 suam,
1921 4604 2213 4666 mercede
2249 4604 2339 4666 eis

853 4698 1082 4761 collata
1111 4708 1356 4761 retenta
1387 4716 1400 4759 ε
1435 4699 1657 4780 sicque
1698 4700 1981 4762 Amasias
2021 4721 2167 4763 cum
2197 4722 2343 4784 pau·

855 4796 948 4858 cis
978 4796 1310 4877 praevaluit
1332 4798 1569 4879 populo
1601 4816 1851 4878 magno,
1886 4799 2188 4880 quoniam
2218 4819 2344 4863 cre-

855 4894 1019 4956 didit
1054 4904 1117 4957 et
1163 4896 1486 4975 acquievit
1529 4896 1874 4978 Prophetae.
1907 4902 2114 4959 Porro
2145 4903 2344 4959 Ama-

853 4995 984 5053 sias
1013 4996 1404 5068 confidenter
1437 4997 1666 5054 eduma
1689 5000 2002 5071 poputum
2033 5018 2254 5067 suum,
2285 5008 2343 5057 et

855 5092 1020 5150 abiit
1059 5092 1130 5150 in
1176 5094 1409 5152 vallem
1453 5095 1866 5163 Salinarum,
1905 5098 2345 5174 percussitque

851 5190 1024 5265 filios
1072 5191 1236 5260 Seir,
1270 5191 1478 5249 decem
1528 5192 1763 5250 millia.
1813 5194 1899 5250 Et
1947 5194 2086 5252 alia
2131 5196 2344 5253 dece-m

854 5287 1068 5346 millia
1097 5288 1388 5346 virorum
1426 5297 1728 5365 ceperunt
1755 5290 1892 5365 filii
1913 5292 2113 5361 Iuda,
2145 5300 2204 5350 et
2232 5296 2347 5352 ad-

2450 4311 2599 4373 dere
2629 4310 2980 4388 tenebatur,
3008 4312 3175 4393 quod
3210 4331 3513 4394 responsa
3532 4314 3702 4392 talia,
3728 4325 3941 4379 essent

2449 4410 2809 4471 daemonum
2838 4408 3053 4471 verba.

2506 4509 2926 4576 Quamobrem
2946 4509 3157 4569 iratus
3173 4512 3487 4571 Dominus
3508 4520 3730 4571 contra
3742 4516 3941 4574 Ama-

2446 4607 2639 4675 siam,
2662 4607 2841 4665 misit
2870 4610 2957 4666 ad
2986 4608 3175 4667 illum
3198 4610 3585 4684 Prophetam
3628 4612 3745 4689 qui
3770 4613 3942 4671 dice-

2449 4714 2543 4762 ret
2571 4706 2653 4764 ei.
2686 4704 2762 4764 Et
2793 4703 2859 4764 in
2888 4704 3007 4766 hoc
3036 4704 3392 4767 declaratur
3414 4704 3773 4769 ineffabilis
3804 4709 3941 4791 pie-

2449 4810 2545 4864 tas
2576 4801 2708 4876 Dei,
2734 4802 2847 4882 qui
2876 4802 2953 4864 ad
2984 4810 3111 4863 tam
3143 4802 3457 4882 ingratum
3480 4812 3544 4867 et
3574 4804 3939 4887 improbum

2452 4918 2661 4979 regem
2702 4900 3229 4980 redarguendum,
3262 4902 3511 4965 mittere
3551 4903 3939 4983 dignabatur

2452 5007 2741 5060 sanetum
2794 4999 3193 5080 Prophetam.
3250 5003 3379 5061 Cur
3430 5004 3721 5062 adorasti
3764 5007 3934 5072 deos,

2453 5099 2569 5174 qui
2609 5118 2735 5157 non.
2787 5100 3223 5157 liberaverunt
3261 5104 3580 5177 populum.
3628 5121 3822 5163 suu-m
3860 5106 3939 5163 de

2454 5214 2653 5253 manu
2684 5204 2795 5254 tua
2817 5200 2847 5255 ἒ
2876 5194 3058 5275 quasi
3098 5193 3351 5272 diceret,
3386 5196 3509 5259 Nec
3543 5206 3600 5261 te
3638 5208 3934 5281 poterunt

2452 5291 2745 5354 liberare.
2772 5296 3105 5372 Quumque
3132 5296 3265 5354 hoec
3292 5296 3405 5353 ille
3434 5300 3825 5373 loqueretur,
3848 5320 3937 5359 re·

4022 2756 4191 2799 Hiems.
4287 2770 4289 2773 ·

4028 3550 4145 3594 nist.
4172 3551 4239 3592 mo.

3974 3612 4244 3670 ινιιεμιε.
