4309 6259
1307 519 1658 565 armmu‘rio
1699 519 1762 564 m
1805 518 1942 564 car.
1991 518 2026 563 v
2067 517 2192 564 son.
2248 538 2320 549 —
2360 520 2504 565 aar.
2549 520 2632 565 xv
3400 502 3513 565 381

59 714 356 769 namur„
396 687 760 770 dissipasse
787 689 1059 754 consilia
1086 688 1490 771 Achitophel,
1516 689 1682 751 sicut
1712 698 1776 752 et
1804 690 1916 751 Da·
1942 688 1993 750 A
2019 689 2142 750 bus
2198 708 2345 752 eum
2397 688 2793 772 implicatum
2852 691 3001 753 sciri
3058 691 3519 771 insinuareque

51 782 108 819 μί
123 780 248 827 t‚23;
263 792 332 819 xv

46 844 114 884 3¹·
341 810 356 826 ·
399 786 518 850 vid
559 788 768 850 oravit
802 806 817 849 ε
851 788 1124 864 Infatua,
1161 806 1400 868 quaeso,
1435 787 1721 865 Domine,
1766 805 1916 849 con-

399 885 633 948 silium
665 887 1070 968 Achitophel.
1102 887 1262 949 Hinc
1302 887 1370 949 in
1409 886 1569 948 lsaia
1603 885 1806 949 fertur
1836 886 1916 947 de

75 1003 232 1051 1221..
251 1004 340 1045 2³.
399 984 542 1047 Deo
593 1002 608 1047 ε
663 986 780 1048 Dat
836 994 1222 1049 scrutatores
1283 993 1672 1048 secretorum
1732 984 1915 1065 quasi

401 1101 543 1145 non
585 1083 739 1145 sint.
781 1083 1090 1147 Praeterea
1126 1083 1712 1165 contemplandum,
1745 1080 1916 1163 quod

399 1180 578 1243 Deus
638 1182 938 1244 sublimis
997 1192 1060 1245 et
1113 1181 1490 1245 benedictus
1550 1180 1919 1261 frequenter

396 1280 588 1359 justo
617 1289 812 1362 atque
841 1281 1092 1345 occulto
1119 1280 1363 1362 judicio
1395 1279 1708 1361 permittit
1746 1277 1919 1339 filios

401 1379 612 1460 hujus
661 1379 904 1457 saeculi,
952 1379 1280 1462 reproboS,
1325 1378 1578 1442 dolosos
1621 1386 1684 1440 et
1724 1376 1922 1439 ambi-

403 1478 638 1555 tiosoS,
675 1478 1096 1557 cogitationes
1127 1497 1274 1540 suas
1314 1484 1556 1540 astutas
1595 1485 1658 1539 et
1697 1475 1918 1557 iniqua

397 1578 692 1640 consilia
737 1579 816 1641 ad
868 1577 1178 1641 effectum
1228 1577 1577 1660 perducere
1624 1574 1924 1657 concupi-

401 1685 578 1751 tum,
613 1685 678 1739 et
709 1675 1094 1739 mirabiliter
1125 1676 1488 1759 prosperari
1521 1675 1586 1736 in
1618 1674 1924 1738 adinven-

399 1773 706 1837 tionibus
735 1774 892 1851 suis,
918 1776 995 1837 ad
1027 1773 1384 1855 graviorem
1417 1792 1638 1837 eorum
1667 1773 1924 1835 damna-

2022 788 2313 869 cupiunt.

2105 890 2309 948 Porro
2349 890 2605 949 salvum
2642 888 2839 965 faciet
2882 909 3153 965 eyenum
3189 893 3268 949 de
3294 892 3518 966 yladio

2024 988 2158 1045 oris
2184 1006 2429 1057 eorum,
2462 985 2525 1048 id
2564 994 2660 1048 est
2697 987 2775 1049 de
2809 988 3019 1050 verbis
3058 1005 3277 1050 eorum
3314 989 3522 1050 detra-

2025 1083 2763 1162 ctoriiS‚maledictoriis,
2788 1086 3141 1167 pungitivis
3178 1104 3191 1148 :
3225 1105 3369 1168 quae
3394 1086 3523 1166 gla-

2027 1183 2133 1245 dio
2181 1191 2651 1264 comparantur,
2703 1185 3005 1265 quoniam
3056 1193 3393 1266 penetrant
3436 1185 3524 1249 vi-

2029 1299 2208 1343 scera
2236 1282 2486 1343 mentis.
2518 1281 2695 1344 Unde
2734 1282 2798 1344 in
2836 1283 3084 1346 Psalmo
3120 1301 3133 1345 :
3167 1283 3425 1345 Gladius
3456 1283 3521 1346 in
3570 1308 3648 1351 102.
3662 1309 3815 1359 turma.

2030 1377 2218 1441 labiis
2268 1397 2523 1455 eorum;
2564 1388 2627 1443 et
2665 1378 2956 1461 :Lingua
3000 1398 3218 1444 eorum
3270 1380 3521 1461 gladius
3565 1407 3802 1458 pamas.

2029 1486 2276 1540 acutus.
2318 1478 2384 1538 ln
2433 1477 2789 1541 Proverbiis
2832 1497 3089 1559 quoque
3123 1497 3137 1541 ε
3182 1479 3294 1541 Est
3334 1497 3524 1560 gene-
3568 1498 3687 1541 Pron
3692 1512 3815 1549 xxxxx

2031 1576 2192 1638 ratio
2232 1594 2377 1657 quae
2418 1594 2534 1657 pro
2578 1576 2878 1640 dentibus
2920 1576 3112 1641 habet
3150 1577 3415 1658 gladioS,
3461 1587 3526 1642 et
3555 1564 3620 1605 ¹⁴·

2031 1674 2423 1737 commandit
2452 1674 2799 1738 molaribus
2832 1675 2989 1753 suiS‚
3017 1685 3087 1739 ut
3115 1678 3405 1740 comedat
3436 1678 3526 1740 in-

2031 1792 2184 1855 opes
2219 1773 2298 1836 de
2328 1781 2517 1850 terra,
2550 1782 2614 1837 et
2652 1793 2963 1857 pauperes
3002 1794 3079 1838 ex
3116 1775 3517 1839 hominibus,

401 1873 685 1937 tionem.
729 1873 1035 1943 Finaliter
1083 1882 1295 1937 tamen
1339 1872 1775 1955 apprehendet
1811 1889 1920 1935 eos
1957 1872 2003 1935 B
2039 1875 2116 1933 Et
2151 1876 2231 1933 de
2269 1892 2473 1933 manu
2514 1874 2801 1946 violenti,
2824 1894 3203 1953 pauperem.
3238 1874 3526 1948 Quando-

55 1990 357 2039 1c0e.1v.⁵.
401 1972 486 2035 in
529 1973 665 2035 suis
703 1973 980 2051 astutiiS,
1013 1972 1272 2053 quando
1311 1971 1619 2034 revelabit
1657 1970 1923 2033 abscon-

397 2071 554 2133 dita
597 2071 1032 2147 tenebrarum,
1075 2078 1138 2133 et
1175 2067 1614 2132 manifestabit
1653 2067 1922 2131 consilia

397 2170 734 2234 cordium.
769 2169 946 2232 Tunc
977 2168 1149 2232 enim
1179 2168 1360 2249 juxta
1391 2166 1773 2247 exigentiam
1805 2166 1922 2228 im-

399 2268 682 2351 pietatis
721 2288 794 2331 ac
837 2266 1286 2331 fraudulentiae
1327 2285 1477 2343 suae,
1511 2264 1920 2329 confusiones

397 2366 770 2431 sortientur
817 2374 882 2429 et
927 2384 1174 2448 poenaS,
1218 2364 1399 2446 juxta
1446 2364 1618 2445 quod
1667 2364 1733 2425 in
1782 2362 1922 2427 Pro-

67 2494 356 2541 prm-...an
396 2464 664 2531 verbiis
706 2464 1076 2547 praedicitur
1110 2481 1123 2526 :
1158 2463 1503 2527 Comedent
1547 2462 1746 2544 igitur
1791 2462 1924 2525 fru-

397 2574 564 2629 ctus
622 2564 742 2628 viae
805 2583 957 2640 suae,
1019 2563 1283 2645 suisque
1338 2561 1628 2625 consiliis
1686 2570 1924 2623 satura-

399 2664 689 2727 buntur.

513 2764 651 2824 Per
697 2763 899 2831 diem,
950 2760 1012 2823 id
1060 2768 1180 2837 est,
1230 2760 1383 2821 dum
1445 2758 1806 2841 prosperari
1861 2766 1925 2821 et

401 2862 568 2923 luce
599 2858 930 2941 sapientiae
959 2878 1090 2921 suae
1122 2877 1248 2920 non
1279 2877 1445 2921 verae
1475 2858 1567 2919 uti
1599 2857 1918 2933 videntur,

398 2964 766 3020 incurrent
796 2960 1082 3019 tenebras
1111 2955 1511 3020 adversitatis
1543 2964 1607 3018 et
1633 2955 1926 3037 ignoran-

2030 1989 2157 2051 que
2188 1970 2321 2033 haec
2350 1971 2513 2033 Deus
2543 1970 2700 2033 facit
2736 1972 2801 2033 in
2840 1972 2971 2035 vita
3012 1972 3165 2049 hac;
3200 1973 3520 2037 interdum

2033 2087 2179 2131 vero
2211 2069 2521 2151 permittit
2552 2070 2944 2146 innoeentes»,
2963 2071 3168 2152 justos
3202 2081 3265 2136 et
3294 2072 3519 2156 inopes

2029 2185 2236 2248 usque
2289 2169 2370 2247 ad
2429 2177 2699 2231 mortem
2755 2168 2836 2231 ab
2896 2169 3113 2251 impiis
3171 2170 3515 2235 molestari.

2029 2265 2188 2328 Hinc
2218 2265 2307 2327 ait
2333 2264 2663 2328 Psalmista
2701 2266 2779 2328 ad
2814 2266 3151 2329 Dominum
3185 2285 3200 2330 ε
3238 2268 3377 2332 Tibi
3408 2270 3521 2332 de·
3579 2294 3814 2345 Panae.

2030 2363 2288 2426 relictus
2320 2372 2416 2427 est
2446 2382 2707 2446 pauper,
2740 2365 3027 2446 orphano
3068 2374 3137 2427 tu
3172 2367 3299 2429 eris
3343 2369 3525 2450 adju-

2033 2470 2151 2526 tor.
2184 2463 2261 2524 Et
2302 2462 2369 2524 in
2408 2462 2679 2525 Jeremia
2722 2464 3031 2546 scriptum
3071 2473 3168 2528 est
3200 2482 3214 2527 ε
3248 2466 3523 2530 Laudate
3565 2492 3821 2543 amuda.

2032 2561 2393 2639 Dominum,
2411 2560 2565 2643 quia
2593 2560 2891 2625 liberavit
2916 2563 3194 2627 animam
3227 2567 3523 2648 pauperis

2031 2660 2110 2724 de
2138 2679 2333 2722 manu
2363 2658 2697 2723 malorum.
2738 2664 2819 2723 Εἰ
2845 2665 2971 2723 erit
3000 2684 3189 2741 eyeno
3217 2685 3354 2743 spes
3382 2684 3527 2728 eva·

2032 2758 2247 2821 dendi.
2284 2759 2369 2820 Ex
2407 2758 2527 2823 hoc
2567 2759 2739 2822 enim
2780 2761 2951 2841 quod
2990 2762 3315 2844 experitur
3352 2764 3529 2826 auxi-

2033 2856 2193 2919 lium
2222 2856 2331 2920 Dei
2372 2866 2436 2920 et
2473 2858 2943 2939 providentiam
2986 2861 3124 2941 ejus
3163 2861 3333 2924 circa
3368 2864 3528 2943 regi-

2033 2974 2181 3018 men
2219 2955 2575 3031 hominum,
2615 2974 2793 3037 spem
2835 2976 3013 3020 suam
3054 2959 3235 3040 ponit
3272 2960 3337 3022 in
3373 2961 3521 3023 Deo.

401 3059 552 3135 tiae,
598 3058 686 3120 ita
727 3058 898 3139 quod
933 3057 1000 3120 in
1041 3056 1440 3120 consiliando
1478 3054 1922 3138 circumspecti
1958 3056 2004 3121 C
2034 3055 2301 3136 Ipseque
2320 3054 2483 3116 Deus
2512 3062 2609 3117 est
2638 3073 2783 3137 spes
2812 3055 2966 3136 ejus
2984 3056 3047 3120 id
3078 3067 3173 3121 est
3202 3058 3521 3140 obJectum

399 3176 556 3221 non
589 3165 798 3233 erunt,
826 3166 886 3217 et
913 3158 1106 3237 quasi
1135 3158 1206 3215 in
1239 3164 1417 3216 nocte
1443 3156 1537 3214 sic
1557 3157 1925 3233 palpabunt

401 3260 496 3317 in
542 3257 841 3324 meridie,
873 3254 938 3316 id
973 3262 1092 3331 est,
1135 3261 1396 3317 eatenus
1439 3252 1926 3315 excaecabuntur

399 3356 490 3418 in
533 3361 772 3429 mente,
805 3353 976 3434 quod
1019 3352 1084 3414 in
1126 3352 1226 3413 his
1264 3370 1410 3433 quae
1448 3359 1576 3413 tam
1615 3351 1784 3414 clare
1821 3370 1927 3416 ve-

399 3472 494 3517 ra
527 3471 606 3515 ac
637 3452 808 3533 justa
841 3460 994 3513 sunt
1027 3450 1194 3512 sicut
1227 3448 1548 3525 meridieS‚
1585 3448 1922 3525 nutabunt,

399 3548 840 3625 dubitabunt,
899 3548 1226 3624 errabunt,
1283 3547 1450 3611 sicut
1506 3548 1572 3609 in
1629 3547 1729 3609 his
1783 3566 1926 3629 quae

398 3666 676 3729 magna)
723 3656 874 3709 sunt
921 3646 1333 3709 difficultatis
1383 3652 1448 3708 et
1493 3644 1920 3708 obscuritatis.

403 3746 862 3824 RursuS‚dum
897 3745 964 3807 in
999 3744 1272 3808 maxima
1299 3742 1598 3807 videntur
1628 3762 1758 3806 suae
1788 3761 1928 3824 pro-

401 3844 752 3928 speritatis
783 3862 856 3907 ac
885 3842 1206 3906 saecularis
1247 3840 1601 3924 prudentiae
1639 3839 1926 3903 claritate

399 3942 802 4017 consistere,
842 3940 1104 4021 gravius
1147 3939 1648 4003 obtenebrantur
1690 3939 1756 4000 in
1800 3956 1929 4001 eor-

81 4068 144 4109 1⁸.
167 4082 256 4117 m,
281 4070 362 4113 ιο.
401 4043 526 4105 de.
561 4038 804 4113 Quibus
843 4046 1154 4101 consonat
1193 4036 1350 4099 illud
1390 4036 1564 4099 lsaiae
1597 4054 1610 4097 :
1642 4035 1928 4118 Palpavi-

401 4156 574 4203 mus
618 4137 785 4200 sicut
821 4135 973 4199 eaeci
1011 4135 1343 4217 parietem,
1379 4144 1442 4197 et
1472 4133 1655 4215 quasi
1686 4134 1928 4215 absque

2036 3171 2166 3215 suae
2196 3152 2475 3229 fiduciae,
2501 3161 2677 3217 tanto
2708 3154 3004 3237 ampliuS,
3030 3166 3271 3238 quanto
3300 3158 3516 3221 minus

2034 3253 2116 3315 ab
2159 3251 2527 3314 hominibus
2569 3251 2743 3317 videt
2790 3273 2858 3316 se
2902 3253 3359 3335 adjuvandum.
3408 3256 3509 3320 Sic

2035 3358 2099 3412 et
2127 3368 2245 3412 nos
2276 3368 2525 3432 semper
2554 3350 2620 3411 in
2652 3350 2918 3413 Domino
2948 3351 3374 3431 confidamuS,
3411 3354 3523 3418 ob-

2036 3448 2446 3529 temperando
2495 3449 2633 3528 ejus
2684 3449 3021 3527 mandatis,
3074 3451 3253 3531 juxta
3302 3452 3461 3515 illud
3506 3471 3521 3516 :

2036 3545 2232 3628 Spera
2262 3546 2328 3608 in
2360 3546 2484 3608 Deo
2516 3554 2624 3608 tuo
2656 3564 2927 3628 semper.
2952 3550 3281 3629 Iniquitas
3308 3562 3527 3615 autem
3557 3574 3667 3621 0000
3684 3590 3755 3628 x...
3776 3579 3817 3621 ο.

2034 3648 2361 3706 contrahet
2397 3665 2465 3705 os
2499 3666 2719 3715 suum,
2768 3644 2832 3707 id
2882 3654 2998 3723 est,
3043 3646 3250 3729 iniqui
3302 3650 3521 3713 divina

2035 3751 2348 3827 potestate
2378 3742 2674 3825 repressi,
2705 3763 2742 3805 a
2780 3744 2987 3807 solitis
3027 3747 3359 3827 pravitatis
3395 3768 3525 3813 suae

2039 3842 2438 3905 sermonibus
2472 3840 2985 3905 refrenabantur.
3019 3843 3149 3907 Hoc
3176 3853 3239 3908 et
3268 3846 3527 3909 Psalmi-

2037 3950 2131 4003 sta
2164 3940 2399 4003 fatetur
2432 3958 2447 4003 :
2482 3939 2763 4021 Adjuvit,
2801 3941 3031 4022 inquit,
3063 3962 3407 4026 pauperem
3448 3946 3527 4009 de
3574 3966 3821 4020 Panum,

2039 4040 2295 4122 inopia3
2346 4046 2409 4101 et
2455 4039 2663 4102 omnis
2723 4039 3029 4121 iniquitas
3085 4042 3400 4123 oppilabit
3456 4062 3527 4107 os
3555 4030 3626 4075 ⁴²·

2037 4158 2246 4202 suum.
2288 4138 2367 4199 Et
2408 4137 2637 4200 iterum
2685 4156 2700 4201 :
2747 4137 3151 4203 Obstructum
3190 4150 3287 4205 est.
3326 4159 3397 4205 os
3442 4143 3528 4206 lo-
3558 4164 3820 4215 annae.

401 4236 636 4301 oculis
685 4234 1258 4309 contrectavimus3
1313 4233 1692 4315 impegimus
1739 4233 1928 4295 meri-
1958 4244 2008 4306 D
2036 4236 2368 4318 quentium
2417 4235 2657 4315 iniqua.
2702 4236 2814 4299 Per
2857 4236 3079 4300 lsaiam
3116 4230 3375 4321 quoque
3416 4240 3531 4304 im-

400 4334 533 4398 die
575 4332 759 4414 quasi
801 4332 868 4393 in
909 4331 1210 4394 tenebris,
1248 4329 1340 4393 Ad
1375 4332 1540 4411 quod
1579 4330 1930 4412 spirituali-

93 4464 360 4510 Jemms.
405 4445 521 4497 ter
556 4430 836 4514 pertinet
868 4430 1028 4491 illud
1065 4448 1080 4492 :
1114 4428 1358 4492 Occidit
1385 4428 1444 4491 ei
1476 4429 1570 4491 sol
1600 4449 1798 4510 quum
1829 4431 1930 4492 ad-

403 4535 554 4597 huc
606 4540 772 4593 esset
821 4529 1144 4593 meridies,
1196 4529 1476 4610 Denique
1522 4528 1587 4589 in
1632 4528 1929 4591 omnibus

401 4632 526 4693 his
569 4628 826 4692 videtur
854 4626 1116 4709 Eliphaz
1161 4634 1448 4691 sanctum
1487 4625 1602 4689 Job
1647 4634 1925 4705 tangere,

401 4726 614 4811 quasi
655 4727 794 4809 ipse
831 4726 1081 4789 occulte
1123 4725 1389 4789 vitiosus
1430 4733 1804 4805 astutusque
1835 4724 1932 4786 fu-

405 4827 576 4901 erit,
611 4833 806 4906 atque
847 4843 960 4907 per
998 4825 1251 4907 plagam
1293 4823 1417 4885 sibi
1457 4823 1933 4888 inflictam‘im-

407 4923 686 5009 peditus
717 4922 802 4985 sit
831 4922 1099 5003 implere
1128 4941 1271 5004 quae
1301 4920 1467 4984 male
1503 4923 1796 5005 concepit
1821 4948 1835 4998 ;
1868 4932 1932 4986 et

405 5022 690 5106 quando
737 5020 1014 5083 maxime
1063 5018 1296 5082 florere
1349 5020 1664 5102 apparuit,
1721 5020 1930 5084 subito

408 5129 526 5185 est
557 5120 870 5200 dejectus.
898 5118 1010 5179 Est
1037 5116 1209 5180 enim
1241 5118 1634 5181 consuetudo
1667 5118 1932 5199 quibus-

411 5220 604 5295 dam,
661 5226 732 5279 ut
783 5236 986 5299 quum
1043 5216 1322 5297 aliquem
1371 5235 1656 5298 pungere
1704 5217 1928 5295 velint,

413 5317 762 5399 disputent
803 5316 872 5377 in
907 5314 1190 5395 generali
1229 5323 1451 5378 contra
1478 5323 1758 5396 peccata,
1791 5318 1934 5398 qui-

2039 4336 2144 4418 pio
2193 4335 2478 4416 loquitur
2527 4336 2689 4397 Deus
2741 4353 2755 4397 :
2805 4336 3038 4399 Ponam
3098 4336 3410 4402 circulum
3462 4341 3529 4404 in
3586 4364 3651 4407 [a.
3669 4377 3823 4415 xxxv-1,

2038 4432 2302 4496 naribus
2335 4432 2483 4510 tuis,
2516 4442 2579 4495 et
2610 4432 2863 4497 frenum
2896 4435 3171 4499 maxillis
3202 4437 3349 4501 tuiS.
3562 4430 3629 4471 ²⁹·

2115 4538 2357 4594 Beatus
2394 4534 2577 4593 homo
2614 4537 2733 4614 qui
2766 4538 3124 4613 corripitur
3152 4558 3193 4597 a
3222 4541 3533 4611 Domine,

2039 4631 2102 4692 id
2135 4638 2253 4707 est,
2292 4630 2403 4711 qui
2435 4630 2503 4691 in
2535 4632 2833 4712 praesenti
2861 4633 3205 4713 castigatur
3234 4645 3297 4698 et
3324 4656 3536 4700 emen-

2040 4729 2229 4791 datur
2258 4746 2295 4789 a
2323 4728 2448 4790 Deo
2488 4746 2601 4809 per
2638 4748 2768 4793 suae
2806 4739 3084 4812 paternae
3123 4733 3377 4814 pietatis
3416 4734 3536 4797 fla-

2037 4825 2205 4907 gella
2234 4834 2343 4888 aut
2374 4826 2797 4908 increpatoria
2826 4828 3040 4893 verba.
3076 4830 3202 4894 Hoc
3232 4831 3405 4895 enim
3438 4842 3535 4895 est

2039 4925 2292 5006 signum
2352 4933 2631 5007 paternae
2680 4926 3062 5005 dilectioniS,
3113 4948 3280 4993 curae
3336 4938 3528 5013 atque

2039 5023 2395 5088 elementiae
2422 5024 2531 5086 Dei
2560 5025 2639 5086 ad
2672 5024 3019 5103 hominem,
3044 5046 3243 5109 quum
3273 5037 3528 5110 peccata

2041 5124 2171 5185 sint
2200 5123 2429 5185 animae
2456 5123 2743 5199 vulnera,
2778 5143 2921 5205 quae
2958 5143 3072 5207 per
3112 5127 3377 5191 adversa
3404 5136 3536 5190 tan·

2040 5241 2233 5304 quam
2281 5220 2623 5302 emplastra
2664 5222 3033 5304 optimaque
3074 5225 3353 5287 remedia
3395 5226 3527 5307 jam

2041 5326 2367 5383 curantur.
2399 5318 2659 5400 Propter
2687 5320 2855 5399 quod
2884 5320 3192 5383 Dominus
3224 5331 3536 5404 protesta-
