4309 6259
85 2278 122 2319 lll
135 2278 299 2329 endum,

85 2345 134 2383 ³5.
147 2345 202 2391 38,
215 2344 274 2384 Η.

1185 520 1533 567 malumno
1575 520 1636 565 IN
1679 520 1816 566 CAP.
1849 520 1932 565 vll
1973 520 2100 566 JOB.
2145 540 2228 550 —
2267 522 2409 567 Aur.
2456 522 2564 567 xlx

3298 504 3416 568 405

323 704 440 767 per
487 696 734 751 motum
783 707 914 752 non
965 690 1417 774 corrumpitur,
1454 694 1563 755 sed
1609 691 1818 773 quoad
1849 689 1900 751 A
1933 689 2215 753 avaritiae
2265 709 2413 753 suos
2455 710 2704 773 semper
2753 691 3059 754 terminos
3097 690 3413 766 dilataret,

321 784 518 848 situm
563 787 770 850 solum
811 789 1096 851 variatur
1125 790 1502 853 substantia.
1537 791 1605 853 In
1644 798 1818 852 motu

321 894 536 948 autem
578 894 643 949 et
673 887 1092 951 circulatione
1127 888 1533 965 inferiorum,
1569 909 1681 951 566
1722 908 1822 969 ge-

322 984 712 1047 nerabilium
763 994 826 1049 et
873 988 1414 1070 corruptibilium,
1469 1007 1596 1051 non
1659 987 1822 1049 redit

321 1082 496 1145 idem
547 1103 816 1147 numero
867 1094 1012 1166 post
1060 1103 1378 1163 occasum,
1431 1086 1540 1148 sed
1589 1086 1816 1167 specie,

321 1181 476 1261 quia
509 1201 610 1243 res
643 1182 783 1263 ipsa
813 1183 1266 1266 corrumpitur.
1303 1183 1534 1265 Sicque
1571 1191 1822 1246 senten-

327 1278 411 1341 tia
443 1282 650 1342 sancti
682 1281 799 1344 Job
838 1290 1147 1345 consonat
1179 1282 1333 1345 fidei
1365 1282 1728 1344 christianae
1759 1291 1822 1344 et

322 1378 894 1460 Peripateticorum
931 1379 1375 1463 philosophiae.

405 1481 840 1555 Quapropter,
873 1478 938 1540 id
981 1487 1098 1554 est,
1135 1478 1287 1560 quia
1335 1478 1568 1542 veritas
1616 1478 1704 1540 ita
1751 1498 1820 1541 56

324 1575 516 1637 hahet
548 1576 718 1639 circa
737 1576 934 1639 vitam
968 1577 1334 1655 humanam,
1360 1584 1430 1639 ut
1460 1577 1612 1654 dixi,
1636 1587 1820 1653 eceyo

323 1695 454 1735 non
479 1695 756 1752 parcam
789 1677 892 1735 ori
931 1697 1092 1747 meo,
1123 1676 1188 1738 id
1219 1685 1336 1752 est,
1372 1696 1411 1738 a
1449 1676 1664 1738 labore
1709 1694 1818 1737 seu

320 1782 468 1836 actu
515 1774 828 1855 loquendi
867 1774 1078 1856 ipsum
1127 1792 1254 1837 non
1287 1773 1716 1856 supportabo;
1760 1782 1822 1836 et

1932 790 2470 869 quemadmodum
2494 810 2687 867 mare,
2711 792 2881 872 quod
2904 788 3184 852 effluens
3215 788 3421 872 operit

1933 887 2079 963 alia,
2133 896 2195 949 et
2246 887 2528 951 refluens
2579 890 2841 951 attrahit
2890 888 3111 950 multa.
3166 888 3253 951 De
3301 888 3420 950 hoc

1932 995 2189 1048 excusat
2240 1006 2327 1063 se,
2380 988 2601 1050 dicens
2650 1005 2664 1048 ε
2715 986 3033 1068 Numquid
3083 1005 3257 1049 mare
3304 1004 3421 1067 ego

1932 1105 2070 1148 sum
2095 1089 2118 1146 ἓ
2149 1087 2332 1167 quasi
2355 1086 2545 1160 dicat,
2570 1088 2726 1149 Non.
2754 1088 3061 1163 Secundo,
3089 1086 3261 1167 quod
3281 1084 3423 1148 sub-

1930 1184 2132 1265 jectos
2180 1186 2511 1247 devoraret
2561 1194 2751 1267 atque
2799 1185 3213 1269 opprimeret..
3246 1183 3421 1257 Quod

1932 1302 2261 1358 excusanS,
2282 1284 2516 1364 adjecit
2540 1302 2553 1345 :
2578 1284 2700 1346 Aut
2728 1288 2943 1347 cetus?
2966 1283 3176 1346 Nihilo
3207 1282 3421 1345 minus

1931 1401 2071 1443 sum
2103 1400 2463 1465 percussuS,
2489 1382 2637 1464 quia
2658 1381 3136 1445 circumdedisti
3166 1401 3269 1444 me
3293 1400 3423 1443 car-

1931 1498 2096 1542 cere.
2120 1480 2330 1542 Tertio
2352 1480 2623 1543 Thomas
2654 1480 2936 1562 exponit,
2963 1480 3232 1543 dicendo
3259 1496 3273 1540 ε
3297 1478 3425 1541 Cir-

1932 1597 2006 1639 ca
2036 1586 2360 1641 creaturas
2394 1578 2815 1655 irrationaleS,
2840 1574 3075 1660 q‘uibus
3099 1597 3227 1641 non
3256 1596 3427 1641 com-

1933 1677 2094 1759 petit
2151 1675 2451 1739 meritum
2510 1685 2621 1739 aut
2675 1678 3076 1753 demeritum,
3129 1686 3428 1759 operatur

1933 1776 2153 1841 divina
2194 1776 2618 1857 providentia,
2662 1777 3013 1838 secundum
3052 1777 3222 1857 quod
3263 1794 3427 1839 com-

325 1870 621 1935 confisus
671 1874 750 1935 de
799 1874 939 1955 ipsa
991 1873 1278 1937 veritatis
1331 1872 1656 1950 firmitate,
1693 1892 1820 1934 non
1863 1876 1905 1936 B
1935 1874 2094 1957 petit
2123 1874 2295 1936 bono
2326 1874 2634 1936 universi.
2660 1874 2818 1936 Hinc
2851 1894 3023 1937 mare
3052 1882 3322 1950 coercet,
3347 1892 3427 1935 ne

325 1980 658 2035 contracto
717 1990 828 2034 ore
887 1973 1114 2054 loquar
1157 1991 1309 2035 vera
1355 1990 1498 2053 quae
1558 1979 1818 2034 restant.

324 2070 496 2134 Bona
529 2089 808 2152 namque
827 2068 1220 2133 conscientia
1251 2078 1314 2133 et
1334 2090 1482 2133 vera
1513 2070 1825 2133 sententia

326 2177 638 2251 praestant
669 2168 998 2232 fiduciam.
1024 2170 1168 2232 Ideo
1201 2169 1387 2231 tertio
1416 2169 1628 2231 Esdrae
1661 2167 1824 2230 libro

329 2269 606 2331 habetur
643 2285 657 2329 :
694 2267 898 2349 Super
945 2268 1162 2331 omnia
1211 2267 1412 2330 vincit
1460 2268 1715 2329 veritas,
1751 2266 1827 2327 Et

329 2386 552 2429 rursus
587 2383 602 2427 τ
640 2366 888 2429 Veritas
921 2365 1258 2428 invalescit
1302 2366 1365 2434 in
1399 2374 1728 2441 aeternum,
1765 2374 1828 2427 et

327 2465 487 2529 vivit
519 2472 582 2527 et
631 2473 847 2527 manet
892 2464 960 2526 in
993 2464 1223 2527 saecula
1267 2464 1667 2527 saeculorum.
1703 2468 1825 2524 Lo-

325 2586 496 2643 quar
517 2565 588 2623 in
619 2565 1040 2623 tribulatione
1058 2566 1332 2641 spiritus
1363 2564 1516 2632 mei,
1539 2562 1624 2624 ita
1656 2561 1825 2642 quod

329 2662 466 2744 ipsa
520 2660 854 2723 tribulatio
904 2659 1236 2740 instigabit
1285 2680 1385 2723 me
1434 2661 1512 2722 ad
1564 2661 1828 2740 loquen-

328 2761 504 2838 dum,
541 2768 738 2841 atque
768 2780 844 2823 ex
884 2778 958 2822 ea
1000 2778 1244 2821 sumam
1290 2759 1594 2840 loquendi
1635 2767 1829 2821 mate-

331 2860 486 2922 riam
517 2883 534 2934 ;
569 2860 1037 2937 confabulabor
1057 2880 1204 2919 cum
1226 2861 1672 2920 amaritudine.
1692 2860 1828 2917 ani-

331 2980 448 3019 moe
475 2980 663 3027 meoe,
693 2942 909 3035 id⁶est,
943 2976 1200 3020 causam
1233 2957 1437 3038 ipsius
1480 2956 1821 3037 inquiram,

1934 1980 2128 2035 totam
2181 1979 2408 2034 terram
2472 1973 2737 2053 operiat,
2794 1982 2863 2033 ut
2918 1972 3304 2035 animalibus
3365 1980 3427 2034 et

1938 2079 2116 2133 terrae
2151 2070 2562 2133 nascentibus
2604 2080 2927 2134 remaneat
2957 2072 3175 2148 locus;
3210 2070 3428 2132 simili-

1936 2177 2028 2232 ter
2057 2177 2267 2231 cetum
2298 2170 2464 2231 intra
2495 2169 2811 2233 Oceanum
2845 2189 3018 2233 mare
3047 2177 3319 2246 coercet,
3346 2188 3427 2232 ne

1935 2267 1988 2329 si
2021 2268 2087 2329 in
2127 2268 2255 2330 alia
2298 2268 2496 2330 maria
2540 2268 2979 2344 deduceretur,
3017 2276 3271 2331 noceret
3314 2269 3428 2330 ho-

1936 2366 2240 2428 minibus
2266 2366 2408 2429 ldeo
2442 2366 2708 2447 inquirit
2734 2366 2871 2443 Job,
2897 2386 2978 2428 an
3010 2365 3205 2427 simili
3238 2386 3429 2429 causa

1936 2464 2227 2528 afflictus
2258 2466 2361 2541 sit,
2398 2473 2619 2546 utpote
2658 2484 2785 2527 non
2828 2464 2909 2529 ob
2942 2485 3126 2527 suum
3160 2465 3428 2529 demeri-

1941 2572 2094 2639 tum,
2122 2563 2231 2625 sed
2264 2563 2347 2625 ob
2366 2563 2645 2643 aliquam
2680 2563 3022 2625 utilitatem
3054 2582 3129 2626 ex
3160 2584 3273 2625 sua
3293 2583 3427 2645 per-

1937 2662 2235 2725 cussione
2284 2662 2427 2724 aliis
2475 2662 2997 2744 provenientem3
3051 2662 3174 2738 vel,
3225 2672 3295 2724 ut
3346 2682 3427 2725 ne

1935 2760 2080 2823 aliis
2113 2769 2280 2823 esset
2312 2761 2597 2836 nocivuS,
2634 2760 2689 2822 si
2736 2779 2864 2823 non
2912 2768 3076 2823 esset
3112 2760 3421 2843 plagatuS.

1937 2860 2014 2921 Et
2042 2867 2312 2935 constat,
2338 2859 2510 2941 quod
2532 2878 2659 2921 non
2682 2858 2825 2921 ideo
2847 2859 2930 2920 sit
2961 2878 3320 2941 percussuS,
3349 2878 3428 2921 ne

1938 2958 1990 3019 si
2042 2966 2548 3040 prosperaretur,
2584 2957 2727 3020 aliis
2778 2959 3241 3035 adversaretur,
3276 2958 3430 3039 quia

330 3065 390 3119 et
435 3057 650 3135 (sicut
697 3065 795 3119 est
841 3056 1038 3119 moris
1089 3056 1488 3135 amaricatis)
1534 3073 1648 3138 per
1696 3073 1829 3116 mo-
1863 3051 1906 3113 C
1939 3056 2152 3119 necin
2188 3055 2459 3137 pristina
2491 3056 2911 3138 prosperitate
2942 3055 3063 3118 hoc
3089 3054 3261 3118 fecit.
3296 3056 3431 3117 Una

331 3156 478 3217 dum
515 3154 800 3237 querelae
834 3156 912 3217 de
944 3173 1018 3217 ea
1053 3154 1357 3217 tractabo.
1393 3154 1726 3235 lpsamque
1761 3152 1826 3213 in

333 3264 578 3317 secreto
623 3253 898 3331 affabor,
942 3253 1407 3316 considerando
1457 3251 1826 3332 qualitatem

333 3352 560 3435 ipsius,

408 3451 656 3514 Deinde
676 3450 1026 3531 alloquitur
1047 3450 1269 3513 Deum.
1294 3450 1634 3528 Numquid
1655 3468 1830 3509 mare

333 3572 440 3627 696
487 3572 664 3623 sum,
728 3560 845 3610 aut
892 3559 1089 3619 cetus,
1135 3549 1292 3627 quia
1345 3548 1831 3607 circumdedisti

337 3671 428 3709 me
455 3669 716 3710 carcere
737 3651 767 3709 ,2
795 3648 924 3710 Hoc
957 3646 1400 3727 multipliciter
1430 3645 1827 3728 explanat-ur.

333 3748 542 3811 Primo
573 3747 670 3810 sic
707 3765 722 3808 ε
757 3746 1078 3827 Numquid
1119 3753 1310 3807 tantae
1338 3764 1478 3806 sum
1513 3744 1834 3807 fortitudi-

338 3847 432 3908 nis
471 3846 643 3909 sicut
679 3845 989 3913 Oceanus,
1027 3852 1089 3907 et
1120 3851 1319 3919 cetus,
1352 3844 1464 3925 qui
1499 3850 1591 3906 est
1633 3843 1832 3905 maxi-

337 3966 476 4007 mus
522 3944 748 4028 pisciS,
784 3944 937 4025 quia
967 3942 1246 4024 implesti
1292 3961 1393 4004 mc
1431 3941 1704 4003 maxima
1741 3940 1837 4003 af-

341 4045 655 4120 flictione,
694 4044 782 4105 ita
811 4052 878 4105 ut
914 4044 1114 4104 instar
1144 4044 1674 4105 incarceratorum
1707 4060 1834 4104 non

341 4144 610 4207 habeam
645 4142 1150 4205 consolationem
1183 4149 1291 4203 aut
1333 4140 1605 4203 exeundi
1643 4139 1836 4203 facul-

1939 3173 2089 3217 vero
2121 3173 2251 3216 suae
2294 3153 2725 3235 percussionis
2756 3172 2945 3215 causa
2974 3152 3117 3231 suit,
3149 3171 3431 3217 commu-

1941 3254 2038 3315 nis
2083 3252 2327 3313 utilitas
2372 3252 2521 3314 inde
2554 3252 2957 3333 provenienS‚
2983 3251 3103 3315 boc
3148 3260 3244 3314 est
3283 3252 3432 3314 aedi-

1940 3350 2158 3414 ficatio
2207 3351 2495 3413 omnium
2558 3360 2869 3427 nostrum,
2922 3352 3000 3413 ad
3057 3350 3429 3432 patientiam

1934 3449 2177 3531 jugiter
2207 3448 2731 3511 conservandam.

2021 3548 2305 3628 Insuper,
2333 3546 2612 3608 ostendit
2642 3566 2708 3608 sc
2741 3546 3201 3607 circumdatum
3233 3522 3465 3609 carce-⁰

1941 3666 2033 3723 re,
2069 3646 2132 3707 id
2165 3654 2261 3708 est
2291 3644 2466 3707 omni
2500 3644 2819 3727 privatum
2860 3643 3108 3707 solati0.
3145 3648 3225 3705 Si
3251 3647 3435 3705 dixe-

1941 3767 2039 3815 νο,
2075 3745 2519 3807 Con-solabitur
2554 3762 2651 3803 me
2686 3746 2957 3802 lectulus
2993 3764 3191 3813 meuS,
3227 3742 3290 3805 id
3338 3752 3435 3805 est

1943 3862 2207 3907 somnus
2258 3841 2368 3923 qui
2418 3841 2580 3903 solet
2632 3859 2771 3903 esse
2822 3840 2887 3900 in
2940 3840 3126 3902 lecto.
3164 3840 3433 3903 Somnus

1943 3942 2137 4017 enim,
2158 3939 2693 4021 quemadmodum
2714 3937 3012 4000 balneum
3034 3956 3107 4000 ac
3127 3938 3251 4000 alia
3271 3957 3437 4018 quae-

1943 4042 2111 4116 dam,
2176 4048 2271 4101 est
2330 4037 2715 4100 relevativus
2776 4036 3073 4112 tristitiae,
3131 4036 3435 4117 quemad-

1944 4139 2206 4201 modum
2255 4136 2645 4215 Augustinus
2690 4133 2913 4196 asserit
2966 4152 3033 4195 se
3078 4142 3428 4216 expertum.

343 4250 532 4305 tatem
571 4244 596 4303 't
643 4239 826 4322 quasi
880 4240 1071 4316 dicat,
1127 4239 1330 4321 Supra
1375 4238 1544 4299 vires
1593 4246 1655 4300 et
1703 4257 1836 4300 mo·
1869 4238 1918 4298 D
1946 4237 2220 4299 Somnus
2266 4234 2507 4315 quippe
2567 4240 2630 4295 et
2689 4232 2987 4295 balneum
3040 4232 3433 4314 corporalem

341 4342 488 4403 dum
527 4339 812 4420 gravasti
853 4357 955 4401 me
991 4356 1006 4399 τ
1042 4356 1116 4401 66
1160 4338 1348 4400 modo
1387 4355 1514 4417 quo
1555 4337 1643 4399 ait
1674 4337 1837 4419 Apo-

101 4440 561 4516 11‹·0‚·.1.s.stoluS,
601 4438 806 4519 Supra
845 4432 1104 4499 modum
1144 4436 1386 4516 gravati
1428 4454 1665 4497 sumus.
1701 4436 1835 4497 Non

342 4538 508 4619 quod
556 4536 796 4599 electos
839 4535 1168 4617 permittat
1195 4535 1360 4596 Deus
1392 4533 1619 4596 tentari
1661 4532 1838 4595 abso-

343 4636 470 4698 lute
509 4653 710 4716 supra
749 4634 920 4715 quod
964 4632 1130 4695 ferre
1179 4640 1486 4715 possunt3
1529 4632 1639 4694 sed
1687 4630 1838 4711 quia

343 4752 534 4815 supra
575 4750 986 4795 communem
1030 4730 1288 4793 modum
1331 4729 1675 4810 aliquando
1708 4748 1839 4810 pre·

345 4841 630 4908 muntur,
656 4838 719 4893 et
748 4829 1024 4911 amplius
1055 4846 1244 4909 quam
1279 4827 1554 4910 propriis
1594 4827 1838 4890 viribus

345 4931 616 5011 possint.
651 4928 888 5009 Estque
920 4927 986 4989 in
1025 4926 1260 4989 talibus
1290 4925 1502 4989 verbis
1534 4926 1841 5007 quodam-

347 5028 532 5091 modo
588 5026 1042 5109 hyperbolicas
1090 5042 1320 5101 serm0,
1356 5024 1434 5085 ad
1484 5023 1842 5106 exprimen-

349 5128 496 5189 dum
547 5126 830 5189 lucidius
869 5123 1374 5205 magnitudinem
1408 5124 1519 5185 rei.
1555 5122 1842 5185 Secundo

351 5226 691 5307 exponitur
719 5225 802 5286 ab
831 5223 1088 5285 Alberto
1120 5222 1212 5285 sic
1240 5224 1402 5285 :Duo
1431 5220 1846 5304 imponeban-

355 5332 454 5385 tur
500 5323 692 5387 bcato
731 5321 869 5386 Job.
901 5321 1134 5398 Primo,
1181 5322 1350 5402 quod
1401 5320 1847 5401 inquietudine

1949 4341 2238 4397 naturam
2282 4332 2543 4394 tristitia
2573 4331 3033 4408 deordinatam,
3068 4331 3146 4392 ad
3188 4339 3439 4391 natura-

1948 4434 2070 4497 lem
2121 4439 2355 4495 statum
2407 4430 2780 4505 reformant,
2822 4430 2901 4491 ad
2951 4428 3437 4493 convenientem

1948 4550 2205 4614 quoque
2233 4548 2601 4612 processum
2623 4529 2849 4591 vitales
2873 4537 3081 4591 motus
3113 4527 3323 4592 cordis
3353 4547 3442 4591 re-

1949 4632 2213 4692 ducunt.
2261 4632 2347 4689 Et
2395 4630 2723 4687 relevabor
2766 4632 3027 4707 loquens
3074 4648 3320 4687 mec-um
3366 4628 3441 4687 in

1947 4738 2159 4789 stratu
2193 4747 2323 4786 meo
2345 4726 2453 4787 :id
2483 4734 2599 4802 est,
2625 4725 2677 4786 si
2702 4724 2919 4787 dixero
2949 4744 3053 4788 me
3073 4724 3439 4787 habiturum

1953 4825 2225 4889 tristitiae
2257 4842 2413 4886 meae
2444 4822 2704 4904 aliquod
2746 4822 3103 4885 relevamen
3137 4841 3211 4884 ex
3243 4821 3442 4884 medi-

1955 4924 2193 4987 tatione
2225 4942 2337 4986 seu
2368 4931 2609 4985 secreta
2638 4922 2715 4984 ad
2746 4940 2849 4983 me
2878 4921 3089 5002 ipsum
3120 4920 3461 4993 locutione,

1955 5024 2018 5085 in
2069 5022 2233 5085 lecto
2284 5022 2441 5084 hora
2486 5020 2743 5102 quietiS‚
2799 5019 3055 5100 quando
3102 5018 3316 5080 anima
3359 5018 3440 5081 ad

1955 5120 2389 5185 meditandum
2436 5128 2533 5181 est
2570 5118 2799 5199 aptior,
2842 5116 3261 5179 exterioribus
3306 5136 3444 5179 sen-

1957 5219 2134 5282 sibus
2177 5217 2258 5280 ab
2304 5216 2547 5278 actibus
2592 5214 2725 5276 suis
2772 5214 3167 5289 vacantibuS,
3203 5214 3446 5295 quieta-

1965 5327 2157 5399 toque
2208 5314 2504 5378 exteriori
2560 5312 2835 5375 tumultu
2884 5321 3075 5393 atquc
3118 5312 3447 5377 obstaculo
