4309 6259
864 486 982 551 302
1770 502 2118 550 mannum
2163 504 2225 549 ιΝ
2266 504 2404 550 ω.
2449 503 2470 548 1
2510 504 2638 550 son.
2684 525 2760 534 —-
2802 507 2946 552 aar.
2992 508 3053 553 tv

859 674 1030 737 zelus
1070 672 1466 755 exprimitur.
1509 673 1626 747 Qui
1671 683 1886 737 autem
1937 674 2163 756 repleti
2202 682 2351 737 sunt
2380 675 2431 738 A
2460 677 2765 741 mixtione
2812 678 3096 742 mortalis
3136 678 3377 761 peccati
3416 681 3789 745 sumendum
3822 690 3951 744 est.

859 771 1096 854 Spiritu
1129 772 1377 849 Sanct0,
1413 772 1504 834 sic
1533 772 2008 835 mansuetudini
2041 772 2351 854 simplici-
2456 777 2705 858 Alioqui
2740 796 2973 853 nonne,
2998 777 3154 839 Isaia
3176 786 3464 855 testante,
3492 780 3671 860 quasi
3690 798 3955 862 pannus
4008 794 4289 845 tauma

566 1164 828 1215 Prov.n,21.

607 1577 668 1621 Ie.
686 1591 743 1627 xi,
760 1581 800 1623 3.

857 871 1003 932 tatis
1042 870 1431 947 deserviunt,
1468 880 1536 933 ut
1575 881 1796 934 contra
1835 871 2347 952 delinquentium

859 970 1078 1051 culpas
1108 968 1454 1053 etiaszelo
1476 969 1878 1033 rectitudinis
1900 970 2342 1033 accendantur.

854 1068 1017 1131 ilinc
1064 1078 1126 1131 et
1164 1068 1460 1131 Salomon
1509 1072 1634 1133 duo
1683 1069 1802 1131 ista
1851 1069 2204 1151 conjungit,
2256 1069 2349 1131 di-

859 1187 1008 1231 cens
1042 1186 1057 1230 ι
1090 1168 1205 1243 Qui
1239 1169 1392 1231 recti
1433 1178 1601 1245 sunt,
1636 1168 2018 1231 habitabunt
2049 1168 2114 1229 in
2158 1178 2341 1245 terra,

857 1276 920 1330 et
949 1267 1271 1350 simplices
1303 1267 1769 1350 permanebunt
1798 1268 1864 1329 in
1895 1286 1992 1330 ea.

939 1371 1034 1428 Ac
1063 1370 1292 1429 timens
1317 1373 1545 1437 Deum,
1568 1368 1792 1430 timore
1821 1367 2030 1444 filiali,
2067 1386 2349 1431 reveren-

859 1465 996 1527 tiali
1043 1474 1108 1530 et
1153 1474 1353 1543 casto,
1398 1467 1510 1547 qui
1559 1486 1634 1529 ex
1681 1468 1930 1529 sincero
1976 1467 2085 1529 Dei
2132 1484 2347 1529 amore

859 1566 1252 1646 producitur,
1283 1556 1384 1628 'vel
1433 1565 1660 1629 timore
1698 1565 1835 1642 illo,
1869 1566 1979 1647 qui
2030 1584 2227 1627 unum
2268 1566 2347 1627 de

858 1672 1101 1745 septem
1130 1664 1314 1726 donis
1353 1673 1634 1727 vocatur.
1669 1663 1782 1726 Hic
1812 1664 2000 1728 timor
2037 1664 2116 1725 ad
2157 1681 2345 1726 omne

857 1760 1097 1824 bonum
1127 1761 1447 1838 sollicitat,
1483 1782 1680 1843 quum
1719 1763 1801 1824 sit
1843 1761 1992 1843 fuga
2032 1761 2184 1824 mali
2214 1761 2347 1824 cul-

2456 885 2862 939 menstruatae
2883 886 3033 939 sunt
3052 877 3365 941 universae
3382 878 3647 960 justitiae
3677 882 3951 942 nostrai?

2454 974 2624 1053 ¹·„2Ex
2653 974 3020 1057 praehabitis
3060 984 3253 1058 patet,
3289 977 3460 1057 quod
3485 976 3602 1040 Job
3639 976 3801 1040 hene
3834 978 3957 1039 ha-

2456 1072 2668 1135 buerit
2708 1092 2775 1135 sc
2812 1073 2890 1136 ad
2922 1074 3140 1151 Deum,
3173 1076 3252 1136 ad
3292 1075 3649 1157 proximum
3678 1076 3849 1138 etad
3878 1097 3955 1139 se

2455 1170 2688 1253 ipsum.
2720 1172 2797 1234 Ut
2825 1172 2995 1235 enim
3026 1173 3295 1235 Thomas
3327 1173 3431 1236 hic
3470 1174 3706 1250 scribit,
3742 1175 3955 1256 tripli-

2455 1268 2612 1332 citer
2657 1279 2877 1351 peccat
2922 1270 3133 1347 homo,
3184 1271 3431 1335 scilicet
3477 1272 3544 1333 in
3592 1273 3817 1349 Deum,
3874 1272 3947 1335 in

2455 1368 2835 1450 proximum,
2871 1369 2935 1430 in
2976 1389 3042 1432 se
3072 1370 3305 1452 ipsum.
3339 1370 3405 1432 ln
3445 1371 3798 1452 proximum
3830 1392 3954 1433 au-

2456 1476 2583 1529 tem
2610 1468 2972 1549 dupliciter,
2998 1468 3245 1532 scilicet
3272 1469 3519 1532 occulte
3547 1489 3661 1552 per
3689 1469 3953 1532 fraudu-

2456 1565 2738 1643 lentiam,
2772 1575 2835 1629 et
2859 1575 3075 1650 aperte
3115 1586 3227 1649 per
3256 1569 3653 1633 violentiam.
3683 1568 3797 1631 Joh
3828 1588 3951 1631 au—

2456 1672 2582 1727 tem
2612 1665 2969 1747 proximum
2991 1666 3137 1729 dolo
3158 1686 3285 1729 non
3306 1666 3725 1730 circumvenit
3748 1685 3763 1728 ι
3790 1684 3949 1729 nam

2455 1762 2708 1839 dicitur,
2733 1764 2881 1825 Erat
2900 1762 2998 1828 vir
3027 1764 3317 1846 simplex.
3342 1764 3465 1827 Nec
3494 1764 3557 1827 vi
3588 1764 3943 1847 oppressit:

857 1878 976 1940 pae‚
1000 1878 1110 1921 seu
1129 1858 1524 1923 abominatio
1551 1858 1821 1923 osfensae
1844 1861 1974 1937 Dei,
2001 1880 2194 1942 quem
2217 1877 2344 1940 quo
2380 1860 2427 1923 B
2457 1880 2600 1923 nam
2640 1861 2956 1939 subditur,
2988 1863 3063 1925 Et
3112 1872 3341 1926 rectus,
3384 1864 3559 1938 Quod
3608 1883 3756 1927 vero
3804 1882 3945 1927 non

855 1958 1141 2020 serenius
1188 1959 1643 2040 ardentiusque
1679 1978 1988 2037 amamuS,
2023 1978 2099 2023 eo
2139 1958 2343 2041 ipsius

855 2056 1406 2121 inhonorationem
1437 2058 1803 2139 diligentius
1833 2059 2167 2123 evitamus,
2199 2058 2343 2120 ldeo

2454 1961 2740 2041 peccavit
2777 1959 2844 2021 in
2873 1961 3092 2039 Deum,
3126 1970 3513 2025 monstratur
3548 1964 3700 2025 dum
3726 1962 3949 2044 Jungi-

2454 2066 2577 2134 tur,
2610 2061 2697 2121 Ac
2737 2058 2965 2122 timens
3004 2060 3223 2123 Deum.
3272 2060 3395 2124 Nec
3444 2060 3510 2123 in
3556 2080 3623 2125 sc
3669 2062 3885 2145 ipsum
3920 2080 3939 2123 ε

591 2173 828 2219 prowm.
856 2155 922 2217 in
952 2156 1307 2220 Proverbiis
1337 2158 1643 2240 scriptum
1681 2167 1778 2221 est
1809 2176 1823 2220 :
1854 2158 2065 2221 Timor
2093 2156 2343 2221 Domini
2444 2172 2599 2219 nam
2629 2157 2938 2239 sequitur,
2969 2158 3049 2220 Et
3076 2160 3375 2223 recedens
3402 2179 3439 2222 a
3480 2160 3668 2223 malo.
3702 2160 3935 2222 Malum

563 2240 631 2281 ²⁷·
855 2254 1001 2317 fons
1041 2256 1206 2333 vitae,
1243 2266 1312 2319 ut
1357 2256 1634 2320 declinet
1677 2276 1714 2318 a
1756 2257 1940 2319 ruina
1988 2256 2233 2320 mortis,
2266 2256 2342 2317 Et
2451 2256 2623 2319 enim
2651 2256 2797 2319 odio
2834 2256 3059 2319 habuit
3096 2267 3355 2339 propter
3394 2277 3483 2336 se,
3516 2266 3733 2341 utpote
3780 2258 3944 2341 quia

593 2364 826 2415 Recte-vu.
855 2354 1064 2418 denuo
1093 2354 1387 2418 Salomon
1415 2356 1506 2418 ait
1539 2373 1554 2418 ι
1586 2355 1703 2430 Qui
1733 2355 1912 2418 timet
1932 2356 2150 2433 Deum,
2178 2354 2341 2417 nihil
2451 2354 2711 2432 malum,
2744 2374 2871 2419 non
2918 2355 3125 2419 solum
3172 2364 3430 2439 propter
3476 2366 3935 2421 nocumentum

566 2432 633 2471 ¹⁹·
857 2452 1141 2533 negligit.
1166 2453 1308 2516 ldeo
1335 2454 1492 2516 dicit
1517 2454 1852 2535 Gregorius
1887 2471 1901 2516 :
1935 2455 2131 2517 Deum
2163 2454 2344 2516 time·
2452 2453 2727 2517 hominis
2756 2452 3204 2536 offensamque
3224 2456 3354 2519 Dei.
3378 2456 3699 2530 Quomodo
3718 2466 3939 2520 autem

856 2569 945 2628 re,
978 2560 1074 2615 est
1101 2552 1276 2614 nulla
1306 2572 1448 2633 quae
1479 2550 1770 2615 facienda
1809 2562 1960 2615 sunt
1989 2552 2335 2635 praeterire.
2448 2552 2565 2615 Job
2594 2553 2838 2616 dicatur
2865 2572 2982 2617 nec
3020 2554 3215 2618 verbo
3254 2574 3371 2618 nec
3410 2554 3579 2618 facto
3609 2574 3931 2638 peccasse,

856 2648 1177 2722 Quomodo
1214 2658 1426 2713 autem
1465 2659 1719 2713 sanctus
1746 2651 1862 2714 Job
1889 2652 2088 2714 Deum
2124 2652 2345 2715 timue-
2453 2650 2623 2713 infra
2651 2652 3089 2716 discutiemus,

613 2762 698 2806 10⁶
717 2774 828 2816 xxxx,
858 2750 962 2827 rit,
997 2750 1134 2833 ipse
1171 2750 1342 2813 infra
1381 2748 1618 2814 fatetur
1651 2770 1664 2814 ε
1699 2751 1979 2834 Semper,
2017 2752 2338 2835 inquienS,
2530 2751 2869 2833 Hucusque
2905 2760 3230 2815 ostensum
3268 2761 3385 2830 est,
3418 2753 3625 2834 qualis
3665 2753 3786 2816 fuit
3810 2752 3935 2817 Job

644 2958 794 3002 Εοοιί.

859 2849 1041 2930 quasi
1099 2856 1413 2913 tumentes
1471 2870 1662 2933 super
1707 2870 1810 2913 me
1859 2849 2098 2915 fluctus
2158 2851 2342 2914 timui

856 2947 1131 3011 Deum.0
1155 2967 1347 3029 quam
1375 2948 1596 3011 beatus
1625 2958 1721 3012 est
1745 2949 1848 3013 cui
1871 2951 2089 3013 datum
2121 2960 2219 3014 est
2248 2951 2342 3014 sic

2455 2849 2519 2911 in
2549 2849 2718 2913 bono
2746 2850 3117 2926 monastico,
3144 2851 3315 2931 quod
3344 2859 3439 2915 est
3459 2851 3697 2915 bonum
3726 2871 3943 2935 perso·

2455 2968 2573 3013 nae.
2605 2949 2841 3013 Deinde
2867 2949 3251 3013 describitur
3280 2951 3487 3032 qualis
3517 2951 3546 3012 f
3550 2952 3641 3014 uit
3667 2952 3735 3015 in
3762 2950 3943 3017 bono

564 3036 704 3073 ¹¹¹¹*
726 3023 791 3064 ¹⁷·
859 3045 1082 3109 timere
1109 3047 1306 3109 Deum
1331 3050 1344 3108 l
1381 3051 1464 3110 E'c
1487 3052 1777 3111 recedam
1800 3071 1841 3109 a
1867 3054 2064 3121 mal0,
2083 3060 2341 3131 peccata
2375 3051 2421 3117 G
2451 3048 2863 3126 oeconomico,
2889 3048 2952 3111 id
2974 3056 3070 3111 est
3096 3049 3459 3113 domestico.
3482 3053 3763 3131 Natique
3778 3064 3943 3114 sunt

857 3146 1137 3209 vitand0.
1161 3146 1490 3211 Peccatum
1512 3148 1682 3211 enim
1703 3156 1799 3211 est
1821 3147 2226 3230 fugibilitatis
2249 3150 2344 3212 in-
2449 3151 2512 3207 ei
2537 3158 2769 3225 septem
2786 3149 2945 3226 filii,
2965 3158 3025 3209 et
3047 3158 3170 3209 tres
3193 3151 3375 3226 filice.
3398 3148 3604 3213 Primo
3632 3149 3797 3213 beati
3814 3150 3945 3214 Job

859 3242 1082 3322 finitae,
1117 3264 1315 3326 quum
1345 3246 1426 3308 sit
1463 3247 1710 3311 aversio
1739 3267 1776 3309 a
1803 3247 1972 3311 bono
2001 3248 2337 3326 immenso,
2451 3246 2837 3328 prosperitas
2868 3245 3260 3324 notificatur,
3286 3256 3356 3309 ut
3382 3266 3460 3310 ex
3479 3249 3598 3311 hoc
3626 3250 3945 3330 magnitu-

855 3343 1260 3427 infinitaeque
1306 3346 1653 3428 majestatis
1685 3346 1792 3409 Dei
1841 3346 2145 3411 offensi0.
2198 3348 2341 3413 ldeo
2449 3346 2531 3408 do
2558 3364 2689 3409 suae
2714 3345 3115 3409 adversitatis
3144 3345 3377 3408 clarius
3408 3346 3804 3411 insinuetur:
3832 3367 3945 3433 op-

563 3461 826 3512 mama.
856 3443 1164 3525 scriptum
1202 3452 1298 3508 est
1330 3462 1345 3507 t
1378 3444 1564 3518 Quasi
1601 3464 1638 3507 a
1687 3442 1854 3508 facie
1891 3446 2138 3510 colubri
2192 3446 2343 3529 fuge
2451 3443 2655 3526 posita
2684 3444 2854 3507 enim
2882 3444 3058 3527 juxta
3088 3464 3157 3508 se
3185 3445 3413 3527 posita,
3446 3445 3721 3509 lucidius
3751 3447 3945 3513 inno-

591 3654 670 3697 Ps.
689 3665 770 3695 xxx

564 3718 654 3760 27.-

600 4836 826 4898 Bonan,

857 3552 1134 3625 peccata.
1177 3545 1324 3607 Duae
1361 3553 1575 3627 autem
1615 3554 1766 3607 sunt
1805 3554 2013 3627 partes
2049 3547 2337 3629 justitiae,

773 3666 828 3702 vn.
858 3660 1017 3722 quas
1057 3644 1256 3722 tangit
1291 3642 1638 3719 Psalmista,
1671 3644 1940 3707 dicendo
1973 3661 1987 3706 :
2022 3645 2277 3709 Declina
2302 3664 2339 3708 a

857 3740 1024 3803 malo
1057 3757 1072 3803 :
1104 3741 1183 3802 ad
1198 3742 1382 3823 ‘quod
1411 3741 1733 3826 pertinent
1760 3751 2072 3825 praecepta
2103 3745 2342 3825 negati-

851 3856 951 3917 va,
985 3859 1127 3921 quae
1156 3840 1439 3921 obligant
1469 3860 1719 3923 semper
1747 3850 1811 3904 et
1835 3842 1915 3903 ad
1947 3860 2201 3924 semper
2226 3862 2243 3923 3
2276 3853 2340 3907 et

847 3938 950 4001 fac
996 3938 1237 4002 bonum
1271 3939 1396 4002 :ad
1435 3940 1606 4021 quod
1647 3940 1970 4021 pertinent
2017 3951 2333 4025 praecepta

841 4036 1260 4115 affirmativa,
1294 4057 1436 4119 quae
1463 4038 1749 4119 obligant
1769 4057 2039 4120 semper,
2066 4042 2177 4103 sed
2208 4060 2334 4104 non

843 4137 922 4199 ad
952 4155 1223 4218 semper.
1255 4136 1591 4200 Receditur
1626 4145 1840 4200 autem
1868 4155 1905 4198 a
1933 4138 2100 4201 malo
2129 4139 2334 4221 culpae

2450 3549 2737 3618 tescunt3
2781 3543 2972 3605 simul
3010 3542 3203 3605 etiam
3239 3543 3320 3605 ad
3349 3544 3807 3608 ostendendum
3836 3547 3947 3625 (ut

2449 3640 2719 3703 Thomas
2757 3638 3073 3722 affirmat)
3110 3640 3278 3722 quod
3324 3660 3403 3703 ex
3447 3642 3653 3723 prima
3680 3642 3789 3705 Dei
3840 3642 3944 3706 in-

2448 3740 2731 3804 tentione
2783 3740 2973 3821 justis
3018 3758 3269 3822 semper
3312 3738 3478 3803 bona
3524 3749 3934 3822 praestantur,

2447 3857 2574 3901 non
2596 3838 2950 3922 spiritualia
2974 3846 3240 3916 tantum,
3266 3838 3376 3901 sed
3406 3839 3757 3923 corporalia
3778 3860 3938 3921 quo-

2447 3956 2572 4019 que
2622 3957 2698 4001 ac
2742 3938 3136 4020 temporalia.
3189 3936 3308 4001 Sed
3357 3939 3527 4019 quod
3579 3937 3935 4021 aliquando

2442 4036 2598 4118 justi
2632 4036 3121 4101 adversitatibus
3158 4034 3566 4116 affliguntur,
3606 4037 3690 4100 ob
3728 4039 3935 4120 speci-

2442 4135 2607 4197 alem
2652 4135 2933 4216 aliquam
2977 4134 3208 4197 accidit
3246 4154 3523 4198 causam.
3566 4135 3741 4199 Unde
3782 4146 3849 4201 et
3898 4156 3937 4201 a

844 4254 957 4317 per
994 4234 1227 4298 mentis
1266 4234 1665 4309 dissensum3
1709 4235 2030 4299 interdum
2072 4255 2331 4318 quoque
2362 4240 2413 4302 D
2444 4233 2759 4315 principio
2786 4233 2877 4296 sic
2908 4232 3236 4296 institutus
3266 4242 3363 4295 est
3389 4234 3600 4310 home,
3632 4243 3703 4297 ut
3734 4234 3936 4297 nullis

845 4340 910 4394 et
954 4351 1218 4415 corpore
1257 4333 1678 4396 recedendum
1707 4352 1743 4394 a
1774 4334 1963 4411 malo,
2001 4342 2070 4397 ut
2108 4354 2145 4396 a
2186 4335 2336 4398 cho-

849 4430 975 4493 reis
1003 4438 1195 4512 atque
1233 4431 1634 4513 spectaculis,
1668 4431 1830 4494 Dicit
1859 4432 1980 4495 hoc
2020 4431 2162 4497 loco
2189 4433 2337 4497 Gre-

852 4528 1067 4609 gorius
1119 4546 1134 4590 :
1183 4529 1400 4611 Neque
1446 4530 1613 4593 bona
1668 4549 1859 4613 opera
1906 4532 2033 4594 Deo
2076 4540 2335 4614 accepta

855 4636 1024 4706 sunt,
1058 4648 1200 4711 quae
1237 4638 1384 4693 ante
1429 4630 1568 4711 ejus
1604 4630 1824 4693 oculos
1870 4629 2185 4694 malorum
2230 4632 2340 4693 ad-

853 4726 1160 4791 mixtione
1200 4728 1621 4791 maculantur.
1654 4727 1814 4791 Hinc
1853 4747 2129 4810 namque
2170 4728 2341 4792 Salo-

853 4846 1006 4891 mon
1033 4827 1122 4889 ait
1147 4826 1295 4901 :Qui
1318 4827 1384 4889 in
1408 4846 1534 4891 uno
1555 4825 1924 4903 offenderit,
1949 4827 2150 4890 multa
2172 4828 2337 4890 bona

2442 4332 2799 4413 subjaceret
2824 4330 3337 4409 adversitatibuS,
3370 4330 3426 4393 si
3457 4332 3523 4393 in
3554 4332 3827 4397 innocen
3842 4333 3934 4396 tia

2442 4416 2913 4512 permansisset.
2945 4430 3335 4513 Principium
3362 4439 3575 4495 autem
3606 4440 3819 4514 tempo
3832 4452 3935 4495 ra-

2446 4529 2523 4591 lis
2553 4528 3011 4611 prosperitatiS,
3044 4538 3188 4611 post
3215 4529 3449 4592 bonam
3481 4530 3751 4612 proprIae
3780 4550 3933 4615 per-

2446 4645 2616 4689 sonae
2662 4626 3159 4704 consistentiam,
3193 4628 3486 4691 consistit
3532 4628 3600 4689 in
3638 4628 3933 4710 personis

2445 4726 2831 4807 conjunctiS,
2892 4726 3242 4808 praesertim
3296 4726 3363 4790 in
3420 4726 3660 4791 sobole.
3718 4726 3933 4790 Proles

2446 4826 2619 4889 enim
2647 4833 2742 4889 est
2771 4825 2953 4907 quasi
2989 4826 3234 4906 aliquid
3272 4844 3531 4889 suorum
3570 4834 3930 4909 parentum,

564 4912 630 4953 ¹⁸·
2449 4924 2798 4986 secundum
2837 4922 2995 4985 illud
3023 4922 3451 4986 Ecclesiastici
3486 4940 3500 4985 :
3534 4924 3805 4988 Mortuus
3834 4933 3936 4986 est
3990 4948 4267 4998 εωιεμι.

2449 5032 2627 5105 pater
2655 5022 2816 5104 ejuS,
2849 5030 2913 5085 et
2941 5021 3123 5103 quasi
3151 5040 3281 5085 non
3309 5030 3407 5086 est
3433 5031 3761 5097 mortuus;
3794 5020 3936 5085 reli·
3966 5015 4021 5055 ⁴·

2450 5122 2591 5204 quit
2618 5121 2789 5185 enim
2818 5120 3090 5184 similem
3122 5120 3245 5184 sibi
3278 5118 3515 5183 filium.
3548 5120 3689 5184 Ideo
3718 5120 3935 5183 fecun-

2448 5222 2613 5285 ditas
2642 5219 2838 5303 prolis
2876 5219 3044 5283 beati
3068 5220 3185 5283 Job
3224 5220 3598 5302 explicatur.
3630 5220 3821 5301 quue
3848 5220 3929 5282 ad

2452 5318 2889 5404 prosperitatis
2936 5327 3344 5400 augmentum
3390 5318 3721 5401 pertinuit,
3756 5318 3927 5401 quod

595 4972 754 5017 onto.
782 4986 826 5024 n.
855 4927 1087 5009 perdet.
1102 4927 1178 4988 Et
1195 4925 1460 4989 Jacobus
1479 4925 1896 5006 :Quicumque
1918 4933 2112 4988 totam
2134 4926 2337 5006 legem

565 5038 629 5081 ιο.
854 5025 1222 5102 servaverit,
1255 5023 1547 5087 offendat
1582 5032 1794 5088 autem
1836 5023 1903 5086 in
1945 5043 2093 5101 unc,
2129 5024 2339 5088 factus

589 5144 824 5194 teor.v‚⁶;
856 5134 952 5191 est
994 5124 1282 5189 omnium
1330 5142 1496 5186 reuS.
1538 5123 1767 5211 Paulus
1815 5141 2071 5204 quoque
2105 5141 2118 5185 ε
2152 5124 2343 5186 Modi-

563 5206 827 5257 ⁶⁶¹¹⁰⁸³·⁹·
855 5245 1024 5301 cum,
1043 5222 1272 5306 inquit,
1291 5222 1674 5286 fermentum
1697 5229 1890 5285 totam
1913 5240 2185 5285 massam
2209 5242 2343 5285 cor-

855 5322 1116 5407 rumpit.
1165 5321 1614 5384 Verumtamen
1663 5328 1866 5384 totum
1922 5320 2043 5384 hoc
2099 5320 2180 5385 de
2234 5318 2343 5384 ad-
