4309 6259
792 526 1144 574 manuario
1186 527 1247 572 m
1290 525 1426 573 m.
1474 525 1535 571 ιν
1578 525 1735 571 mmu
1776 524 1945 571 mum
1986 524 2514 608 ranauroussnon.
2559 545 2640 556 -
2680 527 2823 573 aar.
2869 526 2930 572 ιν
3279 509 3395 572 127

315 696 815 779 commoratique
845 705 997 759 sunt
1028 696 1141 774 ibi,
1166 696 1277 760 ubi
1308 715 1419 760 rex
1448 695 1543 760 eis
1572 695 1803 760 consti·
1830 695 1882 758 A
1911 695 2095 774 scire,
2128 698 2301 779 quod
2346 697 2550 760 tribus
2577 697 2738 760 Juda
2765 707 3048 782 tempore
3076 698 3264 762 Josue
3303 703 3398 761 tot

318 795 451 871 tuit,
484 803 551 857 et
580 813 801 858 eorum
834 795 1197 859 ministerio
1229 795 1640 876 congruebat.
1910 795 2133 859 habuit
2163 797 2368 874 urch,
2392 797 2564 878 quod
2595 797 2924 860 universas
2946 797 3098 860 satis
3130 797 3397 880 implere

386 893 868 975 consequenter
911 893 1296 958 describitur
1338 893 1675 976 progenies
1714 891 1808 954 Si·
1914 913 2025 956 seu
2057 895 2366 977 populare
2393 901 2456 957 et
2483 913 2796 978 occupare
2827 895 3139 977 nequivit.
3164 895 3396 960 Habuit

312 991 554 1055 meonis
611 1009 625 1054 :
676 992 867 1074 cujus
925 991 1300 1073 genealogia
1375 990 1591 1053 statim
1662 997 1806 1073 post

314 1090 811 1173 descriptionem
840 1091 1045 1154 tribus
1074 1091 1233 1153 Juda
1257 1089 1638 1165 annectitur,
1656 1107 1810 1170 quo—

316 1189 485 1252 niam
534 1189 743 1252 tribus
786 1189 1101 1253 Simeonis
1141 1189 1209 1251 in
1258 1188 1471 1253 medio
1520 1187 1808 1251 filiorum

90 1300 197 1342 :me
212 1311 289 1346 m.
314 1287 467 1349 Juda
488 1297 727 1350 sortem
750 1307 929 1350 suam
958 1287 1217 1370 accepit,
1245 1295 1315 1349 ut
1343 1287 1411 1349 in
1440 1286 1603 1351 libro
1621 1287 1810 1349 Josue

76 1367 144 1405 Η·
316 1385 641 1448 recitatur.
678 1389 846 1448 Filii
888 1388 1155 1448 Simeon
1200 1384 1480 1462 fuerunt,
1527 1388 1812 1450 Namuel

313 1495 371 1544 et
404 1487 665 1554 samin,
698 1486 909 1556 Iarib‚
954 1489 1156 1555 Zara,
1192 1487 1399 1555 Saul;
1442 1487 1694 1546 Selium
1733 1487 1812 1561 fi-

316 1585 444 1642 lius
464 1583 633 1659 ejus,
658 1584 957 1660 Mapsam
973 1583 1157 1660 filius
1175 1583 1339 1659 ejus,
1358 1585 1613 1643 Masma
1629 1583 1812 1660 filius

314 1681 472 1758 ejus.
500 1682 673 1740 Filii
694 1682 1293 1742 Masma.·Hamuel
1309 1683 1494 1758 filius
1508 1680 1677 1758 ejus,
1696 1682 1813 1740 Za-

314 1779 477 1838 ebur
493 1779 683 1856 fili-us
710 1779 875 1856 ejus,
898 1781 1113 1840 Semei
1128 1779 1315 1856 filius
1334 1779 1496 1856 ejus,
1520 1779 1688 1839 Filii
1706 1781 1813 1839 Se-

1914 993 2105 1056 ctiam
2154 993 2288 1056 haec
2335 992 2542 1056 tribus
2591 993 2783 1057 urbes
2831 993 3193 1075 dupliciter,
3245 1003 3398 1077 puta

1916 1110 2029 1174 per
2069 1090 2570 1168 concessionem,
2606 1089 2671 1153 id
2707 1099 2804 1154 est
2833 1109 3054 1156 omnes
3097 1112 3256 1175 quas
3289 1111 3400 1175 po-

1918 1189 2039 1251 tuit
2062 1207 2446 1272 expugnare,
2471 1197 2535 1252 et
2562 1207 2675 1271 per
2705 1189 3082 1254 divisionem
3115 1201 3284 1254 sorte
3307 1190 3402 1253 fa-

1916 1295 2106 1351 ctam.
2130 1287 2289 1350 Hinc
2317 1287 2564 1369 aliquas
2593 1287 2781 1350 urbes
2812 1307 2957 1350 suas
2979 1289 3296 1351 mutuavit
3323 1290 3401 1351 ad

1918 1393 2169 1466 tempus
2203 1383 2399 1448 tribui
2430 1384 2764 1460 Simeonis,
2788 1405 2948 1468 quas
2965 1406 3166 1468 quum
3200 1385 3401 1449 tribus

1919 1483 2232 1546 Simeonis
2281 1483 2392 1546 diu
2443 1482 2808 1560 habitasset,
2846 1483 3052 1547 noluit
3098 1504 3204 1548 eas
3251 1485 3406 1566 resi-

1918 1600 2113 1662 gnare
2146 1580 2340 1643 tribui
2369 1580 2568 1658 Juda3
2603 1600 2721 1644 nec
2751 1581 2920 1658 Saul,
2945 1581 3167 1644 odiens
3192 1582 3402 1665 ipsum

1920 1679 2138 1756 David,
2163 1679 2475 1761 compulit
2501 1678 2738 1742 tribum
2767 1679 3084 1743 Simeonis
3114 1682 3196 1743 ad
3227 1680 3404 1743 illam

1919 1777 2437 1858 resignationem.
2463 1777 2659 1840 David
2689 1786 2902 1840 autem
2935 1797 3129 1859 regno
3159 1779 3400 1861 adepto,

318 1877 735 1936 mei-sedecim
752 1885 815 1936 et
831 1877 993 1953 filice
1011 1897 1143 1938 sex.
1164 1879 1427 1938 Fratres
1441 1877 1811 1953 autemejus
1848 1878 1895 1940 B
1920 1875 2231 1957 compulit
2279 1894 2418 1938 eam
2459 1877 2538 1937 ad
2588 1875 2728 1938 hoc.
2785 1877 2966 1938 Villoe
3011 1897 3259 1958 quoque
3305 1897 3407 1937 eo-

318 1994 445 2034 non
462 1976 839 2034 habuerunt
866 1975 1039 2051 filios
1070 1978 1322 2035 multos.
1346 1973 1674 2036 Ponuntur
1703 1973 1811 2036 hic

318 2071 607 2152 quinque
636 2070 764 2133 filii
784 2071 1123 2134 Simeonis.
1144 2071 1593 2135 Verumtamen
1618 2071 1684 2133 in
1704 2071 1815 2134 Ge-

100 2183 295 2228 oemm.
322 2169 455 2232 nesi
486 2178 821 2252 ponuntur
854 2188 1001 2244 sex;
1037 2169 1147 2232 sed
1190 2188 1357 2231 unus
1402 2169 1661 2233 illorum
1692 2169 1813 2232 hoc

82 2247 131 2286 ¹⁰·
322 2268 458 2331 loco
486 2267 835 2344 omittitur,
849 2267 1002 2348 quia
1032 2267 1113 2330 de
1141 2285 1217 2330 eo
1234 2285 1361 2330 non
1380 2275 1479 2330 est
1508 2275 1647 2331 orta
1675 2286 1815 2351 pro—

92 2384 297 2433 xmmz.
320 2366 539 2444 genios
573 2365 814 2447 aliqua,
847 2367 1029 2446 juxta
1053 2365 1362 2443 Glossam,
1388 2366 1518 2430 imo
1549 2367 1615 2428 in
1648 2366 1814 2430 libro

84 2449 203 2493 ¹²¹³·
322 2465 741 2527 Numerorum
772 2463 892 2526 hoc
926 2471 1121 2546 patet.
1145 2463 1377 2527 Eadem
1408 2483 1668 2547 quoquc
1704 2484 1816 2529 no-

323 2563 496 2626 mina
544 2562 652 2626 hic
701 2571 767 2626 et
804 2561 894 2624 ibi
940 2562 1305 2643 aliqualiter
1352 2563 1703 2641 variantur,
1746 2571 1817 2626 ut

324 2661 725 2724 intuentibus
768 2669 1037 2724 constat.
1078 2664 1159 2724 Εἰ
1184 2664 1490 2722 universa
1522 2666 1816 2740 coynatio

321 2782 449 2821 non
466 2763 685 2838 potuit
705 2763 1051 2839 adaequare
1069 2781 1393 2822 summam
1410 2763 1707 2839 filiorum
1716 2765 1819 2823 Ju-

322 2862 431 2931 da,
466 2859 531 2920 id
554 2865 675 2934 est,
701 2856 905 2919 tribus
936 2857 1249 2920 Simeonis
1278 2859 1482 2922 multo
1514 2860 1723 2922 minor
1754 2868 1819 2923 et

326 2956 738 3040 impotentior
770 2954 897 3017 suit
928 2955 1100 3018 tribu
1116 2955 1459 3039 Juda,quae
1494 2976 1625 3041 pras
1657 2966 1820 3022 cete-

1920 1995 2064 2035 rum
2090 1996 2111 2034 .·
2137 1977 2352 2046 Etam,
2385 1985 2444 2034 et
2463 1975 2632 2044 Aen,
2659 1978 2972 2037 Remmon
3001 1985 3062 2036 et
3091 1977 3404 2049 Thoe-hen,

1918 2082 1978 2133 et
2019 2075 2222 2142 Asan,
2264 2074 2556 2133 civitates
2611 2074 2918 2152 quinque.
2974 2077 3056 2136 Εἰ
3117 2076 3410 2136 universi

1922 2173 2126 2232 viculi
2167 2191 2412 2242 eorum,
2445 2191 2569 2248 per
2607 2173 3024 2232 circumitum
3067 2175 3410 2234 civitatum

1922 2272 2224 2340 istarum,
2249 2289 2448 2348 usque
2475 2271 2563 2330 ad
2579 2273 2772 2330 Baal.
2799 2273 2951 2331 Hoec
2978 2280 3068 2331 est
3095 2273 3408 2333 habitatio

1921 2387 2143 2429 eorum
2171 2377 2230 2428 et
2257 2369 2512 2428 sedium
2536 2369 2929 2428 distributio,

2004 2468 2299 2529 Mosobab
2333 2485 2582 2547 quoque
2615 2475 2676 2526 et
2711 2467 3014 2538 Jemleck,
3047 2478 3107 2528 et
3145 2471 3294 2530 Josa
3331 2473 3412 2546 fi-

1927 2567 2055 2626 lius
2082 2565 2396 2635 Amasioe,
2423 2573 2484 2626 et
2519 2567 2678 2644 Joel,
2708 2575 2768 2625 et
2808 2568 2974 2627 Jeku
3017 2568 3200 2644 filius
3235 2571 3413 2629 Josa-

1926 2665 2065 2735 ὀίω,
2087 2665 2224 2742 filii
2254 2665 2534 2733 Saraioe,
2554 2665 2690 2740 filii
2707 2665 2908 2736 Asiel,
2942 2674 3002 2725 et
3033 2667 3333 2727 Elioenai
3351 2675 3410 2727 et

1920 2764 2153 2824 Jacoba
2188 2771 2248 2822 et
2277 2762 2552 2822 Isultaia
2580 2771 2640 2822 et
2669 2763 2874 2824 Asaia
2913 2772 2973 2823 et
3002 2766 3200 2824 Adiel
3226 2775 3286 2824 et
3317 2767 3410 2826 Is-

1926 2863 2079 2920 miel
2105 2869 2166 2920 et
2187 2861 2465 2932 Banaia,
2489 2861 2654 2921 Ziza
2683 2879 2928 2942 quoque
2945 2863 3130 2939 filius
3150 2864 3411 2940 Sephei,

1923 2959 2059 3035 filii
2086 2962 2311 3028 Alton,
2329 2959 2464 3034 filii
2484 2959 2706 3028 Idaia,
2725 2960 2862 3036 filii
2880 2962 3117 3030 Semri,
3135 2962 3270 3036 filii
3298 2965 3412 3022 Sa·

326 3057 409 3118 ris
442 3055 741 3119 tribubus
774 3053 1071 3132 nobilior,
1104 3055 1425 3139 copiosior
1466 3066 1531 3120 et
1559 3057 1818 3122 bellico—
1853 3060 1897 3124 C
1929 3059 2126 3118 maia.
2162 3058 2285 3117 Isti
2311 3067 2465 3118 sunt
2493 3058 2821 3117 nominati
2841 3059 3174 3136 principes
3203 3063 3276 3120 in
3317 3080 3414 3122 co-

90 3171 301 3222 sas-ems.
326 3155 451 3218 sior
472 3155 633 3217 fuit:
660 3155 805 3217 ideo
824 3152 1032 3216 tribus
1053 3153 1368 3217 Simeonis
1390 3154 1558 3218 intra
1581 3165 1817 3221 sortem
1919 3157 2341 3233 ,quationibus
2365 3156 2503 3215 suis
2517 3178 2542 3226 ,·
2570 3163 2632 3215 et
2667 3156 2742 3215 in
2781 3158 2966 3216 domo
3013 3159 3410 3232 affinitatum

106 3563 229 3607 vm
236 3569 301 3616 ,εκ
330 3549 393 3611 ἰιι
412 3550 585 3613 tribu
608 3550 923 3614 Simeonis
944 3549 1413 3633 quinquaginta
1430 3569 1660 3615 novem
1681 3553 1821 3614 mil-

112 3955 200 3999 uid.

320 3253 477 3317 Juda
513 3253 883 3316 mansiones
912 3252 1137 3316 sortita
1166 3261 1261 3316 est
1301 3255 1381 3317 ad
1422 3255 1522 3316 sui
1566 3257 1819 3320 tutatio-
1925 3273 2198 3314 suarum
2233 3255 2659 3330 multiplicati
2693 3263 2846 3314 sunt
2883 3255 3300 3317 vehementer.
3325 3259 3413 3320 Et

328 3371 469 3414 nem
499 3361 697 3434 atque
722 3350 1077 3414 munimen.
1102 3351 1553 3416 Verumtamen
1587 3354 1657 3416 in
1691 3356 1820 3437 pri·
1920 3353 2198 3431 profecti
2233 3361 2411 3421 sunt,
2441 3359 2517 3411 ut
2547 3353 3041 3428 inyrederentur
3072 3357 3146 3415 in
3171 3357 3408 3430 Gador,

328 3469 427 3512 ma
476 3450 765 3514 tribuum
818 3451 1008 3515 lsrael
1048 3451 1512 3529 numeratione,
1557 3451 1819 3517 fuerunt
1928 3469 2127 3530 usque
2165 3453 2253 3510 ad
2288 3450 2599 3510 orientem
2621 3451 2839 3521 vallis,
2859 3460 2919 3510 et
2953 3462 3026 3513 ut
3056 3465 3414 3532 quoererent

1918 3567 2165 3626 pascua
2199 3549 2502 3625 yreyibus
2542 3549 2699 3609 suis.
2734 3553 3258 3630 Inveneruntque
3291 3573 3412 3632 pa-

332 3647 413 3710 lia
432 3649 737 3725 trecenti3
759 3650 842 3712 dc
858 3649 1019 3712 Juda
1048 3667 1200 3713 vero
1230 3648 1633 3731 septuaginta
1665 3669 1819 3732 qua·
1925 3665 2109 3707 seuas
2131 3648 2345 3706 uberes
2365 3656 2424 3706 et
2445 3649 2631 3707 valde
2650 3648 2864 3716 bonas,
2885 3667 2956 3708 m
2980 3657 3217 3710 terram
3241 3653 3415 3712 latis-

330 3756 469 3810 tuor
488 3747 697 3810 millia
722 3747 1019 3822 sexcenti,
1040 3755 1108 3809 ut
1129 3747 1195 3808 in
1218 3747 1381 3810 libro
1400 3747 1816 3811 Numerorum
1925 3747 2162 3807 simam
2189 3755 2250 3806 et
2277 3747 2562 3823 quietam
2594 3755 2654 3806 et
2672 3746 2975 3823 fertilem,
3001 3749 3074 3808 in
3101 3768 3231 3828 qua
3264 3759 3413 3810 ante

332 3847 619 3910 habetur.
662 3846 856 3909 Porro
906 3846 974 3908 in
1022 3846 1303 3908 secunda
1343 3846 1625 3908 tribuum
1665 3865 1820 3910 enu-
1928 3845 2379 3905 habitaverant
2397 3847 2477 3904 de
2492 3845 2693 3918 stirpe
2722 3845 2936 3905 Ckam.
2960 3845 3054 3905 Hi
3070 3865 3218 3921 erqo
3238 3867 3414 3907 vene·

99 4021 135 4060 ss
164 3973 303 4062 „m”
332 3947 679 4009 meratione
728 3943 990 4008 suerunt
1030 3945 1111 4007 de
1154 3944 1447 4007 Simeone
1494 3946 1821 4008 dumtaxat
1928 3952 2106 4013 runt,
2128 3962 2283 4021 quos
2299 3960 2500 4018 supra
2519 3942 2974 4017 descripsimus
2999 3945 3409 4014 nominatim.

330 4045 553 4123 viginti
598 4045 727 4106 duo
772 4042 978 4105 millia
1017 4041 1313 4117 ducenti3
1362 4043 1443 4105 de
1468 4043 1628 4106 Iuda
1668 4063 1819 4107 vero
1928 4041 2001 4102 in
2020 4043 2244 4100 diebus
2266 4041 2558 4102 Ezechiae
2582 4040 2750 4115 reyis
2767 4040 2983 4111 Juda,·
3007 4049 3068 4100 et
3093 4060 3412 4117 percusse-

329 4143 729 4227 septuaginta
758 4160 870 4204 sex
901 4140 1104 4203 millia
1134 4141 1470 4223 quingenti
1502 4149 1605 4204 :et
1634 4142 1719 4205 ita
1751 4142 1817 4205 in
1927 4147 2083 4200 runt
2104 4139 2520 4198 tabernacula
2537 4146 2863 4207 eorum,et
2887 4139 3276 4200 habitatores
3294 4143 3412 4220 qui

328 4249 507 4304 terrai
534 4239 855 4303 divisione
884 4239 1159 4301 multum
1188 4238 1465 4301 distabat
1502 4239 1703 4302 tribus
1727 4240 1821 4304 Si·
1848 4243 1897 4305 D
1928 4237 2182 4297 inventi
2198 4239 2467 4315 fuerant
2485 4236 2596 4304 ibi,
2618 4243 2676 4296 et
2699 4238 3070 4298 deleverunt
3092 4257 3194 4298 eos
3215 4259 3413 4318 usque

326 4339 569 4402 meonis
606 4359 644 4400 a
672 4337 1135 4401 numerositate
1180 4335 1465 4399 filiorum
1492 4338 1675 4400 Juda.

414 4439 897 4499 Habitaverunt
945 4445 1163 4496 autem
1210 4437 1285 4495 in
1334 4439 1643 4496 Bersabee
1690 4436 1815 4500 filii

326 4533 656 4611 SimeoniS,
701 4545 763 4596 et
794 4537 1089 4602 Molaria,
1126 4543 1187 4593 et
1232 4535 1304 4594 in
1337 4536 1725 4607 Hasarsual,
1758 4546 1818 4597 et

326 4635 395 4693 in
420 4637 615 4703 Bata,
630 4635 787 4694 etin
809 4635 1027 4702 Asem‚
1046 4633 1201 4692 etin
1232 4631 1493 4704 Tholad,
1519 4635 1673 4693 etin
1696 4637 1818 4694 Ba-

330 4731 528 4801 tlmel,
554 4741 615 4792 et
644 4734 715 4792 in
748 4733 1021 4800 Horma,
1054 4739 1114 4790 et
1142 4731 1216 4790 in
1249 4731 1517 4807 Siceley,
1550 4741 1609 4791 et
1630 4734 1818 4793 Beth-

328 4829 762 4897 marchaboth,
791 4837 850 4888 et
880 4829 1329 4897 Hasarsusim‚
1364 4837 1424 4888 et
1460 4829 1529 4888 in
1561 4831 1817 4889 Bethbe-

330 4927 456 4995 rai,
476 4936 537 4986 et
564 4927 635 4986 in
664 4927 965 4994 Saarim,
985 4923 1049 4985 id
1078 4931 1173 4987 est
1202 4923 1361 4987 urbe
1387 4924 1693 4989 Bersabee
1724 4927 1815 4990 sic

332 5023 501 5085 dicta
528 5031 592 5086 et
617 5022 763 5085 aliis
794 5022 1087 5098 urbibuS,
1111 5041 1255 5105 quoe
1283 5023 1764 5105 exprimuntur
1746 5045 1813 5087 in

118 5129 309 5177 lou-em
336 5121 575 5184 littera:
607 5142 749 5204 quae
778 5121 941 5185 etin
969 5122 1158 5184 Josue
1196 5120 1662 5184 describuntur.
1698 5128 1817 5186 Hoe

98 5193 133 5232 ¹
118 5195 183 5250 ⁸⁸¹
336 5221 619 5282 civitates
644 5241 751 5281 eor
754 5241 867 5281 um
889 5240 1089 5300 usque
1110 5223 1199 5281 ad
1228 5241 1438 5297 regem
1456 5223 1696 5282 David.
1722 5221 1814 5284 Ad

335 5317 517 5398 cujus
546 5318 721 5382 verbi
752 5317 1149 5380 intellectum
1180 5310 1544 5381 habendum
1567 5325 1817 5399 oportet

1926 4337 1999 4396 in
2020 4344 2400 4413 praesentem
2428 4335 2598 4393 diem
2620 4357 2647 4404 ,·
2685 4336 3267 4417 habitaveruntque
3288 4359 3410 4416 pro

1923 4435 2041 4502 eis,
2087 4433 2398 4512 quoniam
2447 4433 2806 4492 uberrimas
2843 4451 3122 4510 pascuas
3172 4438 3411 4499 ibidem

1923 4540 2319 4610 repererunt.
2345 4529 2473 4593 Hoc
2503 4529 2570 4591 in
2601 4529 2740 4594 loco
2762 4530 3136 4595 nominatim
3170 4552 3413 4617 ponun-

1924 4637 2027 4691 tur
2054 4627 2312 4711 quidam
2345 4627 2467 4690 viri
2500 4636 2788 4710 potentes
2817 4631 2896 4692 de
2932 4632 3173 4696 semine
3217 4632 3413 4697 Sime-

1922 4727 2087 4804 oniS,
2128 4725 2241 4809 qui
2275 4744 2536 4807 magnas
2573 4736 2934 4806 genuerunt
2977 4731 3404 4810 posteritateS,

1921 4845 2065 4907 quae
2095 4825 2358 4888 insimul
2389 4825 2792 4905 conglobatas,
2817 4835 3099 4909 tempore
3123 4829 3404 4894 Ezechiae

1924 4924 2113 5006 regiS,
2144 4932 2595 5007 percusserunt
2635 4924 2700 4986 in
2732 4925 2872 4988 loco
2913 4926 3026 5007 qui
3073 4927 3281 4989 dictus
3312 4937 3408 4991 est

1920 5023 2146 5101 Gador,
2192 5024 2498 5106 populum
2540 5025 2880 5106 quemdam
2927 5032 3143 5087 natum
3189 5027 3267 5089 de
3303 5043 3411 5105 ge-

1924 5141 2073 5185 nere
2122 5121 2640 5199 Chananaeorum,
2692 5122 3238 5205 possederuntque
3285 5133 3410 5188 ter-

1923 5217 2056 5283 ram
2086 5239 2328 5296 eorum,
2363 5239 2508 5301 quae
2537 5219 2857 5283 uberrima
2887 5229 3021 5283 erat
3058 5228 3122 5283 et
3151 5241 3410 5304 pascua-

1922 5319 2022 5395 lis,
2074 5327 2266 5399 atque
2313 5337 2426 5400 per
2482 5319 2602 5382 hoc
2650 5318 2981 5400 aptissima
3029 5319 3406 5386 Simeonitis
