4309 6259
629 868 694 911 1⁸.
711 881 816 917 uw,
833 869 874 908 6.

909 480 1030 542 432

1743 494 2090 541 numano
2132 495 2196 540 IN
2236 495 2373 541 cn.
2419 494 2485 540 11
2523 495 2651 541 JOB.
2696 515 2776 527 —
2816 497 2959 543 Am.
3006 496 3161 543 111ss

907 686 1038 729 rem
1087 667 1372 748 justitiae.
1415 667 1514 730 Sic
1562 668 1734 730 enim
1773 666 2089 731 universae
2133 665 2401 747 justitiae
2434 664 2486 727 A
2514 666 2701 748 tingit
2748 669 2867 732 hoc
2918 668 3241 745 virtuosis,
3276 676 3345 730 ut
3390 676 3533 749 post
3574 667 3767 730 altam
3812 666 3991 729 coele-

907 773 1135 828 nostrae
1156 774 1369 829 essent
1399 765 1855 847 multipliciter,
1875 764 2003 827 imo
2025 774 2087 826 et
2109 762 2404 827 ineffabi-

905 863 1050 926 liter
1069 864 1468 939 defectuosae,
1484 874 1555 926 ut
1585 883 1834 945 pannus
1855 864 2076 944 utique
2097 870 2405 925 menstru-

905 970 1034 1025 atae.
1061 965 1140 1023 Ει
1161 967 1391 1043 loquar
1413 965 1617 1023 verbis
1640 964 1813 1031 meis,
1833 962 1896 1023 id
1919 969 2110 1024 estex
2142 961 2402 1044 proprio

905 1080 1097 1123 sensu
1131 1060 1442 1138 formatiS‚
1477 1083 1624 1123 eum
1654 1082 1748 1132 ee,
1779 1060 1963 1143 quasi
2008 1080 2084 1123 ex
2117 1078 2301 1141 aequo
2339 1067 2402 1123 et

905 1160 1322 1236 contentiose,
1359 1179 1470 1222 seu
1517 1160 1655 1240 ejus
1688 1159 1932 1241 judicia
1978 1158 2171 1220 nimis
2211 1158 2401 1220 auda-

905 1266 1039 1319 cter
1081 1258 1466 1321 scrutando?
1509 1258 1980 1334 Verumtamen,
2023 1256 2399 1319 affectuosis

905 1356 1226 1438 precibuS,
1279 1356 1654 1438 devotisque
1692 1356 2008 1431 laudibuS‚
2055 1374 2395 1437 possumus

902 1463 966 1517 et
1003 1456 1310 1519 dehemus
1347 1455 1584 1536 jugiter
1634 1454 1874 1535 alloqui
1926 1456 2161 1529 Deum3
2216 1461 2278 1517 et
2328 1454 2394 1515 in

900 1554 1019 1617 hoc
1064 1553 1410 1617 distributa
1457 1562 1556 1617 est
1611 1552 1794 1616 nobis
1845 1573 1882 1615 a
1929 1554 2056 1616 Deo
2115 1552 2393 1633 dignitas

897 1653 1318 1733 praeamanda,
1347 1652 1517 1733 quod
1543 1651 1979 1714 indesinenter
2011 1650 2259 1713 licitum
2282 1668 2394 1713 no-

894 1751 994 1812 bis
1043 1760 1140 1813 cst
1190 1771 1336 1814 cum
1377 1751 1503 1813 Deo
1543 1751 1866 1812 adorando
1917 1748 2152 1812 habere
2201 1749 2392 1812 collo-

2512 766 2703 828 stium
2736 766 3361 849 contemplationem,
3391 765 3743 828 ferventem
3775 764 3843 825 in
3873 765 3992 827 Deo

2510 864 2945 941 affectionem,
2964 865 3347 947 praecipuam
3379 872 3609 927 sanctae
3638 862 3991 925 devotionis

2511 963 2923 1040 alacritatem,
2976 964 3188 1027 subito
3248 962 3707 1027 tentationibus
3758 961 3993 1041 agiten-

2513 1070 2632 1139 tur,
2670 1062 2851 1125 vanis
2880 1070 2943 1125 et
2973 1061 3221 1126 frivolis
3250 1060 3745 1143 cogitationibus
3776 1059 3993 1141 imple·

2508 1170 2717 1237 antur,
2752 1161 2999 1224 vitiosis
3048 1162 3417 1243 passionum
3464 1158 3745 1222 motibus
3792 1158 3991 1239 impu·

2505 1269 2783 1339 gnentur
2816 1277 2830 1321 ε
2864 1258 2929 1321 in
2980 1268 3249 1336 tantum,
3294 1268 3363 1321 ut
3412 1258 3532 1341 ipsi
3582 1257 3990 1319 vehementer

2506 1358 2837 1435 mirentur,
2858 1359 3176 1441 quomodo
3206 1366 3349 1440 post
3380 1366 3617 1419 tantam
3650 1356 3717 1417 in
3749 1356 3879 1417 Deo
3906 1373 3989 1417 se-

2505 1456 2837 1520 renitatem
2872 1458 3063 1520 tantis
3094 1466 3354 1539 repente
3374 1455 3759 1537 caliginibus
3794 1453 3989 1517 invol-

2504 1564 2754 1618 vantur.
2780 1555 2936 1617 Hinc
2966 1572 3115 1634 ergo
3142 1573 3359 1617 eorum
3394 1572 3572 1616 mens
3602 1572 3679 1615 ex
3712 1552 3853 1633 ipsa
3882 1569 3991 1612 sua

2503 1653 2922 1716 alternatione
2952 1661 3016 1716 et
3044 1652 3468 1715 mutabilitate
3501 1652 3578 1713 fit
3606 1650 3879 1733 trepida,
3904 1660 3990 1711 at·

2501 1771 2627 1833 que
2658 1771 2771 1834 per
2801 1751 2935 1815 haec
2964 1771 3108 1834 quae
3129 1752 3353 1814 nolens
3382 1751 3640 1833 patitur,
3664 1748 3985 1831 repulsam

894 1850 1116 1931 quium
1163 1867 1177 1911 :
1229 1850 1294 1911 in
1336 1868 1466 1931 quo
1514 1858 1578 1911 et
1617 1849 1849 1911 divinae
1891 1848 2243 1929 maJestatis
2294 1848 2390 1909 in-
2426 1849 2472 1911 B
2502 1869 2569 1913 se
2599 1850 2969 1933 suspicatur,
2992 1868 3264 1932 suasque
3289 1868 3507 1931 preces
3536 1846 3989 1929 abjectaS,qui-

894 1949 1082 2011 finita
1127 1957 1517 2011 monstratur
1571 1947 1877 2029 dignatio.
1935 1950 2082 2020 Qui,
2131 1949 2391 2007 etiamsi

891 2050 1168 2109 habuero
1207 2050 1552 2127 quidpiam
1579 2050 1871 2125 justam,
1905 2047 1969 2108 id
2015 2056 2133 2124 est,
2167 2066 2390 2127 quam-

825 2214 842 2227 ,
894 2145 992 2210 vis
1041 2144 1222 2208 fuero
1269 2146 1504 2226 justus,
1547 2166 1676 2206 non
1719 2148 2126 2223 respondebo,
2162 2144 2223 2207 id
2266 2152 2383 2221 est,

891 2244 969 2307 ad
1016 2245 1526 2327 respondendum
1570 2244 1917 2307 secundum
1963 2243 2237 2325 rigorem
2289 2244 2389 2324 ju-

893 2343 1082 2406 stitiae
1130 2362 1232 2407 me
1280 2342 1580 2406 exhibere
1643 2362 1769 2405 non
1819 2343 2022 2406 audeo
2075 2344 2222 2417 Deo,
2278 2343 2387 2405 sed

890 2441 1392 2505 misericordiam
1440 2450 1606 2523 pcto,
1649 2441 1802 2522 quia
1849 2448 1912 2503 et
1951 2458 2096 2503 mea
2136 2440 2390 2520 justitia

890 2540 1366 2620 comparatione
1392 2540 1657 2620 justitiae
1687 2539 1818 2615 Dei,
1841 2538 2080 2601 nullius
2113 2557 2389 2601 momen-

894 2639 942 2701 ti
972 2647 1181 2720 potest
1209 2638 1472 2702 censeri.
1493 2638 1649 2700 Hinc
1682 2637 1839 2700 dicit
1856 2637 2195 2717 Gregorius
2216 2655 2230 2698 :
2250 2635 2389 2699 Om-

893 2740 995 2800 nis
1026 2737 1303 2799 humana
1332 2736 1600 2817 justitia,
1626 2736 1946 2817 injustitia
1966 2754 2103 2799 esse
2125 2734 2389 2798 convin-

893 2837 1079 2913 citur,
1115 2836 1169 2898 si
1200 2836 1484 2897 districte
1511 2835 1855 2915 judicetur.
1891 2834 2032 2897 ldeo
2065 2834 2383 2911 subditur,

2500 1948 2617 2010 bus
2657 1949 2721 2010 in
2763 1949 3111 2031 praehabita
3150 1948 3490 2011 serenitate
3522 1946 3821 2021 stabiliri,
3858 1946 3984 2007 imo

2499 2056 2562 2110 et
2592 2046 2819 2129 perfici
2852 2047 3157 2111 exoravit.

2581 2146 2864 2228 Insuper,
2916 2148 3081 2210 Deus
3140 2164 3355 2209 servos
3414 2158 3581 2207 suos·
3616 2143 3989 2225 frequenter

2500 2245 2938 2325 ignorantibus
2982 2245 3075 2307 eis
3115 2244 3393 2319 exaudit,
3430 2252 3493 2307 et
3530 2243 3801 2323 gratiam
3842 2260 3989 2305 con-

2496 2344 2777 2425 cupitam
2808 2343 3267 2406 insensibiliter
3288 2341 3446 2425 ipsis
3478 2340 3799 2415 infundit;
3832 2340 3987 2403 mul-

2498 2442 2816 2523 totiesque
2859 2442 3148 2522 largitur,
3182 2442 3355 2523 quod
3394 2440 3497 2505 vix
3536 2440 3883 2504 credebant
3920 2460 3985 2503 se

2498 2540 2856 2617 sortiturOS‚
2918 2541 3222 2623 quoniam
3283 2540 3419 2622 ipse
3477 2538 3985 2621 supergloriosus

2496 2640 2681 2715 DeuS‚
2718 2638 2976 2702 infinite
3006 2659 3076 2702 ac
3110 2638 3482 2702 naturaliter
3518 2638 3749 2714 bonuS,
3784 2638 3985 2700 abun-

2496 2740 2713 2801 dantia
2751 2738 3003 2821 pietatis
3046 2758 3173 2801 suae
3214 2738 3441 2801 merita
3479 2738 3845 2819 supplicum
3886 2756 3987 2799 ex-

2497 2837 2665 2900 cedit
2698 2846 2761 2900 et
2784 2846 2950 2900 vota.
2966 2836 3176 2899 Nihilo
3196 2837 3410 2898 minus
3433 2837 3595 2898 Deus
3618 2834 3987 2916 frequenter

613 2961 865 3011 p,‚0m.‚2,
893 2938 1003 2996 sed
1025 2936 1540 3012 meumjude?eem
1559 2933 2195 3011 deprecabor‚dicens
2217 2952 2229 2994 :
2252 2932 2386 2995 Non
2500 2935 2587 2997 ita
2616 2955 2764 2998 suos
2795 2935 3071 3011 exaudit,
3105 2935 3276 3016 quod
3316 2954 3443 2997 non
3484 2934 3690 2997 solum
3718 2934 3985 2996 credunt

899 3035 1095 3096 intres
1127 3033 1192 3093 in
1222 3032 1534 3113 judicium
1557 3051 1700 3095 cum
1724 3050 1904 3094 servo
1937 3029 2384 3111 tuo,Domine;
2426 3036 2470 3100 C
2499 3042 2563 3097 et
2591 3034 2823 3109 sciunt,
2850 3034 2977 3097 imo
3006 3043 3070 3097 et
3099 3032 3441 3114 magnifice
3470 3033 3889 3115 experiuntur
3918 3050 3984 3093 se-

599 3140 960 3209 Ps.xv=11,1³.et
994 3149 1008 3193 :
1044 3131 1136 3193 Ab
1184 3130 1450 3194 occultis
1487 3130 1647 3193 meis
1687 3130 1927 3192 munda
1965 3149 2090 3207 me,
2126 3129 2280 3212 quia
2320 3129 2383 3191 in
2498 3132 2846 3209 exauditOS,
2872 3132 3177 3209 dicentes,
3200 3131 3435 3213 gratias
3470 3130 3804 3193 referendo
3838 3148 3981 3192 cum

898 3238 1006 3291 tua
1049 3229 1385 3293 clementia
1432 3228 1645 3311 potius
1682 3248 1875 3311 quam
1917 3228 1981 3290 in
2022 3247 2163 3291 mea
2202 3245 2387 3310 spero
2494 3230 2825 3293 Psalmista
2859 3248 2873 3291 :
2904 3230 3280 3293 Benedictus
3312 3229 3639 3305 Dominus,
3672 3228 3975 3310 quoniam
4026 3250 4245 3299 eamme.

600 3358 864 3407 pamma,
894 3327 1143 3408 justitia
1179 3346 1192 3389 :
1226 3328 1404 3409 juxta
1435 3327 1495 3388 id
1527 3327 1771 3404 Daniel,
1806 3327 2020 3408 Neque
2051 3326 2118 3389 in
2149 3324 2389 3407 justifi-
2495 3329 2816 3392 exaudivit
2866 3347 3085 3391 vocem
3134 3327 3599 3409 deprecationis
3656 3346 3817 3391 meae
3850 3351 3867 3399 ;
3920 3335 3981 3390 et

895 3426 1253 3489 cationibus
1283 3426 1517 3489 nostris
1553 3426 2012 3507 prosternimus
2042 3444 2262 3507 preces
2282 3442 2388 3486 an·
2497 3429 2647 3491 item
2676 3444 2689 3489 τ
2720 3426 3089 3489 Benedictus
3120 3426 3425 3489 Dominus
3444 3425 3555 3508 qui
3581 3444 3709 3489 non
3741 3426 3979 3491 amovit
4010 3452 4260 3497 affigas

897 3533 956 3587 te
988 3524 1216 3588 faciem
1249 3534 1442 3601 tuam,
1477 3525 1588 3587 sed
1619 3524 1684 3585 in
1708 3524 2226 3587 miserationibus
2260 3522 2385 3584 tuis

893 3623 1135 3686 multis,

973 3724 1056 3783 Ec
1073 3744 1276 3801 quum
1297 3723 1700 3782 invocantem
1724 3743 1821 3781 me
1838 3724 2234 3789 eoeaudierit,
2250 3740 2381 3781 non

888 3823 1072 3880 credo
1115 3824 1286 3901 quod
1327 3822 1698 3881 eoeaudierit
1740 3840 1947 3881 vocem
1991 3840 2223 3880 meam.
2270 3818 2386 3881 Lo-

888 3918 1108 3998 quitur
1146 3927 1402 3981 sanctus
1439 3917 1554 3980 Job
1596 3917 1661 3979 in
1703 3936 1973 3999 persona
2013 3918 2110 3979 sui
2153 3917 2377 3999 ipsiuS,

884 4016 1284 4097 aliorumque
1301 4017 1618 4098 justorum
1649 4016 1928 4096 graviter
1947 4015 2368 4092 afflictorum,

884 4116 996 4197 qui
1026 4114 1394 4198 frequenter
1426 4124 1709 4197 tempore
1737 4134 1868 4178 suae
1896 4115 2207 4196 angustiae
2241 4134 2382 4197 pre·

2494 3526 2845 3590 orationem
2888 3544 3116 3609 meam,
3150 3533 3213 3588 et
3252 3524 3756 3588 misericordiam
3796 3544 3975 3587 suam

2494 3645 2532 3688 a
2561 3644 2683 3688 me.

2573 3724 2808 3787 Deinde
2836 3721 3043 3805 aperit
3069 3740 3475 3797 causam,cur
3495 3721 3675 3798 dixit,
3692 3721 3829 3785 Non
3852 3741 3977 3785 cre-

2476 3804 2575 3885 ‘do
2596 3823 2767 3905 quod
2800 3819 3152 3884 exaudierit
3172 3839 3392 3883 vocem
3426 3839 3653 3883 meam.
3678 3824 3760 3882 In
3786 3823 3983 3881 turbi-

2492 3941 2571 3982 ne
2598 3923 2796 3990 enim,
2832 3918 2894 3981 id
2925 3927 3020 3981 est
3050 3918 3502 3981 adversitatum
3534 3917 3982 3998 inquietudine

2490 4018 3056 4100 angustiarumque
3102 4016 3401 4094 tenebris,
3436 4027 3710 4078 conteret
3760 4038 3883 4086 me,
3916 4017 3979 4077 id

2490 4126 2606 4195 est,
2633 4117 2771 4179 dire
2800 4114 3074 4195 affliget,
3098 4123 3162 4178 et
3190 4116 3371 4197 quasi
3404 4124 3757 4189 consumet,
3776 4134 3977 4196 quum

889 4233 994 4277 ces
1040 4213 1322 4277 fundunt
1365 4215 1444 4276 ad
1490 4216 1706 4291 Deum,
1743 4222 1810 4276 ut
1858 4214 2219 4277 releventur
2268 4232 2381 4276 seu
2414 4221 2461 4282 D
2496 4226 2704 4279 tamen
2737 4214 3047 4278 oraverim
3080 4214 3385 4289 relevari3
3428 4224 3487 4275 et
3516 4217 3979 4291 multiplicabit

889 4314 1014 4377 alia
1045 4319 1538 4394 consequantur,
1572 4332 1714 4394 quae
1742 4314 2128 4395 quandoque
2157 4331 2381 4375 eorum

892 4412 1082 4474 saluti
1114 4412 1213 4475 vel
1245 4430 1374 4474 non
1407 4410 1777 4493 proficiunt,
1802 4412 1900 4477 vel
1933 4413 2149 4475 minus
2182 4410 2384 4495 profi-

893 4512 1096 4574 ciunt.
1128 4511 1305 4573 Unde
1333 4511 1400 4571 in
1432 4510 1666 4573 talibus
1698 4513 1858 4573 Deus
1891 4520 2196 4593 tanquam
2228 4510 2385 4593 piis-

896 4614 1096 4672 simus
1126 4617 1304 4692 pater
1331 4629 1406 4672 ac
1434 4609 1942 4692 sapientissimus
1975 4611 2259 4673 medicus
2284 4629 2387 4671 au-

895 4708 989 4770 dit
1012 4726 1120 4771 eos
1149 4708 1493 4790 aliquando
1515 4709 1591 4771 ad
1621 4707 1998 4789 profectum,
2019 4727 2148 4771 non
2171 4716 2383 4771 autem

893 4809 973 4870 ad
1023 4816 1262 4871 votum.
1307 4808 1371 4870 ld
1419 4807 1715 4888 equidem
1764 4807 1892 4883 dat,
1927 4808 2099 4888 quod
2141 4808 2261 4870 scit
2292 4808 2385 4870 eis

895 4905 1179 4969 finaliter
1206 4904 1410 4985 magis
1445 4904 1766 4986 prodesse,
1800 4904 2092 4986 quamvis
2133 4904 2258 4987 ipsi
2297 4905 2387 4966 ita

893 5024 1022 5068 non
1072 5011 1317 5085 putent.
1352 5002 1582 5083 Sicque
1623 5000 1940 5064 salubrius
1979 5022 2052 5064 ac
2090 5011 2387 5085 paterna-

894 5103 1018 5165 lius
1057 5102 1236 5164 audit
1270 5120 1378 5165 eos
1419 5120 1611 5182 quam
1653 5099 1776 5182 ipsi
1819 5100 2226 5174 desiderant3
2269 5120 2384 5163 nec

895 5210 1107 5264 tamen
1150 5200 1476 5263 exauditos
1524 5218 1592 5261 sc
1639 5199 1925 5275 credunt,
1960 5198 2112 5281 quia
2163 5206 2383 5261 votum

895 5318 1082 5361 suum
1114 5317 1242 5361 non
1261 5305 1760 5378 consequuntur.
1781 5297 2033 5374 lterum,
2051 5316 2220 5379 saepe
2245 5315 2389 5361 con-

2494 4319 2769 4375 vulnera
2798 4334 2938 4374 mea
2964 4314 3165 4373 etiam
3192 4315 3330 4372 sine
3356 4332 3577 4383 causa,
3612 4312 3674 4374 id
3714 4320 3811 4375 est
3838 4312 3980 4375 sine

2492 4414 2681 4495 culpa
2718 4432 2879 4489 mea,
2915 4411 3013 4475 vel
3054 4410 3193 4474 sine
3229 4430 3419 4474 causa
3448 4411 3605 4473 mihi
3636 4420 3806 4488 nota,
3841 4430 3973 4475 non

2494 4520 2705 4573 tamen
2734 4510 2987 4593 penitus
3017 4510 3259 4591 absque
3296 4529 3506 4573 causa.
3540 4510 3667 4573 Hoc
3706 4510 3795 4571 ait
3831 4510 3981 4573 bea-

2494 4617 2595 4670 tus
2612 4607 2923 4689 Job,quia
2950 4606 3144 4669 semel
3178 4605 3300 4668 sibi
3331 4606 3421 4669 sic
3441 4606 3693 4682 accidit,
3713 4614 3775 4668 et
3808 4606 3981 4687 igno-

2496 4707 2659 4770 ravit
2708 4726 2789 4769 an
2829 4705 3035 4768 adhuc
3074 4704 3195 4767 sibi
3236 4704 3360 4767 tale
3398 4705 3552 4786 quid
3598 4714 3765 4769 esset
3810 4704 3982 4769 futu-

2496 4825 2635 4867 rum
2673 4823 2686 4867 τ
2722 4805 3052 4885 magisque
3098 4802 3258 4865 dixit
3304 4803 3447 4879 hoc,
3490 4804 3642 4885 quia
3690 4805 3781 4867 sic
3832 4804 3978 4867 fieri

2494 4904 2701 4986 potuit
2758 4902 2897 4965 sine
2944 4901 3351 4981 derogatione
3397 4901 3632 4965 divinae
3680 4902 3969 4983 justitias,

2496 5020 2686 5083 quam
2735 5000 2889 5083 quia
2933 5000 3023 5061 ita
3068 4999 3302 5063 evenit.
3350 5000 3474 5063 Nec
3520 5000 3693 5063 enim
3744 5000 3977 5081 legitur

2492 5098 2608 5161 lob
2648 5107 2790 5180 post
2832 5098 2995 5160 hanc
3039 5097 3290 5179 plagam
3327 5097 3550 5159 durius
3594 5108 3705 5161 aut
3750 5099 3977 5163 iterato

2496 5216 2855 5279 percussus
2890 5198 3039 5259 Non
3082 5199 3367 5257 coneedit
3414 5199 3731 5277 quiescere
3776 5202 3978 5276 spiri-

2496 5307 2633 5358 tum
2664 5317 2895 5357 meum.
2916 5295 3043 5358 Hoc
3069 5294 3354 5377 ait,quia
3382 5296 3515 5359 haec
3546 5316 3662 5359 sua
3682 5298 3979 5361 dolorosa
