4309 6259
851 483 971 547 354

1669 506 2015 553 mannum
2059 508 2120 553 IN
2164 508 2300 554 CAP.
2346 508 2451 555 xlx
2492 508 2619 555 1013.
2666 528 2743 539 --
2786 510 2929 556 ART.
2974 510 3119 557 xun

855 670 978 734 filii
1027 691 1268 751 eorum,
1305 676 1415 757 qui
1463 687 1728 743 mortem
1782 682 2187 764 propriorum
2237 703 2343 765 pa·
2370 677 2423 738 A
2453 700 2576 749 me,
2606 679 2670 743 id
2714 688 2831 755 est,
2867 699 2935 743 se
2977 681 3135 744 mihi
3184 680 3500 763 opposuit.
3536 681 3686 757 Hoc,
3716 700 3941 745 seeun-

853 782 1103 837 rentum
1165 776 1552 859 imputantes
1611 781 1887 861 peccatis
1939 782 2076 859 Job,
2131 782 2341 864 ipsum

852 874 1260 955 spernebant.
1293 876 1369 938 Et
1402 877 1522 941 hoc
1555 880 1903 941 secundum
1945 881 2341 963 probabilius

853 973 1245 1036 reor.Primo
1275 976 1447 1038 enim
1479 978 1761 1060 capitulo
1779 980 2020 1043 dictum
2041 990 2148 1055 est,
2172 983 2340 1061 quod

855 1072 986 1133 nati
1017 1080 1166 1134 sunt
1195 1073 1255 1135 ei
1287 1083 1528 1156 septem
1571 1076 1697 1138 filii
1729 1086 1790 1140 et
1831 1087 1956 1141 tres
1991 1078 2145 1141 filiae
2181 1097 2194 1141 :
2232 1079 2341 1141 ubi

852 1171 1064 1251 proles
1108 1172 1246 1253 ejus
1293 1175 1486 1236 taxari
1535 1176 1853 1238 videntur.
1887 1176 2058 1240 lnfra
2085 1196 2343 1259 quoque

854 1268 1104 1349 legitur,
1141 1273 1309 1353 quod
1343 1272 1645 1335 Dominus
1678 1275 1950 1338 reddidit
1980 1284 2200 1339 sancto
2227 1276 2341 1339 Job

853 1368 1069 1430 omnia
1099 1370 1401 1452 duplicia,
1437 1373 1680 1437 scilicet
1721 1383 1860 1455 post
1904 1375 2095 1456 hujus
2141 1376 2341 1456 plagae

852 1468 1247 1531 sanationem
1283 1480 1394 1533 :et
1447 1480 1654 1535 tamen
1709 1481 1857 1537 tune
1906 1493 2035 1537 non
2085 1482 2235 1536 sunt
2282 1474 2339 1535 ei

851 1568 985 1629 nati
1029 1568 1154 1630 nisi
1204 1579 1444 1651 septem
1493 1570 1617 1632 filii
1655 1580 1716 1635 et
1758 1581 1881 1635 tres
1913 1572 2091 1635 filiae.
2121 1574 2336 1650 Perre,

851 1667 1024 1747 quod
1069 1686 1196 1729 non
1238 1668 1446 1731 solum
1487 1669 1608 1732 filii
1654 1672 2004 1734 immediati
2039 1673 2341 1735 dicuntur

855 1763 978 1826 filii
1023 1767 1187 1829 uteri
1237 1768 1680 1832 lumborumve
1727 1771 1946 1852 patriS‚
1979 1780 2227 1834 constat
2265 1790 2338 1833 ex

601 1093 686 1136 1οὸ
706 1106 736 1143 ι,
756 1096 794 1136 2.

585 1285 704 1329 [bid.
726 1299 822 1336 xm,

563 1350 626 1390 ¹0.

597 1582 716 1626 leid.
740 1586 803 1628 ¹3.

2452 778 2601 840 dum
2652 779 2979 857 Thomam,
3018 780 3284 843 forsitan
3325 781 3481 843 dicit
3524 790 3778 864 propter
3820 781 3943 843 ali-

2452 896 2641 958 quem
2672 897 2888 941 eorum
2922 879 3034 961 qui
3066 888 3215 943 tunc
3252 881 3537 957 aderant,
3570 881 3683 961 qui
3714 881 3772 942 ei
3800 898 3943 959 gra—

2417 1025 2421 1030 .
2453 976 2591 1038 vius
2622 978 3094 1041 adversabatur.
3117 978 3411 1041 Albertus
3433 998 3604 1055 vero,
3628 999 3737 1061 per
3763 980 3937 1042 hune

2451 1076 2723 1139 maxime
2764 1077 3089 1154 dilectum,
3134 1077 3433 1157 intelligit
3476 1078 3739 1160 Eliphaz
3782 1080 3940 1143 The-

2452 1175 2777 1237 manitem.

2528 1276 2705 1334 Pelii
2734 1274 3227 1344 meoe,videlieet
3258 1274 3390 1336 euti
3421 1274 3605 1337 sieeae
3632 1283 3695 1336 et
3724 1275 3931 1352 aridae,

2450 1374 2841 1449 consumptis
2863 1375 3169 1433 carnibus
3198 1372 3357 1435 meis
3398 1373 3465 1434 in
3498 1374 3937 1453 magnitudine

2452 1466 2873 1545 infirmitatiS‚
2905 1472 3177 1533 adhaesit
3204 1492 3270 1531 os
3298 1493 3531 1543 meum,
3568 1472 3629 1534 id
3662 1480 3778 1548 est,
3796 1491 3939 1535 ossa

2450 1586 2591 1630 mea
2621 1569 2773 1649 pelli
2805 1569 3226 1645 adhaeserunt‚
3262 1570 3562 1633 carnibus
3598 1590 3743 1651 quae
3769 1570 3936 1633 inter

2449 1666 2678 1748 pellem
2703 1676 2767 1731 et
2785 1687 2855 1732 os
2874 1668 3177 1744 mediant,
3202 1669 3617 1751 consumptis,
3644 1670 3801 1733 Hine
3828 1690 3935 1732 su-

2450 1785 2565 1847 pra
2601 1766 2809 1829 dixit:
2843 1767 3064 1829 induta
3103 1775 3200 1830 est
3235 1787 3380 1830 caro
3418 1787 3557 1831 mea
3596 1768 3932 1850 putredine
3972 1795 4061 1839 ,ιώ
4076 1799 4209 1844 ,ψει

575 1874 745 1931 tvaeq
759 1891 822 1930 xx.
851 1882 928 1927 eo
955 1866 1127 1946 quod
1156 1866 1389 1930 dieitur
1419 1868 1740 1931 Ezechiae.
1763 1871 1850 1932 De
1879 1870 2035 1932 filiis
2070 1870 2195 1933 tuis
2227 1871 2337 1951 qui
2376 1868 2423 1930 B
2449 1873 2513 1927 et
2545 1866 2837 1929 sordibus
2876 1866 3201 1948 pulveris;
3246 1867 3410 1929 eutis
3452 1886 3594 1930 mea
3632 1868 3821 1943 aruit,
3868 1877 3933 1930 et

563 1941 627 1982 ¹⁸
853 1963 1257 2043 egredientur
1303 1985 1378 2028 ex
1426 1975 1509 2043 te,
1551 1986 1711 2048 quos
1757 1968 2112 2047 generabiS‚
2155 1978 2343 2032 erunt

853 2062 1130 2125 eunuchi
1183 2063 1247 2125 in
1298 2064 1536 2146 palatio
1586 2066 1752 2146 regis
1800 2067 2161 2149 Babylonis,
2206 2068 2345 2129 Cer-

605 2172 750 2217 rear.
765 2191 822 2228 ιιι
847 2170 1116 2242 tumque
1151 2170 1270 2239 est,
1303 2163 1635 2225 Ezechiam
1678 2183 1806 2227 non
1851 2165 1975 2226 nisi
2017 2166 2341 2228 Manassen

565 2238 629 2342 ἔξ
618 2237 822 2291 '¹’³¹‘²“''‘
855 2260 1218 2323 immediate
1245 2262 1564 2340 genuisse.

945 2360 1154 2419 Stulti
1201 2380 1444 2438 quoque
1493 2362 1929 2438 despiciebant
1985 2383 2104 2422 me.
2158 2359 2345 2424 Stulti

853 2456 1120 2538 quippe,
1167 2476 1364 2538 quum
1408 2477 1534 2520 non
1574 2459 1700 2521 nisi
1744 2458 2080 2541 praesentia
2121 2468 2182 2523 et
2226 2468 2347 2521 ter-

857 2574 1010 2617 rena
1041 2555 1422 2637 adspiciam,
1461 2557 1524 2619 in
1558 2557 1834 2619 miseriis
1867 2558 2106 2640 positos
2137 2576 2349 2641 asper-

857 2664 1113 2717 nantur.
1147 2655 1262 2717 Per
1291 2656 1517 2717 stultos
1558 2664 1768 2718 autem
1812 2675 1938 2718 non
1979 2657 2350 2738 intelligun-

859 2762 962 2816 tur
1015 2755 1363 2831 dumtaxat,
1416 2754 1527 2834 qui
1591 2774 1709 2815 usu
1767 2756 2032 2818 rationis
2089 2775 2348 2839 prorsus

856 2852 1234 2934 privantur3
1275 2852 1384 2913 sed
1415 2860 1478 2914 et
1506 2871 1727 2916 omnes
1759 2854 1988 2935 iniqui,
2026 2855 2138 2936 qui
2182 2856 2349 2917 dono

855 2951 1186 3032 sapientiae
1216 2951 1514 3027 destituti,
1535 2952 1880 3016 stoliditate
1901 2955 2069 3017 dono
2091 2954 2188 3015 illi
2210 2972 2351 3017 eon-

2452 1972 2772 2027 contracta
2821 1974 2937 2027 est.
2982 1968 3068 2027 Et
3115 1969 3419 2029 derelicta
3460 1977 3615 2027 sunt
3656 1977 3935 2028 tantum-

2452 2068 2635 2123 modo
2658 2066 2833 2125 labia
2854 2063 3015 2125 nihil
3042 2064 3445 2146 pinguedinis
3476 2065 3795 2143 habentia,
3812 2069 3939 2126 eir-

2453 2183 2526 2222 ca
2575 2165 2793 2223 den-tes
2838 2184 3003 2223 meos
3039 2185 3061 2223 .·
3095 2164 3275 2244 Juxta
3325 2163 3479 2225 illud
3516 2164 3933 2241 Threnorum,

2454 2259 2733 2322 Adhaesit
2764 2260 2927 2322 cutis
2956 2279 3175 2325 eorum
3214 2261 3464 2325 ossibus
3493 2280 3735 2339 eorum,
3754 2272 3817 2325 et
3848 2262 3941 2325 fa·
4008 2284 4237 2332 rar-enm,
4290 2294 4292 2361 }

2454 2366 2557 2420 cta
2586 2366 2679 2421 est
2709 2359 2893 2439 quasi
2925 2360 3191 2440 lignum.
3223 2360 3337 2422 Per
3368 2361 3557 2441 quod,
3590 2362 3937 2425 secundum
3970 2350 4015 2390 ⁸·

2458 2458 2784 2533 Thomam,
2829 2459 3153 2522 insinuare
3204 2460 3458 2523 videtur
3497 2461 3671 2541 quod
3714 2462 3939 2523 ceteris

2458 2556 2763 2619 membris
2798 2576 2915 2620 suo
2960 2557 3187 2621 officio
3224 2559 3565 2635 destitutiS,
3602 2559 3809 2622 solum
3851 2560 3941 2623 lo-

2460 2654 2699 2735 quendi
2738 2653 3035 2719 officium
3074 2656 3198 2719 sibi
3240 2657 3634 2720 remanserit.
3676 2657 3753 2719 Et
3792 2659 3942 2739 quia

2460 2753 2734 2816 miseriae
2761 2754 3030 2817 debetur
3060 2774 3172 2818 seu
3193 2756 3549 2819 necessaria
3578 2764 3673 2819 est
3700 2757 3943 2821 miseri-

2458 2852 2696 2928 cordia,
2720 2872 2865 2914 cum
2885 2852 3384 2934 ingeminatione
3402 2854 3579 2917 vocis
3608 2874 3687 2917 ex
3706 2856 3943 2936 magni-

2462 2950 2680 3013 tudine
2700 2950 3001 3014 desiderii
3022 2952 3495 3015 miserationem
3528 2953 3845 3035 implorat.

855 3049 1049 3111 traria
1096 3056 1244 3111 sunt
1285 3049 1508 3131 repleti
1543 3051 1704 3131 :qui
1755 3051 1958 3114 instar
2005 3071 2343 3133 puerorum
2383 3050 2427 3113 C
2538 3052 2945 3110 Miseremini
2986 3052 3135 3119 mei,
3180 3052 3579 3112 miseremini
3622 3053 3774 3122 mei,
3817 3056 3942 3113 sal-

854 3166 1045 3229 poma
1092 3154 1154 3209 et
1203 3147 1342 3228 pira
1381 3166 1535 3210 auro
1579 3157 1640 3210 et
1682 3150 1951 3228 gemmis
2001 3149 2351 3232 praeferen-

755 3252 760 3257 '
856 3248 1036 3321 tium,
1057 3246 1335 3308 carnalia
1363 3254 1424 3309 et
1453 3247 1690 3310 caduca
1719 3247 2161 3329 spiritualibus
2194 3268 2350 3331 prae-

859 3344 1072 3407 ferunt
1099 3353 1163 3407 et
1190 3346 1466 3407 aetcrniS.
1503 3346 1588 3409 De
1618 3346 1853 3427 quibus
1889 3346 2186 3410 Salomon
2217 3347 2344 3410 ait:

565 3462 822 3511 acclama
856 3444 1207 3507 Stultorum
1251 3442 1551 3506 infinitus
1595 3454 1690 3507 est
1735 3466 2060 3508 numerus,
2096 3447 2349 3529 Speeia-

855 3542 1000 3606 liter
1042 3552 1252 3605 tamen
1299 3542 1477 3605 stulti
1524 3544 1643 3607 hoc
1683 3544 1821 3609 loeo
1864 3555 2193 3621 vocantur,
2237 3546 2346 3626 qui

852 3641 1239 3705 vanitatibus
1285 3662 1354 3704 se
1393 3642 1658 3705 omnino
1700 3652 2046 3725 exponunt,
2081 3643 2182 3707 vel
2213 3663 2347 3725 par-

855 3740 966 3802 tim
1000 3739 1063 3801 in
1090 3760 1206 3802 usu
1239 3741 1500 3803 rationis
1524 3740 1858 3817 deficiunt,
1879 3750 2097 3823 utpote
2117 3742 2347 3805 debilis

853 3839 1204 3921 phantasiae
1251 3848 1314 3901 et
1361 3840 1589 3921 eapitis
1639 3858 1653 3901 :
1707 3840 1816 3920 qui
1869 3840 2173 3903 interiora
2220 3860 2345 3903 non

856 3946 1283 4020 penetrante-S,
1304 3936 1463 4000 alios
1497 3937 1686 4001 facile
1707 3946 2036 4019 spernunt,
2052 3940 2347 4020 quamvis

858 4037 986 4098 sint
1014 4036 1169 4117 justi
1199 4044 1262 4098 et
1292 4036 1632 4117 sapientes,
1665 4036 1821 4099 Hine
1867 4036 2165 4101 Salomon
2206 4058 2349 4120 pro-

587 4152 708 4196 ιιιιιι.
726 4168 767 4209 ιι,
785 4156 822 4197 a.
857 4143 1120 4197 testatur
1163 4152 1175 4196 ε
1221 4134 1460 4197 Stultus
1509 4154 1730 4198 omnes
1777 4136 2046 4197 aestimat
2093 4137 2341 4199 stultos

2461 3158 2581 3209 tem
2612 3168 2742 3217 vos,
2768 3150 2967 3209 amici
2996 3152 3123 3209 mei
3152 3169 3173 3209 .·
3206 3167 3403 3230 quum
3442 3149 3793 3213 amicorum
3834 3150 3936 3224 sit,

2458 3266 2571 3309 sua
2616 3246 2739 3309 sibi
2785 3246 3058 3311 invicem
3108 3248 3600 3325 communicare,
3642 3258 3705 3312 et
3752 3269 3943 3313 onera
3974 3270 4229 3318 cotors-,2

2459 3346 2734 3408 invicem
2772 3354 3168 3427 supportare,
3205 3346 3330 3409 imo
3370 3346 3583 3409 dilecti
3626 3348 3944 3410 calamita-

2458 3453 2584 3506 tem
2635 3443 2817 3524 quasi
2868 3443 3190 3525 propriam
3240 3453 3557 3525 reputare,
3594 3454 3786 3526 atque
3831 3464 3943 3527 pro

2457 3541 2704 3604 viribus
2742 3541 3043 3605 relevare.
3076 3542 3183 3605 Est
3229 3543 3401 3605 enim
3450 3561 3691 3620 eorum,
3726 3545 3943 3607 eadem

2456 3640 2622 3703 velle
2650 3648 2712 3702 et
2746 3638 2937 3715 nolle,
2954 3640 3303 3703 secundum
3326 3640 3801 3723 Philosophum.
3826 3642 3947 3705 Un-

2456 3739 2535 3801 de
2589 3738 3071 3802 Ecclesiasticus
3129 3738 3377 3802 inducit
3425 3758 3439 3802 :
3486 3739 3740 3803 Amicus
3790 3740 3947 3804 fide-
4014 3759 4219 3803 Booten.

2456 3837 2559 3913 lis,
2580 3838 3114 3900 medicamentum
3146 3837 3291 3900 vitae
3320 3846 3384 3901 et
3424 3838 3941 3902 immortalitatis
3976 3826 4042 3865 ¹⁶·

2453 3936 2689 4017 ltaque,
2744 3956 2943 4017 quum
2998 3936 3082 3998 ab
3137 3936 3284 3999 aliis
3340 3937 3463 3999 sim
3530 3938 3812 4011 relictuS‚
3862 3940 3945 4002 ab

2454 4033 2873 4115 hostibusque
2935 4041 3239 4113 vastatuS‚
3298 4036 3519 4099 saltem
3572 4054 3705 4113 VOS,
3756 4036 3947 4098 amici

2454 4132 2603 4209 mei,
2652 4133 3042 4196 miseremini
3094 4136 3243 4211 mei,
3298 4136 3450 4216 quia
3486 4155 3523 4197 a
3571 4134 3941 4213 fortissime,

577 4254 715 4301 Pro„
727 4268 823 4303 xva
854 4234 1221 4314 Rursusque
1253 4233 1574 4314 loquitur:
1609 4234 1877 4315 Expedit
1905 4235 2106 4315 magis
2137 4255 2349 4299 occur·
2379 4238 2429 4299 D
2456 4231 2559 4294 eui
2608 4250 2794 4295 nemo
2827 4233 2996 4295 valet
3047 4232 3367 4309 resistere,
3399 4252 3540 4295 sum
3582 4252 3939 4315 percussus.

562 4318 629 4359 ¹··
857 4351 994 4395 rere
1022 4351 1186 4394 ursae
1217 4331 1414 4441 raptis
1445 4330 1705 4408 fetibuS‚
1739 4351 1932 4413 quam
1979 4332 2159 4397 fatuo
2199 4352 2349 4397 con-

857 4428 1084 4492 fidenti
1129 4428 1251 4491 sihi
1303 4429 1367 4490 in
1419 4430 1688 4492 stultitia
1732 4449 1866 4492 sua.
1901 4434 1986 4492 Ec
2025 4452 2227 4511 quam
2270 4435 2348 4493 ab

854 4530 946 4587 eis
973 4530 1378 4598 recessissem,
1396 4531 1817 4589 detrahebant
1847 4531 2038 4599 mihi,
2060 4528 2347 4592 dieentes

857 4626 922 4687 in
965 4633 1228 4702 secreto,
1264 4627 1432 4706 quod
1475 4625 1688 4689 dicere
1719 4626 2104 4690 verebantur
2133 4628 2201 4689 in
2234 4646 2348 4710 pu-

855 4724 1046 4801 blice,
1083 4733 1145 4789 et
1177 4724 1516 4807 implentes
1547 4726 1717 4805 quod
1758 4725 1823 4787 in
1863 4725 2222 4789 Proverbiis
2261 4726 2348 4789 le-

559 4844 825 4893 uraam.
853 4823 1025 4903 gitur
1060 4841 1073 4885 :
1107 4822 1187 4885 Os
1229 4822 1568 4885 stultorum
1611 4822 1838 4885 ebullit
1879 4822 2240 4885 stultitiam.
2273 4824 2349 4885 Et

595 4943 824 4992 Beatam,
856 4920 1337 4983 Ecclesiasticus
1387 4920 1476 4981 ait
1522 4937 1536 4981 :
1588 4920 1986 4982 Temerarius
2036 4920 2101 4982 in
2155 4921 2348 4985 verbo

559 5008 625 5052 25.

855 5120 1008 5178 dam
1036 5120 1406 5178 consiliarii
1435 5121 1602 5178 mei:
1623 5118 1733 5198 qui
1767 5118 2114 5199 aliquando
2145 5119 2350 5181 consi·-

858 5214 1026 5277 liarii
1055 5214 1181 5277 mei
1213 5223 1514 5295 tanquam
1539 5215 1658 5278 viri
1693 5217 2034 5297 prudentes
2059 5216 2345 5291 fuerunt;

859 5324 918 5375 et
956 5335 1143 5397 quem
1178 5316 1462 5375 maoeime
1491 5316 1866 5395 diliyebam,
1896 5308 2233 5381 aversatus
2260 5326 2349 5376 esi

856 5038 972 5082 suo
1001 5018 1260 5081 odibilis
1289 5017 1831 5081 erit.Abominati
1854 5029 2008 5080 sunt
2041 5041 2134 5080 me
2155 5041 2361 5106 quon—-

2458 4333 2627 4400 Quia
2648 4351 2884 4391 manus
2902 4332 3172 4392 Domini
3203 4332 3409 4409 teciyii
3440 4352 3561 4401 me,
3592 4331 3653 4393 id
3684 4341 3802 4407 est,
3836 4350 3945 4414 po-

2456 4436 2647 4492 testas
2693 4429 2801 4492 Dei
2851 4448 2954 4491 me
2997 4428 3089 4491 sie
3139 4429 3280 4493 laedi
3330 4429 3641 4511 permisit.
3681 4430 3837 4493 Nam
3882 4440 3945 4493 et

2458 4547 2668 4610 supra,
2704 4526 2891 4589 Satan
2935 4527 3218 4609 loquitur
3258 4528 3386 4592 Deo
3429 4545 3444 4590 ε
3478 4528 3648 4592 Mitte
3684 4548 3941 4593 manum
3990 4544 4174 4589 Jonas

2458 4634 2647 4703 tuam,
2678 4634 2740 4689 et
2771 4634 2956 4707 tange
2984 4646 3055 4690 os
3086 4628 3225 4708 ejus
3254 4636 3319 4690 et
3348 4646 3620 4690 carnem.

2540 4729 2752 4795 Quare
2772 4728 3245 4805 persequimini
3266 4746 3363 4786 me
3389 4729 3557 4787 sieut
3577 4728 3792 4787 Deus?
3808 4726 3941 4789 Non

2458 4823 2665 4886 solum
2709 4843 2839 4887 non
2885 4823 3260 4901 condoletiS,
3296 4843 3503 4906 neque
3546 4824 3937 4901 succurritiS,

2458 4922 2566 4984 sed
2626 4919 2723 4983 ars
2728 4922 2877 4985 licto
2926 4920 3347 4985 afflictionem
3396 4922 3697 5003 adjicitis,
3751 4922 3944 4984 tribu-

2459 5020 2649 5083 lando
2679 5040 2781 5082 me
2809 5021 2987 5097 dure,
3022 5020 3187 5083 sieut
3226 5028 3288 5083 et
3316 5021 3477 5083 Deus
3516 5021 3673 5083 dure
3704 5019 3945 5082 afflixit

2460 5138 2584 5181 me.
2608 5118 2721 5181 Vel
2754 5118 2843 5181 sic
2880 5136 2895 5180 :
2929 5117 3129 5192 Quare
3160 5118 3619 5201 persequimini
3652 5138 3755 5182 me
3784 5120 3944 5183 sicut.

2459 5218 2666 5279 Deus?
2696 5217 2760 5279 id
2811 5225 2925 5293 est,
2962 5218 3051 5278 ita
3087 5236 3189 5279 me
3238 5236 3353 5299 pro
3400 5217 3558 5281 meis
3602 5217 3943 5300 increpatis

2462 5315 2847 5393 excessibus,
2880 5334 3041 5399 quos
3072 5314 3229 5379 mihi
3262 5315 3614 5401 imponitiS,
3645 5334 3721 5381 ae
3748 5316 3804 5379 si
3834 5334 3943 5382 vos
