4309 6259
121 1312 180 1353 Pa.
195 1326 321 1364 xxxix,

97 3088 322 3191 att-lumi,

99 3284 184 3339 Sep.
193 3290 318 3337 ndi.

115 4660 206 4705 Lac.
217 4676 245 4713 ι,
256 4664 320 4705 68.

91 5058 221 5159 ’sapa
231 5078 256 5113 ι,
263 5067 278 5106 ¹
285 5066 320 5115 2,

1234 537 1582 584 ENARRATIO
1624 538 1686 582 ΙΝ
1728 536 1866 583 ΟΑΡ.
1902 537 1986 581 vu
2025 537 2151 583 1013.
2198 558 2277 568 —-
2319 541 2461 586 ΛΒΤ.
2508 540 2593 585 XX

3337 522 3455 585 413

353 722 468 785 per
489 724 760 768 munera
780 708 1151 788 gratiae‚per
1171 708 1477 788 dotesque
1496 706 1715 787 gloriae
1746 705 1854 768 mi·
1879 706 1930 768 A
1959 706 2177 770 dicans
2214 708 2487 790 qualiter
2526 709 2685 773 vixit
2710 732 2725 785 ;
2767 718 2959 791 atque
2997 708 3301 791 deinceps
3342 728 3455 791 per

353 820 422 863 1⁸0
444 804 638 865 modo
659 803 1058 883 magnificas.
1073 809 1208 866 Aut
1229 808 1392 884 quid
1410 807 1680 883 apponis
1699 826 1852 881 crya

347 922 498 961 eum
518 920 628 961 coo·
652 912 835 963 cuam
850 906 880 963 ἓ
900 902 1023 966 sibi
1046 903 1125 965 de
1147 903 1518 966 necessariis
1540 910 1852 984 quantum

351 1000 416 1061 in
451 1008 514 1062 te
543 1010 645 1063 est
672 1002 1087 1084 providend0‚
1132 1012 1192 1066 et
1231 1004 1443 1066 omnia
1483 1003 1623 1083 ejus
1661 1021 1851 1084 opera

350 1099 664 1162 interiora
691 1120 765 1163 ac
794 1102 1108 1164 exteriora
1134 1101 1621 1181 diligentissime
1653 1120 1854 1181 usque

349 1198 428 1259 ad
470 1198 817 1262 minimum
857 1202 1274 1281 quadrantem
1321 1200 1742 1263 examinando
1779 1218 1855 1262 ac

347 1296 724 1376 judicando.
775 1299 920 1362 Ideo
967 1298 1055 1361 ait
1101 1297 1432 1361 Psalmista
1482 1316 1496 1359 τ
1549 1298 1854 1361 Dominus

351 1395 672 1457 sollicitus
721 1406 820 1459 est
867 1398 1018 1461 mei.
1060 1397 1533 1474 Verumtamen,
1578 1416 1707 1460 non
1745 1396 1856 1459 ob-

350 1504 564 1557 stante
584 1494 866 1558 hominis
888 1497 1160 1557 naturali
1185 1495 1684 1579 imperfectione,
1704 1516 1858 1580 prae-

351 1592 576 1653 sertim
609 1602 924 1673 quantum
951 1594 1030 1655 ad
1060 1612 1312 1675 corpuS,
1351 1612 1476 1655 non
1515 1593 1850 1674 injustum,

351 1690 462 1751 sed
511 1692 773 1773 penitus
812 1692 1057 1771 justum
1094 1700 1211 1768 est,
1258 1691 1582 1755 hominem
1622 1691 1714 1753 sic
1751 1711 1856 1755 cu-

353 1789 506 1864 rari,
566 1789 936 1868 gubernari,
994 1790 1266 1871 judicari
1321 1800 1387 1853 et
1440 1790 1757 1873 praemiari
1815 1810 1852 1851 a

351 1888 502 1965 Deo,
529 1888 595 1949 in
626 1896 939 1969 quantum
969 1888 1213 1952 ratione
1247 1898 1506 1951 ornatus
1537 1896 1632 1951 est
1658 1898 1851 1969 atque
1890 1894 1936 1955 B
1965 1888 2190 1951 Gloriae
2214 1890 2451 1971 quippe
2472 1889 3065 1966 dilatio‚animabus
3088 1890 3152 1952 in
3175 1898 3460 1973 purgato-

349 1987 427 2046 ad
457 1986 774 2047 Creatoris
805 1986 905 2047 sui
935 1985 1280 2066 imaginem
1311 1986 1537 2064 factuS,
1563 1987 1728 2049 inter
1748 1987 1853 2050 ho·

347 2102 504 2145 num
547 2092 613 2146 et
646 2084 884 2147 malum
917 2084 1136 2149 valens
1165 2086 1547 2162 discernere,
1581 2095 1644 2149 et
1683 2087 1853 2167 quod

349 2183 623 2263 placeat,
677 2182 876 2246 libere
923 2193 1150 2265 potens
1197 2184 1452 2263 eligere.
1499 2184 1634 2247 Non
1680 2184 1854 2247 enim

349 2281 527 2343 dedit
555 2281 807 2344 homini
839 2282 1176 2358 rationem,
1213 2282 1337 2343 nisi
1379 2290 1447 2344 ut
1486 2302 1557 2345 ea
1595 2291 1850 2361 utatur3

350 2379 762 2461 liberumque
788 2381 1152 2459 arbitrium,
1177 2382 1303 2443 nisi
1338 2391 1408 2444 ut
1436 2382 1620 2444 malis
1649 2391 1713 2445 et
1743 2381 1855 2443 fal-

348 2478 434 2540 sis
461 2478 763 2559 abjectiS,
789 2480 956 2543 veris
984 2499 1059 2542 ac
1089 2480 1272 2543 bonis
1305 2480 1613 2543 inhaercat
1639 2500 1652 2544 :
1679 2481 1849 2561 quod

351 2575 622 2653 facienS,
641 2578 875 2659 dignus
906 2588 1002 2641 est
1031 2578 1218 2641 laude
1247 2586 1311 2641 et
1338 2579 1638 2661 praemio3
1674 2579 1855 2641 omit-

350 2684 490 2738 tens
523 2695 680 2739 vero
709 2685 770 2739 et
798 2676 1164 2759 oppositum
1195 2694 1408 2757 agenS‚
1445 2696 1700 2759 poenam
1733 2697 1856 2740 me-

350 2784 550 2837 retur.
593 2774 806 2855 Exigit
850 2794 1110 2857 quoque
1159 2775 1470 2857 sapientia
1509 2784 1572 2837 et
1607 2776 1854 2857 justitia

351 2872 483 2949 Dei,
530 2881 606 2934 ut
652 2873 1002 2954 unicuique
1051 2874 1222 2955 quod
1268 2874 1502 2935 meruit
1548 2874 1854 2956 rependa-

353 2979 477 3034 tur.
521 2972 786 3053 Propter
825 2973 994 3053 quod
1036 2972 1125 3034 ait
1160 2972 1490 3034 Psalmista
1528 2973 1606 3034 ad
1644 2972 1854 3035 Domi-

353 3087 510 3132 num

353 3169 530 3234 filios
584 3170 975 3233 hominum?
1023 3170 1200 3233 Unde
1260 3171 1339 3233 de
1397 3170 1851 3252 insipientibus

347 3268 610 3351 sapiens
641 3268 905 3350 quidam
935 3266 1160 3330 scribit
1193 3285 1206 3328 ε
1241 3268 1734 3330 AEstimaverunt
1767 3269 1855 3330 lu-

346 3386 490 3429 sum
542 3386 686 3429 esse
733 3367 929 3429 vitam
974 3374 1279 3442 nostram,
1324 3376 1385 3428 et
1429 3367 1854 3431 conversatio-

344 3484 492 3527 nem
527 3466 676 3529 vitae
705 3466 785 3527 ad
817 3465 992 3527 lucra
1026 3464 1460 3545 compositam,
1477 3474 1540 3527 et
1562 3474 1853 3546 oportere

345 3564 805 3643 undecumque
863 3562 1216 3643 acquirere.
1275 3563 1580 3625 Praeterea
1638 3563 1854 3627 anima

345 3662 561 3723 taliter
609 3661 896 3743 loquitur
936 3660 1335 3737 admirative,
1379 3662 1457 3722 ad
1507 3679 1854 3743 provocan-

345 3762 493 3823 dam
536 3762 650 3823 Dei
690 3760 1097 3823 clementiam
1139 3761 1216 3822 ad
1257 3762 1666 3841 parcendum.
1699 3761 1852 3823 Nam

343 3868 408 3922 et
439 3860 506 3921 in
542 3858 759 3923 verbis
790 3860 912 3935 his,
933 3876 1062 3941 quo
1091 3858 1366 3940 amplius
1395 3858 1718 3941 propriam
1752 3878 1856 3922 na-

346 3968 560 4023 turam
613 3958 933 4033 humiliat,
985 3976 1060 4021 eo
1107 3957 1252 4039 plus
1301 3956 1409 4019 Dei
1459 3958 1852 4039 maJ’estatem

345 4060 660 4121 insinuat.

439 4159 684 4217 Visitas
726 4176 876 4215 eum
916 4157 1237 4223 diluculo,
1275 4164 1336 4214 ec
1380 4155 1585 4213 subito
1622 4155 1853 4230 probas

1961 807 2308 887 purgatorii
2370 808 2580 887 ignem
2640 809 2867 889 probat
2922 827 3092 882 eum,
3145 806 3258 889 qui
3314 806 3454 869 sine

1959 905 2211 967 mortali
2245 907 2507 981 decedit,
2532 925 2659 968 non
2689 906 2875 989 plene
2904 906 3266 982 mundatus,
3289 905 3454 968 sicut

1959 1002 2265 1083 probatur
2294 1022 2520 1065 aurum
2561 1004 2628 1065 in
2669 1004 2814 1084 igne
2852 1002 3151 1067 fornacis,
3188 1002 3446 1079 RursuS‚

1962 1101 2178 1163 lumen
2226 1102 2443 1183 gratiae
2492 1122 2560 1164 se
2608 1101 2797 1164 habet
2835 1103 2911 1163 ad
2953 1102 3168 1163 lumen
3208 1101 3447 1183 gloriae,

1961 1200 2128 1262 sicut
2174 1220 2402 1263 aurora
2457 1203 2538 1264 ad
2595 1201 2785 1263 diem.
2840 1202 2979 1263 ldeo
3026 1201 3188 1263 Deus
3237 1200 3453 1264 visitat

1963 1317 2106 1360 eum
2138 1299 2421 1363 diluculo
2451 1300 2516 1362 in
2549 1300 2866 1382 prementi,
2891 1300 2953 1361 id
2982 1308 3098 1375 est,
3126 1300 3300 1362 radio
3320 1318 3455 1379 gra-

1965 1397 2064 1459 tiae
2121 1417 2251 1460 suae
2302 1405 2577 1461 mentem
2636 1399 2775 1478 eJus
2822 1396 3191 1479 perfundit3
3243 1398 3454 1461 subito

1961 1504 2173 1557 autem
2220 1496 2391 1558 hunc
2434 1495 2681 1576 probat,
2730 1496 3035 1576 quoniam
3081 1497 3209 1557 vita
3256 1495 3456 1557 tribu-

1965 1593 2309 1657 lationibus
2340 1594 2528 1676 plena
2556 1602 2673 1656 est.

2056 1696 2381 1772 Usquequo
2417 1714 2542 1753 non
2567 1696 2787 1770 parcis
2815 1694 3027 1754 milei?
3068 1693 3133 1755 id
3171 1701 3287 1769 est,
3331 1693 3454 1755 heu

1965 1790 2136 1871 quod
2166 1800 2295 1852 tam
2324 1792 2432 1853 diu
2466 1810 2567 1853 me
2598 1792 2782 1873 punis
2813 1800 2875 1854 et
2904 1789 3130 1853 differs
3158 1812 3193 1853 a
3225 1791 3455 1872 gloria!

1968 1986 2060 2049 rio
2091 1987 2525 2069 poenalissima
2554 1996 2651 2051 est
2679 1997 2871 2068 atque
2898 1989 3296 2069 gravissima.
3326 1990 3454 2053 [mo

1961 2086 2214 2165 gravior
2244 2086 2417 2147 omni
2448 2104 2637 2168 poena
2670 2086 2960 2149 sensibili
2994 2087 3141 2149 vitae
3180 2107 3454 2170 praesen-

1962 2183 2065 2259 tis,
2099 2192 2289 2266 prout
2316 2184 2587 2247 Thomas
2628 2204 2819 2267 super
2858 2194 3155 2267 quartum
3191 2186 3453 2250 Senten-

1963 2280 2194 2343 tiarum
2223 2281 2487 2363 pulchre
2516 2283 2815 2346 declarat.
2850 2283 3009 2345 Sunt
3036 2284 3206 2346 enim
3239 2284 3453 2365 hujus-

1960 2379 2131 2442 modi
2158 2380 2387 2443 animae
2416 2381 2823 2443 vehementer
2848 2379 3239 2459 affectuosae,
3261 2390 3452 2463 atque

1961 2478 2026 2539 in
2059 2477 2342 2555 caritate,
2374 2486 2438 2540 et
2466 2479 2635 2541 circa
2664 2480 3024 2561 spiritualia
3067 2489 3313 2542 tantum
3354 2480 3450 2542 in-

1959 2585 2169 2653 tentae,
2213 2576 2279 2638 in
2326 2595 2557 2659 magno
2602 2596 2857 2659 quoque
2906 2587 3241 2642 tormento.
3295 2578 3451 2641 Hinc

1959 2675 2153 2739 breve
2215 2684 2465 2757 tempus
2526 2677 2619 2739 eis
2674 2677 2925 2739 videtur
2982 2677 3449 2757 longissimum.

1958 2774 2102 2837 Ideo
2133 2774 2323 2837 verba
2355 2775 2489 2837 haec
2520 2775 2860 2855 querulosa
2904 2775 3240 2857 proferunt
3272 2795 3448 2841 voce.

1963 2874 2096 2934 Nec
2122 2873 2405 2932 dimittis
2444 2894 2564 2943 me,
2606 2891 2643 2933 a
2682 2872 3017 2955 suppliciis
3056 2873 3308 2937 evolare
3346 2882 3458 2936 aut

1966 2970 2251 3045 recreari,
2279 2980 2349 3030 ut
2362 2973 2649 3047 ‚ql-utiam
2672 2974 2949 3032 salivam
2982 2974 3228 3033 meam?
3252 2972 3312 3033 id
3334 2981 3452 3050 est,

559 3088 574 3131 ε
617 3070 938 3152 Numquid
987 3088 1148 3134 vane
1195 3070 1582 3133 constituisti
1629 3090 1854 3133 omnes
1889 3072 1935 3136 C
1966 3067 2289 3130 caritatem
2323 3076 2433 3130 aut
2460 3068 2789 3150 sapientiae
2818 3070 3072 3146 donum,
3096 3070 3332 3151 quibus
3363 3090 3459 3134 or-

1965 3174 2112 3227 nata
2143 3186 2308 3245 sum,
2342 3168 2419 3228 ad
2448 3164 2766 3229 beatifieae
2798 3166 3123 3231 fruitionis
3165 3187 3455 3250 saporem

1964 3264 2293 3326 deducam.
2322 3263 2861 3338 Quemadmodum
2894 3265 3067 3328 enim
3096 3266 3295 3329 saliva
3324 3286 3457 3330 cor-

1963 3381 2083 3444 pus
2112 3363 2434 3425 humectat
2460 3372 2523 3425 et
2554 3363 2847 3445 sapidum
2874 3363 3083 3427 efficit
3114 3363 3340 3439 cibum,
3362 3366 3453 3428 sic

1963 3460 2191 3523 caritas
2234 3468 2297 3522 et
2340 3460 2650 3543 sapientia
2690 3470 2928 3524 ceteras
2969 3462 3235 3524 virtutes
3274 3482 3456 3545 sapo-

1963 3577 2135 3620 rosas
2166 3556 2489 3633 efficiunt,-
2520 3567 2712 3639 atque
2742 3560 3016 3639 gratioso
3050 3558 3296 3624 fluento
3339 3561 3453 3622 has

1965 3656 2172 3736 rigant
2204 3672 2217 3717 :
2252 3675 2393 3737 quae
2430 3656 2809 3736 glutiuntur,
2844 3659 2994 3720 dum
3033 3658 3111 3720 ad
3154 3659 3453 3721 intimum

1963 3755 2195 3817 mentis
2226 3774 2513 3837 saporem
2546 3756 2611 3817 in
2644 3756 2845 3838 patria
2873 3757 3326 3836 admittuntur3
3362 3758 3454 3819 in-

1966 3854 2154 3915 terim
2184 3871 2335 3917 vero
2364 3854 2551 3935 quasi
2584 3854 2774 3916 aridae
2805 3862 2953 3915 sunt
2981 3863 3045 3916 et
3083 3854 3325 3935 absque
3366 3875 3454 3917 sa-

1962 3969 2136 4034 pore.
2172 3952 2284 4015 Vel
2328 3952 2498 4014 istud
2537 3960 2633 4014 est
2670 3951 3032 4033 parabolica
3070 3951 3328 4029 locutio,
3370 3954 3451 4015 ad

1962 4050 2415 4113 insinuandum
2443 4049 2907 4113 vehementiam
2939 4050 3447 4132 purgatoriarum

1963 4167 2317 4232 poenarum.

345 4258 569 4316 illum.
621 4254 750 4317 Hoc
799 4251 1184 4335 praecedenti
1233 4250 1502 4313 articulo
1551 4250 1702 4312 satis
1749 4270 1853 4314 ex·
1881 4259 1932 4322 D
2045 4251 2317 4309 peccavi
2346 4268 2369 4306 .·
2400 4247 2541 4310 ideo
2577 4248 2746 4329 juste
2787 4247 2921 4310 haec
2960 4247 3188 4330 patior,
3222 4246 3351 4311 imo
3388 4257 3453 4312 et

347 4354 686 4437 planatum
737 4352 1010 4415 videtur.
1045 4350 1340 4413 visitat-io
1383 4358 1595 4413 autem
1635 4350 1745 4413 Dei
1785 4351 1851 4412 in

347 4452 702 4536 Scripturis
735 4450 1057 4513 interdum
1088 4448 1154 4511 in
1184 4449 1354 4511 bono
1383 4448 1716 4531 accipitur,
1743 4448 1856 4510 sci-

347 4552 500 4616 licet
529 4570 651 4634 pro
681 4548 986 4614 beneficii
1012 4547 1426 4632 impensione,
1452 4548 1855 4629 quemadmo-

349 4652 504 4713 dum
555 4650 624 4711 in
663 4649 830 4711 Luca
877 4666 890 4709 τ
934 4646 1309 4710 Benedictus
1349 4646 1652 4709 Dominus
1691 4644 1854 4707 Deus

349 4748 564 4823 lsrael,
583 4746 736 4829 quia
769 4744 1054 4809 visitavit
1081 4754 1144 4807 et
1173 4744 1328 4807 fecit
1355 4742 1853 4825 redemptionem

349 4846 560 4929 plebis
605 4864 758 4907 suae.
797 4843 1187 4924 Quandoque
1229 4843 1294 4904 in
1334 4843 1522 4919 malo,
1560 4841 1856 4905 videlicet

351 4964 467 5027 pro
493 4946 668 5026 Justa
710 4942 977 5017 ultione,
1015 4951 1085 5002 ut
1121 4942 1272 5003 dum
1313 4960 1426 5022 per
1465 4939 1851 5021 Sophoniam

351 5042 664 5105 Dominus
711 5037 1008 5122 perhibet
1053 5054 1066 5098 :
1110 5035 1396 5099 visitabo
1443 5053 1635 5117 super
1681 5035 1852 5098 viros

350 5141 602 5205 defixos
633 5140 702 5201 in
735 5136 1001 5201 faecibus
1037 5136 1206 5210 suis3
1247 5144 1310 5197 et
1349 5133 1622 5198 visitabo
1662 5153 1853 5217 super

348 5260 606 5304 omnem
639 5238 753 5319 qui
781 5244 1151 5316 arroganter
1181 5234 1548 5316 ingreditur.
1568 5234 1852 5315 Denique

347 5338 580 5421 probat
609 5339 776 5400 Deus
803 5334 1132 5399 hominem
1163 5342 1445 5416 tempore
1475 5332 1719 5410 mortis»,
1751 5334 1853 5413 ju-

1961 4347 2117 4409 citra
2147 4345 2533 4425 condignum
2563 4345 2847 4428 affligor.
2870 4346 3030 4410 Hinc
3060 4346 3179 4409 ista
3208 4364 3337 4409 non
3366 4348 3453 4411 lo-

1962 4463 2124 4526 quor
2172 4444 2354 4525 quasi
2404 4451 2527 4506 tuae
2574 4445 2880 4526 derogans
2926 4444 3231 4526 aequitati.
3278 4448 3453 4515 Quid

1960 4544 2208 4621 faciam
2240 4544 2378 4615 cibi,
2404 4563 2437 4602 ο
2466 4553 2671 4603 custos
2698 4546 3076 4613 hominum?
3096 4544 3159 4606 id
3184 4552 3296 4619 est,
3317 4544 3451 4626 jam

1963 4660 2076 4723 per
2115 4659 2216 4702 me
2254 4638 2618 4703 satisfacere
2658 4660 2927 4722 nequeo,
2962 4643 3192 4707 mereri
3223 4643 3315 4704 nil
3346 4663 3453 4708 va-

1963 4740 2084 4816 leo,
2120 4757 2234 4821 pro
2265 4739 2500 4820 injuria
2528 4758 2719 4820 quam
2753 4739 2868 4802 tibi
2895 4741 3178 4820 exhibui,
3215 4761 3453 4805 recom-

1961 4858 2232 4923 pensare
2272 4839 2362 4900 nil
2403 4858 2682 4922 possum.
2716 4838 2930 4921 ltaque
2968 4840 3127 4903 alios
3156 4841 3306 4904 audi
3334 4858 3450 4924 pro

1963 4959 2084 5015 me,
2118 4948 2181 5002 et
2207 4957 2337 5021 quo
2368 4938 2776 5020 impotentior
2803 4956 2918 5017 ego
2949 4958 3112 5015 sum,
3146 4958 3219 5002 eo
3248 4940 3449 5021 pietas

1965 5044 2072 5098 tua
2108 5037 2187 5099 ad
2229 5038 2615 5118 parcendum
2656 5036 2739 5097 sit
2781 5036 3064 5119 pronior.
3104 5041 3314 5107 Quare
3342 5059 3450 5115 po-

1960 5136 2154 5196 suisti
2200 5156 2298 5195 me
2341 5136 2751 5195 contrarium
2794 5137 2956 5196 tibi?
2998 5134 3061 5197 id
3102 5144 3218 5212 est,
3265 5136 3448 5199 doleo

1963 5234 2134 5316 quod
2174 5252 2273 5295 me
2316 5242 2377 5295 te
2420 5232 2753 5295 offendere
2798 5234 3182 5316 permisisti3
3225 5252 3341 5297 nec
3381 5236 3447 5298 in

1963 5334 2082 5395 hoc
2134 5340 2216 5407 te,
2266 5331 2376 5393 sed
2433 5348 2533 5391 me
2579 5329 2789 5411 ipsum
2840 5348 3087 5408 accuso,
3140 5332 3445 5413 quoniam

3496 1020 3605 1075 Sap.
3620 1035 3677 1072 ιιι,
3693 1024 3732 1064 6.
