4309 6259
857 508 977 573 626
1668 512 2016 573 amantium
2059 528 2119 572 m
2163 514 2301 571 car,
2349 496 2542 571 xivui
2581 524 2706 569 sos.
2753 544 2834 553 ——-
2875 508 3016 570 aar.
3064 526 3134 568 ιν

860 696 1185 777 Sapientia
1214 698 1494 760 increata
1523 698 1704 778 quasi
1733 698 2005 779 pretium
2040 698 2180 777 ejus
2210 714 2351 758 con·
2379 695 2429 757 A
2460 695 2746 756 claritate
2793 694 3063 773 fulgent,
3099 702 3162 755 et
3207 693 3481 776 puritate
3527 691 3942 755 translucent.

861 795 1127 875 dignum
1166 815 1292 859 non
1333 797 1587 873 dantur,
1624 797 1775 877 quia
1808 795 2352 877 incomprehensi-
2461 794 2546 854 De
2577 812 2701 873 qua
2735 793 2799 854 in
2822 792 3198 875 Apocalypsi
3231 793 3322 853 ait
3350 793 3621 854 Ioannes
3657 808 3672 851 :
3707 790 3784 851 Et
3811 799 3948 851 erat
3983 805 4230 907 'gira-1³2·

586 1010 727 1053 Heln.
750 1024 777 1056 ι,
791 1012 831 1057 5:

862 893 1081 956 bilitcr
1112 892 1449 956 inferiores
1481 903 1629 955 sunt
1658 913 1753 969 ea,
1790 894 1957 955 sicut
1994 893 2073 953 ad
2102 892 2353 953 Hebrae-

861 1012 933 1056 os
972 993 1157 1055 docet
1193 992 1533 1074 Apostolus
1568 1010 1581 1053 :
1626 992 1739 1054 Cui
1780 992 2149 1071 angelorum
2191 990 2349 1053 dixit

2461 900 2778 953 structura
2810 892 2974 953 muri
3007 892 3148 971 ejus
3179 910 3255 952 ex
3289 890 3498 971 lapide
3524 890 3812 971 jaspide:
3853 888 3950 969 ip-

2461 1010 2530 1051 sa
2563 1008 2712 1053 vero
2743 1009 2816 1053 ex
2848 1008 3004 1051 auro
3045 992 3283 1051 mundo
3321 988 3516 1050 simili
3559 988 3726 1051 vitro
3765 1007 3950 1049 mun—

568 1074 765 1121 P'·¹¹'⁷'
862 1092 1205 1171 aliquando
1230 1091 1429 1153 Deus:
1456 1089 1653 1152 Filius
1686 1109 1865 1153 meus
1896 1110 1965 1152 es
1997 1100 2080 1166 tu,
2097 1108 2214 1168 ego
2244 1090 2352 1151 ho-
2460 1090 2562 1151 do.
2601 1088 2689 1151 lbi
2722 1089 2960 1169 quippe
3003 1088 3504 1168 uniuscujusque
3543 1094 3822 1148 mentem
3865 1086 3948 1147 ab

860 1189 965 1249 die
1004 1190 1195 1267 genui
1240 1196 1347 1251 tc‘?
1398 1193 1529 1252 Nec
1567 1193 1971 1268 appendetur
2006 1199 2350 1265 arqentum
2459 1187 2721 1249 alterius
2779 1187 3004 1263 oculiS,
3060 1186 3490 1248 membrorum
3549 1184 3950 1266 corpulentia

861 1289 933 1347 in
976 1291 1476 1348 commutacione
1522 1290 1683 1364 ejus.
1735 1288 1910 1350 Sicut
1961 1306 2076 1368 per
2122 1304 2348 1349 aurum
2463 1304 2590 1349 non
2622 1286 3000 1358 abscondet3
3039 1284 3149 1346 sed
3183 1282 3426 1365 patebit
3464 1284 3739 1359 animm,
3776 1292 3950 1364 pate-

859 1385 1147 1447 obrizum
1198 1386 1430 1465 angeli,
1475 1386 1563 1447 ita
1604 1394 1867 1464 argento
1916 1385 2210 1449 homines
2249 1404 2354 1445 ex-
2460 1384 2554 1446 bit
2577 1383 3014 1465 corporalibus
3037 1382 3242 1446 oculis
3273 1383 3412 1464 ipsa
3440 1382 3632 1444 etiam
3661 1381 3948 1463 corporis

860 1484 1227 1564 primuntur
1268 1504 1283 1547 ε
1332 1484 1441 1564 qui
1496 1484 1966 1565 quantumlibet
2018 1491 2350 1545 venustate.
2460 1483 2813 1544 harmonia.
2869 1483 3099 1563 Sicque
3146 1482 3588 1562 unusquisque
3633 1490 3783 1541 tunc
3828 1481 3946 1541 erit

860 1580 1241 1662 eloquentia>
1291 1591 1355 1643 et
1404 1582 1743 1663 splendore
1804 1582 2087 1645 scientiae
2137 1600 2353 1663 peror-
2459 1579 2912 1661 conspicabilis
2961 1579 3168 1656 alteri,
3205 1580 3366 1641 sicut
3413 1599 3581 1641 nunc
3629 1598 3772 1639 esse
3821 1597 3946 1639 non

862 1688 1116 1755 nentur,
1139 1679 1477 1761 Sapientiae
1510 1681 1803 1743 increatae
1837 1688 2162 1761 nequeunt
2193 1698 2355 1743 com·
2463 1688 2672 1761 potest
2718 1678 3169 1759 conspicabilis
3217 1678 3383 1749 sihi;
3427 1686 3486 1739 ct
3527 1678 3680 1739 dum
3729 1678 3951 1739 unius-

862 1778 1095 1858 parari‚
1131 1797 1327 1858 quum
1369 1788 1433 1839 ct
1469 1779 1740 1841 Joannes
1778 1779 2053 1860 Baptista
2085 1786 2352 1840 testatus
2461 1778 2770 1858 cujusque
2805 1777 3017 1840 vultus
3056 1776 3428 1853 attenditur,
3473 1776 3662 1837 simul
3708 1784 3772 1837 et
3807 1794 3950 1837 con-

565 1892 827 1941 Joanmzv.
862 1876 945 1936 sit
997 1876 1333 1956 indignum
1391 1898 1459 1939 sc
1507 1897 1647 1939 esse
1707 1876 1953 1940 solvere
2012 1877 2347 1955 corrigiam
2388 1882 2433 1944 B
2463 1877 2731 1939 scientia
2761 1883 3150 1958 penetratur.

859 1974 1272 2036 calceamenti
1308 1976 1501 2037 illius.
2539 1974 2764 2037 Omnia
2805 1975 2926 2035 ista
2957 1982 3106 2035 sunt
3143 1974 3339 2036 verba
3367 1974 3432 2035 B.
3465 1972 3774 2051 Gregorii.
3806 1972 3948 2047 Qui·

944 2076 1085 2136 Non
1118 2076 1485 2150 conferetur
1516 2077 1735 2135 tinctis
1764 2077 1977 2136 Indice
2009 2076 2345 2135 coloribus.
2461 2074 2577 2135 bus
2611 2074 2953 2137 concordat
2996 2074 3168 2153 quod
3199 2072 3502 2134 vicesimo
3547 2072 3827 2135 secundo
3867 2072 3946 2133 de

857 2172 973 2233 Per
1018 2171 1255 2234 lndiam
1299 2172 1625 2255 AEthiopes
1672 2173 2125 2255 proferentem,
2170 2192 2352 2234 mun-
2457 2174 2723 2236 Civitate
2756 2172 2888 2247 Dei,
2925 2173 3002 2235 de
3043 2172 3162 2234 hac
3203 2171 3467 2233 materia
3512 2171 3794 2252 loquitur
3823 2170 3947 2232 Au-

858 2271 977 2331 dus
1028 2270 1129 2332 hic
1180 2270 1357 2333 vitiis
1402 2273 1777 2334 tenebrosus
1828 2281 2081 2335 notatur
2118 2289 2130 2331 :
2167 2272 2350 2352 cujus
2455 2271 2773 2349 gustinuS,
2830 2270 3164 2331 insinuans
3207 2269 3320 2345 ihi,
3373 2270 3541 2350 quod
3583 2269 3794 2332 omnis
3845 2268 3944 2330 in-

858 2368 1039 2430 tincti
1092 2369 1359 2445 coloreS,
1402 2378 1551 2432 sunt
1599 2371 1789 2450 hujus
1838 2370 2051 2432 saeculi
2098 2370 2350 2451 sapien-
2459 2370 2760 2432 teriorum
2812 2386 3120 2450 compago
3169 2377 3231 2429 et
3279 2367 3604 2438 habitudo,
3641 2368 3946 2449 praedicto

858 2474 975 2540 teS‚
1010 2486 1278 2548 quorum
1324 2469 1702 2550 sapientiam
1738 2470 1941 2548 (juxta
1974 2467 2344 2549 Apostolum
2456 2467 2644 2530 modo
2689 2466 2952 2547 patebit.
2987 2466 3162 2539 Quod
3201 2466 3392 2528 etiam
3434 2466 3706 2530 Thomas
3755 2485 3946 2546 super

564 2576 828 2627 teor.1.20.
856 2565 934 2626 ad
984 2564 1373 2645 Corinthios)
1420 2566 1679 2627 stultam
1741 2565 1943 2627 efficit
1998 2566 2182 2626 Deus,
2229 2565 2342 2637 Qui
2455 2575 2754 2646 quartum
2795 2566 3260 2628 Sententiarum
3307 2565 3612 2642 affirmat,
3656 2585 3945 2628 asserens

856 2662 1002 2724 licet
1052 2663 1223 2724 intus
1268 2682 1479 2725 coram
1525 2665 1653 2725 Deo
1705 2662 2014 2724 immundi
2060 2662 2210 2739 sint,
2244 2682 2348 2725 co-
2458 2664 2574 2726 hoc
2608 2664 2973 2739 dicendum,
3007 2664 3160 2744 quia
3204 2684 3318 2745 per
3357 2665 3476 2727 hoc
3515 2664 3716 2743 magis
3749 2665 3946 2725 salva-

856 2779 987 2821 ram
1022 2760 1393 2823 hominibus
1430 2770 1640 2823 tamen
1684 2781 1748 2823 sc
1788 2769 2038 2837 ornant,
2074 2769 2138 2821 et
2172 2761 2346 2822 velut
2460 2770 2559 2823 tur
2601 2761 2877 2841 dignitas
2918 2762 3202 2843 corporis
3241 2761 3609 2842 glorificati,
3646 2782 3838 2843 quam
3887 2762 3940 2823 si

855 2859 1177 2939 sapientes
1229 2859 1675 2939 virtuososquc
1713 2859 2039 2925 exhibent.
2080 2860 2242 2921 sicut
2281 2869 2344 2920 et
2454 2860 2904 2940 dicatur,quod
2939 2860 3296 2940 perspicua,
3319 2860 3804 2942 transparentia.
3831 2880 3942 2921 seu

855 2956 1093 3018 Scribis
1125 2964 1189 3017 ct
1218 2956 1549 3019 Pharisaeis
1592 2958 1838 3021 locutus
1876 2966 1967 3019 est
2001 2958 2288 3019 Christus
2325 2975 2338 3017 τ
2457 2958 2912 3020 translucentia
2941 2976 3067 3021 non
3107 2967 3295 3020 erunt
3332 2976 3598 3039 corpora
3625 2958 3944 3038 glorifica-

613 3075 805 3179 Μαὲξιιὲε
853 3054 959 3117 Vae
993 3056 1173 3117 vobis
1215 3054 1321 3136 qui
1364 3055 1608 3117 similes
1640 3057 1793 3117 estis
1834 3056 2143 3137 sepulcris
2174 3057 2345 3117 dcal-
2380 3059 2423 3123 C
2457 3064 2538 3132 ta,
2582 3057 2688 3117 sed
2742 3055 2948 3118 solum
3001 3054 3354 3117 forinsecus
3405 3056 3575 3117 clara
3623 3065 3685 3117 et
3733 3056 3942 3118 lucida

556 3150 669 3188 xxm,
740 3169 751 3187 ,
810 3168 821 3179 .

855 3152 1041 3228 batis,
1078 3172 1217 3233 quae
1256 3173 1292 3215 a
1334 3152 1489 3215 foris
1530 3163 1753 3235 parent
1795 3155 2163 3217 hominibus
2204 3174 2344 3235 spe-

852 3249 1045 3325 ciosa,
1084 3251 1255 3312 intus
1286 3270 1437 3314 vero
1470 3252 1658 3332 ple-na
1698 3260 1846 3313 sunt
1885 3253 2138 3315 ossibus
2179 3272 2343 3315 mor-

852 3356 1106 3410 tuorum
1168 3359 1231 3411 et
1290 3350 1463 3411 omni
1528 3351 1835 3431 spurcitia
1890 3369 1903 3412 τ
1958 3351 2047 3413 sic
2107 3361 2169 3413 et
2230 3369 2342 3413 vos

850 3446 1107 3527 quidem
1165 3468 1201 3509 a
1254 3447 1410 3510 foris
1463 3450 1699 3529 paretis
1748 3450 2118 3512 hominibus
2158 3451 2336 3530 justi,

852 3544 1024 3606 intus
1058 3564 1207 3609 vero
1235 3546 1409 3628 pleni
1446 3548 1599 3608 estis
1640 3548 1961 3629 hypocrisi
2004 3556 2067 3609 et
2108 3549 2343 3630 iniqui-

852 3650 991 3704 tate.
1014 3644 1226 3724 ltaque
1256 3644 1481 3707 horum
1519 3646 1733 3707 nullus
1764 3646 2216 3727 comparabilis
2247 3656 2336 3707 est

851 3740 1189 3821 Sapientiae
1241 3743 1557 3805 increatae.
1608 3746 1738 3805 Nec
1781 3747 1995 3822 lapide?
2031 3747 2341 3821 sardony-

847 3841 960 3897 cleo
993 3842 1483 3917 pretiosissime,
1518 3844 1619 3899 vel
1654 3844 1981 3917 sapphiro.
2024 3842 2139 3903 Per
2183 3841 2342 3921 lapi-

847 3935 993 3997 dem
1046 3938 1509 4019 sardonychum
1568 3938 1777 4001 rubeae
1830 3949 2010 4002 tcrrae
2060 3939 2334 4003 colorem

849 4033 1213 4111 habentem,
1250 4036 1637 4116 quicumque
1672 4037 1879 4099 incola
1912 4039 2129 4099 mundi
2163 4063 2176 4113 ;
2225 4056 2338 4118 pcr

848 4131 1245 4212 sapphirum,
1280 4133 1465 4214 cujus
1504 4135 1678 4197 color
1710 4135 1988 4197 coelestis
2018 4143 2115 4196 est
2146 4155 2339 4217 appa-

2453 3154 2618 3215 sicut
2659 3172 2884 3215 aurum
2921 3172 2934 3213 :
2981 3154 3150 3234 quod
3200 3162 3411 3215 tamen
3455 3154 3652 3234 aliqui
3697 3154 3942 3216 adstru-

2453 3262 2588 3314 unt.
2634 3252 2754 3316 Scd
2793 3252 3074 3334 praefatis
3118 3253 3352 3315 sanctis
3397 3253 3768 3315 Doctoribus
3811 3272 3942 3315 ma-

2451 3351 2549 3429 gis
2579 3351 2966 3413 credendum
2999 3358 3116 3411 est.
3152 3349 3318 3424 Quos
3347 3350 3542 3413 etiam
3583 3350 3647 3411 in
3693 3350 3810 3413 hoc
3849 3370 3940 3411 se.-

2454 3449 2671 3529 quitur
2702 3449 2800 3510 vir
2836 3467 3081 3528 magnae
3121 3448 3632 3524 illuminationiS‚
3668 3449 3937 3511 Joannes

2453 3546 2854 3628 Ruyshroeck
2888 3548 2953 3609 in
2997 3547 3163 3611 libro
3198 3548 3276 3610 dc
3313 3548 3525 3627 Regno
3565 3548 3932 3611 electorum.

2453 3646 2685 3708 Verum
2728 3648 2942 3709 nullus
2975 3648 3040 3708 in
3085 3666 3364 3729 superna
3403 3649 3520 3711 hac
3561 3646 3784 3728 patria,
3821 3666 3938 3707 nec

2454 3753 2581 3806 tota
2613 3745 2724 3807 illa
2759 3746 3026 3808 societas
3072 3746 3366 3809 increatae
3397 3747 3563 3808 valet
3601 3745 3938 3827 Sapientiae

2449 3842 2790 3923 adaequari.

2532 3944 2662 4003 Nec
2704 3945 3278 4003 commutabuntur
3315 3963 3431 4020 pro
3469 3964 3544 4002 ea
3595 3964 3746 4002 vasa
3786 3944 3938 4003 auri

2447 4042 2690 4099 excelsa
2720 4050 2778 4100 et
2805 4043 3183 4113 eminentia,
3219 4041 3282 4101 id
3323 4048 3418 4102 est
3459 4040 3749 4102 homines
3783 4060 3936 4121 prae—

2449 4136 2810 4213 clarissimi,
2860 4138 3222 4201 divinorum
3281 4157 3434 4200 vasa
3480 4138 3932 4200 charismatum

850 4230 1090 4306 rentiae,
1133 4230 1521 4311 quicumque
1572 4251 1863 4313 supernae
1913 4234 2135 4314 patriae
2177 4234 2336 4295 civis
2368 4236 2417 4296 D
2447 4234 2843 4311 exsistentes,
2875 4236 3040 4297 sicut
3069 4238 3147 4298 de
3177 4236 3369 4299 Paulo
3403 4236 3728 4317 perhibuit
3759 4236 3932 4298 Chri-

846 4327 1461 4408 exprimitur.Qu11m
1494 4348 1643 4408 crgo
1676 4350 1791 4393 nec
1826 4341 2160 4411 tcrrae,uec
2191 4332 2332 4393 coeli

850 4425 1167 4489 habitator
1204 4437 1607 4508 comparetur
1638 4430 1977 4509 Sapie-ntia}
2010 4430 2181 4505 huic,
2219 4431 2336 4491 rite

849 4521 1165 4601 prolatum
1196 4531 1295 4583 est
1326 4523 1589 4585 verbum
1629 4524 1980 4586 inductum.

930 4624 1075 4681 Non
1096 4623 1552 4699 ada’qaabc’cur
1580 4624 1642 4681 ei
1672 4644 1913 4683 aarum
1947 4628 2041 4683 vel
2065 4627 2331 4685 vitrum.

850 4718 1086 4779 Aurum
1126 4718 1374 4781 cunctis
1426 4720 1700 4781 metallis
1742 4721 2098 4802 praefulget,
2143 4730 2208 4783 ct
2249 4731 2338 4783 ta-

847 4836 991 4878 men
1026 4836 1165 4895 quae
1196 4817 1481 4880 continet
1504 4817 1569 4878 in
1603 4838 1691 4895 se,
1714 4819 2333 4882 absconditNitrum

846 4934 995 4977 vero
1026 4923 1201 4976 extra
1232 4923 1325 4976 est
1356 4915 1595 4977 clarum
1620 4925 1683 4977 et
1706 4916 1875 4978 intus
1898 4917 2332 4999 perspicuum,

844 5020 907 5073 et
940 5012 1147 5093 qualis
1179 5013 1259 5073 sit
1293 5013 1503 5094 liquor
1534 5014 1600 5074 in
1636 5015 1773 5095 ipso
1802 5016 2336 5093 contentuS,foris

844 5118 1128 5192 apparet.
1150 5109 1266 5171 Per
1296 5130 1521 5171 aurum
1554 5128 1703 5190 ergo
1734 5120 1798 5173 et
1828 5114 2089 5189 vitrum,
2117 5133 2338 5195 super-

846 5227 927 5269 na
958 5208 1183 5289 patria,
1212 5228 1761 5291 supernorumque
1795 5212 2063 5275 societas
2094 5213 2330 5275 civium

845 5306 1213 5385 designatur
1264 5327 1275 5369 :
1327 5326 1593 5386 quorum
1647 5311 1835 5373 corda
1881 5310 1999 5372 sibi
2057 5311 2330 5373 invicem

2447 4340 2580 4393 stus
2605 4350 2618 4392 :
2643 4333 2799 4405 Quia
2821 4353 2928 4395 vas
2960 4334 3292 4397 electionis
3322 4334 3482 4395 mihi
3503 4342 3600 4395 est
3629 4334 3764 4398 istc.
3785 4337 3926 4395 Non
3957 4356 4124 4404 Actu,
4145 4357 4198 4393 ts.

2445 4435 3113 4493 commemorabuntur
3139 4434 3616 4510 comparatione
3641 4434 3804 4509 eju-5.
3839 4433 3931 4494 ln-

2447 4528 2633 4590 l'inite.
2668 4530 2838 4591 enim
2885 4530 2966 4591 ab
3009 4532 3148 4611 ejus
3193 4532 3521 4612 maiestate
3565 4530 3926 4593 deficiunt:

2449 4626 2588 4690 ideo
2634 4628 3106 4709 comparatione
3157 4629 3296 4709 ejus
3340 4648 3455 4710 pro
3498 4629 3701 4692 nihilo
3752 4648 3933 4710 rcpu-

2449 4733 2679 4786 tantur.
2733 4726 2912 4789 Circa
2961 4728 3133 4807 quod
3183 4727 3274 4788 ait
3313 4727 3649 4807 Gregorius
3687 4744 3701 4786 :
3735 4726 3930 4788 Electi

2446 4843 2737 4905 supernae
2790 4825 3028 4906 patriae,
3067 4825 3268 4888 sancti
3309 4833 3373 4887 et
3415 4824 3566 4905 justi
3620 4834 3791 4900 sunt,
3825 4825 3932 4886 sed

2447 4920 2934 5003 participat-ione
2966 4922 3326 5004 Sapientiae,
3365 4942 3490 4985 non
3522 4922 3933 5003 comparatio-

2447 5040 2546 5083 ne.
2585 5019 2726 5083 Sola
2767 5022 2938 5083 enim
2973 5021 3296 5103 Sapientia
3337 5022 3616 5085 increata
3654 5041 3802 5084 cum
3830 5022 3934 5084 Pa-

2449 5126 2540 5179 tre
2580 5127 2642 5179 et
2675 5118 2912 5199 Spiritu
2945 5120 3174 5182 Sancto
3223 5119 3531 5182 veraciter
3569 5128 3665 5181 est
3699 5136 3714 5180 :
3748 5120 3932 5199 cujus

2445 5216 2737 5277 essentiae
2794 5225 3227 5298 comparatum
3283 5236 3422 5279 esse
3477 5226 3788 5294 nostrum,
3838 5225 3929 5279 est

2447 5333 2572 5378 non
2604 5332 2763 5375 esse.
2799 5314 2952 5377 Huic
2987 5314 3038 5375 si
3072 5315 3544 5395 conjungimur,
3571 5334 3814 5391 sumus,
3847 5314 3930 5377 vi·
