4309 6259
63 1088 226 1135 ἱππέα,
241 1090 277 1129 9.

709 510 1062 557 manui-10
1104 511 1166 555 m
1208 510 1346 557 ω.
1392 510 1477 554 vu
1517 508 1676 553 uam
1718 507 1972 553 saeuum
2012 506 2544 555 Panamonmou.
2589 528 2671 539 —
2710 511 2853 557 aar.
2900 511 2985 557 vn
3018 548 3031 555 -
3277 493 3397 555 205

307 679 409 742 hic
445 687 606 743 terra
639 698 654 742 ε
691 700 839 743 nam
867 680 1031 763 lapis
1063 680 1358 763 quamvis
1389 680 1472 741 sit
1501 678 1788 753 mixtum,
1821 676 1874 739 A
1905 677 2093 739 tertio
2124 677 2289 741 libro
2320 679 2557 759 Regum
2589 682 2943 762 expositum
2979 691 3072 745 est
3094 703 3297 768 usque
3316 688 3396 749 ad
3426 708 3692 764 mamam,

305 787 512 840 tamen
536 786 704 840 terra
724 778 1224 861 praedominatur
1255 778 1322 839 in
1344 795 1442 853 e0,
1465 785 1528 840 et
1550 777 1616 838 in
1640 776 1795 839 Scri-

305 876 508 957 pturis
571 884 740 939 terra
797 876 1168 959 frequenter
1217 896 1333 959 pro
1385 894 1792 957 quocumque

303 974 498 1037 mixto
531 983 784 1038 terreno
832 976 1165 1057 accipitur,
1205 975 1370 1037 sicut
1399 994 1600 1057 quum
1639 973 1796 1036 dici-

309 1080 406 1133 tur
441 1090 455 1133 :
489 1071 651 1145 Quid
683 1073 976 1155 superbit
1011 1081 1177 1136 terra
1208 1081 1270 1137 et
1301 1073 1510 1136 cinis?
1544 1076 1629 1133 Et
1659 1078 1796 1133 lau-

303 1174 626 1233 daverunt
643 1182 704 1232 et
734 1176 1173 1233 adoraverunt
1194 1175 1544 1233 Dominum
1581 1172 1798 1234 adora-

305 1268 474 1331 tione
524 1268 728 1333 latriae
771 1269 1062 1334 interiori
1111 1278 1174 1333 et
1219 1270 1538 1345 exteriori,
1576 1277 1796 1351 utpote

302 1376 514 1430 mente
557 1376 622 1429 et
669 1386 956 1450 corpore,
1006 1371 1320 1449 quoniam
1369 1372 1594 1439 bonus,
1647 1388 1798 1449 quo·

303 1468 484 1527 niam
515 1469 590 1527 in
619 1472 930 1529 saeculum
969 1470 1416 1529 misericordia
1444 1468 1607 1544 ejus.

379 1568 525 1627 Rex
568 1576 786 1627 autem
823 1576 884 1627 et
922 1568 1132 1627 omnis
1171 1570 1454 1643 populus
1504 1568 1801 1625 immola-

305 1664 455 1724 bant
507 1665 810 1725 victimas
866 1685 1083 1725 coram
1131 1666 1430 1725 Domino.
1485 1664 1800 1725 Mactavit

308 1764 540 1837 iyitur,
563 1762 630 1824 id
661 1770 779 1839 est,
807 1781 920 1843 per
950 1781 1178 1824 manus
1209 1763 1606 1825 sacerdotum
1638 1760 1804 1825 occi-

1906 776 1967 837 id
1997 793 2010 837 :
2037 779 2335 857 Fecitque
2353 780 2460 837 die
2479 788 2695 839 octavo
2716 784 3041 843 collectam
3064 805 3086 843 .·
3114 787 3284 865 quod
3319 789 3397 850 de
3426 774 3493 823 ‘⁵⁵’
3515 774 3584 814 ⁶⁶⁸

1905 875 2395 955 congregatione
2427 896 2542 958 pro
2563 879 2935 941 necessariis
2959 884 3178 965 templi
3209 903 3399 968 expo·

1907 973 2101 1049 nitur,
2127 982 2318 1056 prout
2349 975 2414 1037 in
2438 976 2719 1041 Levitico
2740 978 2971 1041 clarius
3004 982 3241 1045 dictum
3266 994 3394 1061 est3
3452 1004 3689 1059 Lemma,

1907 1080 1970 1133 et
1999 1072 2269 1134 Thomas
2299 1073 2367 1135 in
2408 1074 2617 1155 prima
2653 1078 2947 1141 secundae
2991 1079 3081 1142 ita
3110 1083 3391 1164 exponit,
3427 1070 3494 1112 ²⁶·

1907 1170 2146 1253 aliique
2186 1172 2631 1236 communiter.
2680 1174 2823 1239 Ideo
2868 1178 3233 1260 reprobatio
3269 1201 3399 1264 qua

1907 1269 2108 1332 Rabbi
2154 1270 2383 1332 Paulus
2432 1271 2657 1353 Lyram
2705 1275 2783 1337 de
2832 1274 2949 1339 hac
3002 1279 3398 1360 expositione

1908 1368 2140 1450 saepius
2163 1367 2591 1450 reprehendit,
2617 1390 2745 1434 non
2768 1374 3086 1454 praevalet.
3106 1380 3204 1439 Eo
3223 1384 3397 1459 quod

1907 1470 2255 1529 dedicasset
2284 1472 2493 1529 altare
2510 1480 2746 1546 septem
2773 1474 3019 1546 diebus,
3037 1486 3097 1535 et
3124 1480 3401 1539 solenni-

1912 1576 2102 1627 tatem
2131 1569 2498 1627 celebrasset
2527 1570 2749 1629 diebus
2785 1581 3041 1648 septem.
3074 1577 3296 1653 Iyitur
3324 1579 3398 1639 in

1907 1666 2016 1724 die
2046 1666 2340 1725 vicesimo
2366 1669 2549 1727 tertio
2576 1670 2812 1729 mensis
2838 1673 3121 1748 septimi,
3142 1676 3397 1737 dimisit

1905 1768 2176 1841 populos
2224 1767 2313 1824 ad
2360 1768 2775 1827 tabernacula
2810 1788 2957 1839 sua,
2990 1774 3275 1834 loetantes
3305 1785 3402 1836 at-

306 1861 418 1937 dit,
457 1870 524 1924 et
553 1861 811 1937 obtulit,
845 1882 962 1921 rex
991 1865 1300 1923 Salomon
1337 1865 1576 1923 hostias
1612 1865 1802 1922 boum
1839 1862 1884 1923 B
1911 1882 2032 1941 que
2053 1866 2409 1939 qaudentes
2428 1884 2620 1941 super
2640 1868 2797 1927 bono
2828 1872 3000 1945 quod
3016 1872 3257 1949 fecerat
3279 1878 3403 1935 Do-

309 1963 552 2037 viyinti
598 1964 728 2021 duo
780 1962 1020 2033 millia,
1071 1963 1352 2021 arietum
1399 1970 1656 2021 centum
1709 1962 1803 2021 vi-

69 2062 477 2137 ttlfley.v111.91'nli
511 2062 753 2120 millia.
789 2059 960 2121 Istud
996 2059 1181 2122 tertio
1219 2059 1458 2139 Regum
1497 2058 1660 2121 libro
1701 2079 1805 2121 ex-

67 2142 119 2181 63.

311 2159 592 2241 positum
623 2166 740 2221 est.
777 2161 864 2219 Ec
892 2160 1219 2219 dedicavit
1245 2162 1509 2219 domum
1539 2160 1660 2223 Dei
1688 2180 1804 2218 rex

309 2268 366 2317 et
399 2260 744 2318 universus
766 2261 1078 2336 populus,
1113 2257 1232 2319 hoc
1273 2265 1390 2334 est,
1425 2275 1538 2337 per
1574 2276 1802 2319 manus

310 2355 644 2438 pontificis
675 2365 738 2419 et
780 2356 1179 2419 sacerdotum
1211 2356 1272 2418 ei
1316 2355 1806 2418 subministran—

311 2455 466 2517 tium
491 2463 1031 2518 consecraverunt
1052 2454 1383 2536 templum,
1403 2462 1466 2516 et
1486 2454 1646 2515 atria
1665 2454 1804 2535 ejus

311 2563 500 2636 atque
538 2552 787 2615 altaria.
830 2552 1122 2615 Pontifex
1160 2560 1372 2615 autem
1413 2551 1539 2614 fuit
1580 2552 1801 2615 Sadoc.

309 2657 684 2715 Sacerdotes
722 2662 942 2713 aute-m
987 2654 1242 2713 stabant
1284 2653 1359 2711 in
1405 2654 1632 2728 officiis
1668 2654 1804 2713 suis

309 2751 612 2814 distincte
639 2759 704 2814 et
734 2750 1045 2825 ordinate,
1081 2750 1246 2812 sicut
1275 2769 1312 2811 a
1343 2750 1536 2811 David
1574 2769 1688 2832 per
1719 2749 1806 2811 fa-

185 2878 226 2905 u
269 2889 284 2897 -
309 2848 524 2911 milias
565 2868 712 2911 suas
755 2857 938 2911 erant
986 2848 1314 2925 distincti;
1366 2858 1426 2909 et
1457 2850 1700 2910 Levitae
1731 2852 1804 2909 in

307 2950 572 3024 organis
599 2950 970 3008 carminum
999 2949 1290 3019 Domini,
1325 2968 1468 3026 quae
1493 2948 1649 3023 fecit
1676 2950 1807 3007 Da·

1911 1963 2130 2021 minus
2152 1964 2392 2033 David,
2406 1973 2464 2022 et
2486 1966 2847 2034 Salomoni,
2866 1976 2926 2027 et
2948 1969 3153 2029 Israel
3158 1978 3399 2049 populo

1911 2080 2048 2119 suo.

2000 2160 2468 2238 Complevitque
2488 2162 2793 2222 Salomon
2820 2166 3085 2227 domum
3107 2170 3401 2241 Domini,

1917 2256 2163 2319 scilicet
2206 2257 2537 2338 templum,
2569 2268 2629 2319 et
2669 2262 2928 2322 domum
2974 2268 3165 2341 reqis,
3200 2266 3263 2329 id
3307 2276 3403 2331 est

1917 2354 2221 2436 palatium
2256 2374 2442 2417 suum
2478 2356 2707 2435 regale,
2740 2368 2799 2419 et
2838 2363 3059 2422 omnia
3096 2386 3239 2443 quae
3272 2370 3403 2427 dis·

1906 2464 2211 2531 posuerat
2242 2456 2314 2515 in
2348 2457 2533 2515 corde
2569 2477 2682 2516 suo
2724 2467 2795 2518 ut
2833 2461 3071 2538 faceret
3111 2464 3179 2523 in
3215 2466 3400 2527 domo

1913 2554 2205 2623 Domini,
2236 2562 2295 2613 et
2326 2554 2399 2613 in
2445 2556 2630 2613 domo
2658 2576 2779 2615 sua
2809 2576 2832 2615 .·
2864 2556 2929 2617 in
2974 2558 3205 2638 quibus
3254 2562 3405 2627 fecit

1914 2650 2090 2713 varia
2129 2650 2451 2727 utensilia,
2485 2661 2876 2731 ornamenta,
2921 2663 2981 2717 et
3018 2659 3399 2726 consimilia.

1914 2748 2087 2811 Fecit
2115 2756 2327 2811 autem
2357 2750 2616 2811 domum
2663 2770 2841 2813 suam
2890 2752 3057 2817 infra
3098 2758 3399 2821 tredecim
3444 2777 3698 2833 uincam,

1913 2865 2136 2924 annOS,
2162 2855 2226 2909 et
2257 2848 2564 2929 templum
2596 2848 2663 2911 in
2693 2851 2879 2913 annis
2909 2862 3148 2935 septem
3174 2866 3269 2919 :et
3292 2876 3405 2939 per
3436 2841 3472 2893 ¹³
3491 2844 3631 2891 '¹’³⁸·

1915 2946 2173 3007 domum
2194 2945 2375 3026 regiS,
2400 2946 2846 3027 intelliguntur
2866 2951 2987 3013 tria
3008 2955 3240 3033 regalia
3264 2958 3405 3019 aedi-

310 3049 420 3105 vid
467 3067 592 3105 rex
639 3048 729 3106 ad
779 3047 1189 3105 laudandum
1227 3046 1601 3116 Dominum,
1646 3048 1808 3115 Quo-
1841 3046 1884 3109 C
1917 3041 2069 3105 ficia
2125 3061 2267 3124 quae
2317 3041 2461 3107 fieri
2519 3044 2731 3125 jussit,
2784 3046 2905 3111 hoc
2954 3058 3049 3111 est
3096 3051 3405 3133 palatium

307 3147 490 3206 niam
521 3146 746 3216 bonus,
766 3144 1074 3222 quoniam
1109 3146 1183 3202 in
1209 3152 1524 3204 (eternum
1555 3145 1805 3204 miseri-

305 3246 530 3303 cordia
561 3243 704 3319 ejus
723 3241 833 3302 :id
855 3248 972 3317 est,
991 3239 1226 3303 Levitae
1252 3240 1317 3302 in
1340 3241 1637 3303 manibus
1669 3242 1802 3303 suis

307 3340 631 3405 habebant
651 3340 906 3403 diversa
925 3338 1172 3401 musica
1195 3339 1639 3417 instrumenta,
1659 3359 1804 3403 cum

305 3459 586 3522 quorum
617 3439 834 3503 sonitu
864 3437 1055 3500 simul
1075 3446 1138 3500 et
1157 3457 1268 3501 ore
1287 3438 1628 3501 cantabant
1657 3458 1806 3501 can-

311 3538 430 3601 tica
489 3537 858 3619 spiritualia
912 3556 950 3599 a
997 3536 1192 3599 David
1251 3556 1327 3599 ex
1387 3536 1805 3619 inspiratione

311 3636 588 3719 Spiritus
626 3636 841 3699 Sancti
879 3636 1050 3699 edita
1082 3642 1144 3697 et
1179 3636 1562 3717 conscripta,
1588 3645 1808 3718 utpote

313 3736 616 3818 psalmos
668 3736 812 3798 Ideo
864 3734 1159 3797 subditur
1208 3752 1224 3794 :
1269 3738 1541 3812 hymnos
1587 3738 1808 3797 David

311 3846 610 3897 canentes
627 3854 754 3912 per
791 3854 1026 3895 manus
1066 3854 1240 3902 suas,
1268 3851 1382 3914 per
1425 3852 1584 3914 quas
1636 3834 1807 3897 lude·

313 3933 462 3997 bant
493 3934 562 3995 in
597 3932 862 3997 musicis
903 3931 1367 3995 instrumentis.
1403 3932 1492 3993 Ex
1529 3932 1629 3994 his
1668 3952 1810 3996 ver-

315 4032 407 4093 bis
463 4032 725 4097 videtur
780 4037 1226 4109 argumentum
1285 4048 1412 4092 non
1467 4030 1807 4093 minimum

314 4132 454 4194 elici
507 4150 722 4213 posse,
774 4130 945 4211 quod
995 4148 1216 4193 omnes
1258 4127 1487 4210 psalmi
1531 4148 1569 4191 a
1613 4130 1808 4193 David

1915 3160 2122 3218 suum,
2158 3150 2221 3203 et
2248 3142 2473 3204 domus
2502 3161 2695 3223 quam
2736 3142 2889 3208 fecit
2926 3165 3057 3210 suae
3090 3150 3311 3231 primae
3341 3161 3405 3215 et
3432 3172 3700 3225 mamas.

1913 3238 2255 3321 principali
2287 3240 2466 3301 uxori
2500 3240 2655 3303 l'iliae
2684 3242 3048 3323 PharaoniS,
3083 3256 3145 3310 et
3177 3249 3402 3313 domus

1916 3337 2144 3415 SaltuS,
2181 3346 2369 3420 prout
2411 3338 2533 3401 ista
2573 3340 2759 3403 tertio
2803 3341 2970 3406 libro
2999 3345 3238 3425 Regum
3269 3350 3404 3431 ple-

1915 3438 2060 3499 nius
2091 3446 2242 3498 sunt
2271 3436 2538 3519 prolata.
2574 3441 2658 3500 Et
2680 3455 3097 3519 prosperatus
3126 3457 3237 3509 est.

1995 3538 2326 3614 Apparuit
2374 3546 2593 3598 autem
2638 3540 2723 3609 ei,
2766 3539 3010 3604 scilicet
3053 3542 3400 3627 Salomoni,

1912 3637 2232 3696 Dominus
2262 3644 2459 3707 nocte,
2493 3646 2553 3696 et
2584 3639 2679 3698 ait
2709 3658 2731 3698 .·
2762 3642 3021 3701 Audivi
3048 3647 3406 3708 orationem

1919 3745 2120 3795 tuam.
2143 3733 2355 3796 Tertio
2384 3733 2621 3813 Regum
2652 3746 2964 3815 narratur,
2989 3740 3266 3822 qualiter
3294 3744 3407 3807 Do-
3475 3763 3595 3807 nid.
3630 3778 3686 3816 v..

1916 3832 2130 3895 minus
2170 3832 2467 3913 apparuit
2506 3832 2841 3911 Salomoni,
2888 3837 3156 3901 durante
3198 3841 3405 3905 adhuc
3437 3828 3577 3873 ¹¹⁴³·

1917 3930 2140 4012 templi
2171 3928 2619 4007 aedificatione,
2654 3940 3015 3997 contestans
3046 3936 3169 3999 sibi
3200 3938 3408 4019 place-

1919 4048 1985 4091 re
2025 4028 2203 4089 illam
2247 4027 2807 4091 constructionem.
2847 4030 2955 4094 Hic
2987 4052 3137 4097 vero
3175 4037 3410 4099 descri-

1917 4127 2113 4203 bitur,
2146 4126 2421 4208 qualiter
2460 4126 2519 4189 ei
2563 4129 2879 4209 apparuit,
2922 4138 3117 4212 atque
3160 4133 3409 4199 locutus

313 4228 652 4311 compositi
685 4228 836 4290 sint..
871 4232 1078 4291 Porro
1107 4231 1456 4289 sacerdotes
1498 4231 1810 4289 canebant
1842 4233 1889 4294 D
1919 4226 2002 4289 sit
2035 4225 2272 4307 templo
2314 4226 2444 4307 jam
2484 4226 2826 4290 aedil'icato.
2863 4232 2947 4290 Et
2993 4234 3159 4309 eleqi
3202 4238 3409 4297 locum

318 4330 484 4387 tubis
531 4337 686 4387 ante
733 4347 856 4397 eos,
889 4336 1280 4405 cunctusque
1327 4328 1532 4386 Israel
1575 4328 1806 4387 stabat.

320 4427 775 4504 sanctificavit
839 4445 1088 4505 quoque
1149 4426 1455 4485 Salomon
1526 4426 1810 4485 medium

319 4526 478 4583 atrii
496 4533 650 4584 ante
671 4525 980 4600 templum
1001 4523 1283 4582 Domini.
1297 4524 1626 4583 obtulerat
1637 4524 1815 4583 enim

319 4622 410 4681 ibi
439 4624 835 4691 holocausta,
851 4630 910 4679 et
929 4622 1152 4695 adipes
1171 4622 1599 4696 pacificorum
1616 4621 1814 4698 :quia

319 4724 524 4780 altare
565 4740 822 4781 oeneum
863 4721 1036 4798 quod
1081 4719 1347 4794 fecerat,
1397 4738 1522 4778 non
1557 4727 1813 4795 poterat

319 4821 632 4879 sustinere
661 4823 1034 4879 holocausta
1054 4826 1113 4877 et
1141 4818 1469 4893 sacrificia
1501 4827 1560 4877 et
1589 4819 1815 4895 adipes

315 4919 759 4994 pacificorum.

403 5018 579 5076 Fecit
607 5036 753 5093 erqo
777 5018 1084 5077 Salomon
1103 5016 1552 5075 solennitatem
1575 5016 1648 5075 in
1673 5024 1816 5075 tem·

319 5132 472 5188 pore
509 5116 624 5173 illo
663 5123 898 5191 septem
946 5114 1194 5182 diebus,
1243 5121 1303 5172 et
1350 5113 1562 5172 omnis
1609 5114 1816 5173 Israel

325 5230 468 5271 cum
499 5232 591 5284 eo,
621 5213 884 5271 ecclesia
913 5231 1156 5287 magna
1187 5214 1397 5282 valde,
1429 5212 1508 5270 ab
1539 5211 1816 5271 introitu

333 5312 564 5371 Ematle
602 5331 800 5390 usque
837 5313 928 5371 ad
969 5320 1310 5371 torrentem
1347 5310 1646 5386 AEyypti.
1691 5307 1815 5371 Hoc

1925 4328 2140 4397 istum,
2184 4324 2483 4388 videlicet
2526 4333 2805 4388 montem
2850 4327 3064 4407 Moria,
3100 4350 3211 4394 seu
3262 4341 3414 4397 tem-

1921 4423 2098 4506 plum
2130 4423 2198 4484 in
2230 4440 2305 4485 eo
2334 4431 2789 4501 constructum,
2832 4429 2997 4488 mihi
3029 4430 3103 4490 in
3144 4434 3411 4496 domum

1919 4524 2235 4599 sacrificii
2255 4543 2277 4581 .·
2300 4522 2450 4603 quia
2470 4522 2825 4587 oblationes
2849 4524 3096 4590 fiebant
3118 4529 3183 4591 in
3214 4531 3406 4607 atrio;

1922 4620 2240 4683 orationes
2271 4638 2528 4702 quoque
2572 4629 2633 4683 et
2677 4622 2893 4687 laudes
2924 4625 3055 4703 Dei,
3090 4646 3234 4709 quae
3264 4637 3413 4691 sunt

1923 4718 2281 4801 spiritualia
2311 4718 2651 4797 sacril'icia,
2677 4722 3025 4801 agebantur
3055 4724 3122 4787 in
3144 4727 3405 4810 templO.

1921 4819 2001 4879 Si
2029 4821 2315 4877 clausero
2336 4822 2588 4890 coelum,
2610 4829 2670 4879 et
2690 4822 2931 4896 pluvia
2952 4843 3084 4883 non
3110 4828 3410 4901 fluxerit,

1920 4926 1979 4975 et
2011 4919 2401 4976 mandavero
2431 4926 2491 4977 et
2514 4938 2871 4996 praecepero
2906 4924 3157 4983 locustae
3198 4934 3269 4984 ut
3309 4927 3413 4984 de-

1924 5023 2095 5075 voret
2127 5024 2391 5084 ter-ram,
2412 5026 2470 5075 et
2500 5017 2730 5077 misero
2743 5020 3185 5093 pestilentiam
3210 5024 3282 5081 in
3298 5042 3413 5100 po-

1915 5116 2157 5190 pulum
2198 5134 2456 5185 meum,·
2495 5134 2831 5175 conversus
2878 5126 3095 5178 autem
3130 5124 3412 5197 populus

1925 5232 2126 5280 meus,
2172 5231 2364 5290 super
2420 5232 2576 5290 quos
2624 5215 2993 5274 invocatum
3042 5226 3132 5277 est
3180 5237 3411 5280 nomen

1923 5330 2158 5379 meum,
2191 5312 2562 5386 deprecatus
2598 5330 2698 5370 me
2740 5310 2967 5387 fuerit,
2994 5322 3055 5373 et
3096 5317 3413 5395 exquisie-
