4309 6259
863 461 940 524 16
1463 471 1808 519 SNARRATIO
1851 471 1913 517 IN
1955 471 2092 517 CAP-
2138 470 2206 516 111
2247 469 2405 515 LIBRI
2446 469 2669 524 QUARTI
2710 471 2934 517 REGUM.
2979 491 3061 501 ·—
3100 472 3241 517 ΛΒΤ.
3288 472 3348 517 lv

861 652 1354 731 Diam-umque.-
1384 649 1673 725 Sanyuis
1725 648 1946 724 aladii
1991 655 2106 715 est,
2136 643 2201 707 id
2252 650 2349 707 est
2376 640 2431 705 A
2456 669 2591 728 su0,
2627 651 2871 715 scilicet
2918 650 3061 728 soli,
3096 658 3168 715 ut
3215 650 3439 728 fertur,
3482 667 3676 731 quem
3718 645 3939 709 coluit.

861 750 1073 831 gladio
1122 747 1302 810 fusus
1338 764 1352 809 ε
1386 746 1571 829 quasi
1618 746 1854 823 dicant,
1887 741 2347 807 Interfecerunt

861 868 927 911 se
959 846 1258 912 invicem.
1289 850 1765 924 Puynaverunc
1792 863 1966 920 reyes
2007 852 2231 903 contra
2256 860 2345 909 se,

857 958 916 1009 ec
943 949 1091 1010 coesi
1125 956 1277 1008 sunt
1320 955 1566 1007 mutuO.
1593 946 1787 1007 Nunc
1818 962 2014 1021 perqe
2061 944 2148 1002 ad
2177 960 2348 1017 proe-

855 1051 1032 1121 dam,
1066 1048 1275 1109 Moab.
1308 1048 1871 1123 Perreoeeruntque
1900 1042 1975 1102 in
2004 1048 2245 1108 castra,
2275 1037 2340 1099 id

855 1155 951 1209 est
984 1146 1063 1209 ad
1095 1144 1408 1209 exercitus
1444 1161 1555 1205 seu
1591 1140 1884 1217 tentoria,
1919 1140 2144 1201 Israel.
2182 1138 2345 1197 Por-

855 1267 925 1306 ro
973 1264 1357 1323 consumens
1403 1244 1629 1312 Israel,
1682 1240 1748 1302 id
1797 1246 1893 1301 est
1931 1237 2144 1301 Joram
2192 1252 2339 1297 cum

856 1343 1092 1426 populo
1135 1361 1250 1405 suo
1295 1349 1358 1405 et
1401 1338 1802 1422 adjutoribus
1845 1336 1999 1412 suiS,
2027 1334 2345 1413 percussit

859 1445 1068 1505 Moab.
1102 1446 1191 1503 At
1219 1444 1327 1502 illi
1355 1442 1668 1519 fuqerunc
1709 1458 1926 1498 cora-m
1963 1438 2080 1505 eis,
2110 1432 2176 1495 id
2222 1438 2340 1507 est,

855 1541 968 1622 qui
1008 1539 1482 1622 percussionem
1529 1544 1870 1611 evaserant,
1917 1533 2134 1614 fugam
2188 1528 2343 1592 arri-

854 1648 1152 1721 puerunt.
1189 1642 1507 1700 Venerunt
1541 1638 1751 1714 igitur
1777 1636 1895 1715 qai
1926 1634 2242 1698 vicerant,
2282 1636 2343 1687 ec

845 1747 1302 1816 percusserunt
1329 1736 1539 1807 Moab,
1580 1745 1640 1797 et
1678 1736 1969 1795 civitates
2011 1734 2341 1791 destruxe-

2450 748 2669 830 Itaque
2694 748 2927 812 obtulit
2957 747 3451 830 primogenitum
3484 766 3672 809 suum
3714 744 3781 807 in
3828 743 3939 805 ho-

2453 847 2823 925 locaustum,
2856 856 2928 909 ut
2970 848 3127 910 deus
3170 866 3325 910 suus
3366 851 3766 909 succurreret
3818 841 3942 904 sibi

2455 946 2522 1008 in
2553 954 2726 1008 tanta
2756 946 3069 1026 angustia,
3094 945 3195 1011 vel
3221 954 3288 1009 ut
3316 942 3663 1011 adversarii
3696 943 3946 1004 intuen-

2456 1051 2551 1107 tes
2600 1052 2837 1107 tantam
2888 1064 3067 1107 suam
3116 1043 3579 1121 necessitatem,
3628 1048 3947 1123 compate-

2456 1151 2676 1206 rentur
2714 1151 2905 1225 atque
2936 1144 3302 1207 recederent
3335 1160 3350 1205 ε
3384 1142 3527 1205 ideo
3571 1158 3764 1223 super
3806 1157 3946 1201 mu-

2454 1262 2595 1305 rum
2634 1244 2701 1305 in
2739 1243 3075 1326 praesentia
3112 1243 3392 1307 hostium
3432 1239 3813 1304 immolavit.
3856 1240 3941 1299 Ec

2450 1344 2629 1419 facta
2658 1353 2748 1404 esc
2778 1344 3149 1421 indiqnatio
3180 1363 3421 1420 magna
3448 1344 3523 1403 in
3553 1344 3759 1403 Israel
3778 1362 3805 1411 ,·
3834 1336 3934 1402 vel

2450 1441 2603 1521 quia
2633 1440 2700 1502 hi
2721 1442 2833 1523 qui
2861 1448 3041 1505 erant
3071 1460 3217 1504 cum
3253 1458 3399 1521 rege
3429 1439 3640 1517 lsrael,
3665 1439 3936 1501 detesta-

2454 1537 2499 1600 ti
2543 1548 2693 1602 sunt
2731 1539 2967 1603 factum
3007 1540 3166 1603 illud
3207 1538 3649 1614 inhumanum,
3698 1535 3942 1600 scilicet

2451 1639 2693 1720 proprii
2725 1637 2853 1701 filii
2882 1637 3290 1716 occisionem,
3326 1646 3389 1701 et
3432 1645 3654 1701 contra
3693 1636 3813 1699 hoc
3845 1635 3941 1697 in-

2451 1736 2728 1818 dignati3
2764 1738 2867 1802 vel
2912 1738 3037 1801 sibi
3084 1737 3359 1802 invicem
3410 1734 3934 1816 indignabantur,

853 1847 1015 1899 runt
1032 1861 1058 1909 ,·
1085 1846 1146 1897 et
1175 1856 1427 1898 omnem
1455 1854 1690 1912 aarum
1717 1832 2059 1910 optimum,
2093 1828 2344 1888 mitten·
2378 1826 2425 1888 B
2448 1836 2619 1916 quod
2678 1836 2758 1898 ad
2806 1843 3046 1898 tantam
3093 1835 3451 1916 angustiam
3501 1835 3936 1915 perduxerunt

857 1947 944 1997 tes
987 1937 1239 2013 sinatdi
1282 1936 1554 2013 capides,
1582 1935 1989 2011 repleverunt
2007 1952 2036 2001 ,·
2075 1938 2136 1988 et
2186 1924 2338 1991 um‘-
2449 1934 2839 1997 adversarios
2873 1953 3041 2012 ειιοε,
3072 1937 3418 2015 statimque
3448 1951 3526 1995 ex
3554 1930 3939 2014 compassio-

851 2054 1060 2095 υθνδθδ
1114 2036 1320 2111 fomes
1366 2051 1692 2113 aquarum
1734 2031 2223 2095 obturaverunt,
2282 2031 2343 2083 εἰ
2450 2051 2529 2095 ne
2572 2043 2961 2095 recesserunt
3006 2036 3087 2095 ab
3134 2053 3225 2105 e0,
3256 2043 3319 2094 et
3362 2034 3602 2093 reversi
3648 2040 3802 2093 sunt
3850 2031 3923 2091 in

850 2135 1072 2195 omnia
1099 2134 1285 2210 liqna
1300 2131 1654 2209 fructifera
1685 2127 2100 2191 Moabitarum
2133 2125 2341 2185 succi-
2450 2141 2691 2194 terram
2708 2153 2916 2194 suam.
2940 2130 3055 2196 Vel
3074 2132 3239 2196 Deus
3262 2130 3628 2212 indignatus
3646 2136 3745 2193 est
3774 2128 3937 2191 filiis

849 2234 1085 2293 derunt
1120 2231 1331 2294 Joram
1375 2247 1522 2294 cum
1561 2226 1717 2303 suiS,
1749 2229 1849 2289 ita
1877 2237 1951 2287 uc
1991 2225 2172 2285 muri
2205 2232 2340 2284 tan-

855 2340 994 2415 tum
1011 2331 1261 2408 fictiles,
1285 2328 1350 2391 id
1379 2335 1477 2391 est
1505 2324 1791 2398 latericii,
1819 2330 2247 2385 remanerent.
2272 2320 2339 2382 ln

609 2439 827 2493 neuun,
854 2426 1342 2491 Deuteronomio
1385 2424 1510 2487 fuit
1550 2431 1941 2507 praeceptum
1976 2439 1990 2483 ε
2025 2420 2163 2484 Non
2207 2437 2344 2481 suc-

565 2506 632 2549 19.

853 2526 1027 2589 cides
1056 2526 1314 2589 arbores
1355 2524 1434 2587 de
1462 2522 1699 2605 quibus
1737 2522 1909 2587 vesci
1953 2528 2181 2604 potest,
2218 2537 2335 2583 nec

853 2624 1184 2689 securibus
1214 2642 1328 2706 per
1357 2622 1696 2685 circuitum
1726 2620 1919 2685 debes
1953 2627 2200 2685 vastare
2248 2636 2342 2681 re-

847 2723 1126 2803 gionem,
1158 2720 1464 2804 quoniam
1497 2720 1756 2801 ‘lignum
1795 2727 1911 2796 est,
1944 2726 2008 2782 et
2047 2737 2176 2782 non
2227 2718 2339 2781 ho-

850 2840 956 2885 mo
982 2840 1172 2903 :ergo
1203 2821 1269 2884 in
1315 2820 1436 2883 isto
1468 2817 1636 2882 facto
1667 2818 2045 2899 transgressi
2077 2826 2228 2881 sunt
2256 2816 2339 2879 le-

845 2939 1010 3002 gem.
1033 2920 1126 2983 Ad
1157 2920 1277 2983 hoc
1297 2918 1499 3000 aliqui
1519 2918 1760 2994 dicunt,
1779 2917 1951 2999 quod
1972 2917 2052 2980 de
2073 2916 2334 2980 licentia

2446 2230 2633 2293 lsrael
2656 2240 2914 2313 propter
2933 2249 3156 2294 eorum
3177 2238 3451 2313 peccata,
3468 2228 3705 2312 quibus
3726 2236 3791 2292 et
3811 2227 3938 2310 ipsi

2448 2330 2607 2392 iram
2628 2329 3081 2412 merueruntjet
3102 2330 3414 2393 ultionem
3436 2328 3745 2405 divinam,
3766 2326 3930 2391 sicut

2447 2436 2511 2491 et
2537 2427 2839 2507 Moabitas,
2875 2448 3078 2512 quum
3107 2438 3319 2492 tamen
3351 2426 3748 2491 adversarios
3780 2444 3929 2489 suos

2449 2535 2577 2589 tam
2606 2526 2883 2608 graviter
2910 2526 3353 2609 opprimendO,
3373 2543 3502 2588 non
3522 2525 3928 2608 poeniterent,

2449 2644 2565 2688 nec
2611 2625 2991 2705 castigarent
3038 2643 3107 2687 se
3154 2624 3327 2707 ipsos
3377 2642 3392 2686 ε
3438 2623 3605 2687 sicut
3652 2632 3937 2705 tempore

2445 2723 2669 2805 Moysis
2700 2723 2979 2806 plagavit
3006 2723 3171 2786 Deus
3204 2721 3380 2786 filios
3410 2721 3621 2799 lsrael,
3658 2721 3770 2803 qui
3804 2740 3935 2785 car·
3962 2737 4241 2845 asgadis-yx.

3990 2834 4001 2854 ι
4064 2818 4111 2853 ἷᾸ
4232 2834 4242 2843 ·

3960 2868 4240 2917 κι,4,33,36.

2446 2842 2559 2885 nes
2589 2822 2713 2885 sibi
2755 2822 2893 2885 dari
2924 2821 3238 2905 petierant
3277 2822 3359 2883 ad
3398 2821 3739 2884 edendum.
3776 2820 3930 2883 Nam

2441 2922 2735 3002 quamvis
2765 2921 3037 2984 contulit
3067 2920 3161 2984 eis
3207 2939 3450 2997 carneS,
3484 2927 3697 2983 tamen
3731 2919 3931 3001 proti-

847 3019 957 3082 Dei
1014 3019 1302 3081 fecerunt
1349 3017 1492 3093 hoc,
1545 3016 1698 3097 quia
1744 3014 1991 3079 Eliseus
2043 3016 2337 3097 praedixit
2370 3016 2413 3079 C
2445 3040 2563 3082 nus
2596 3039 2702 3083 eos
2734 3019 3047 3102 percussit
3090 3026 3348 3101 propter
3378 3035 3597 3081 eorum
3626 3016 3931 3100 concupi-

846 3118 1018 3199 quod
1061 3116 1346 3180 facerent
1383 3116 1574 3192 istud,
1611 3114 1832 3196 sicque
1872 3115 2034 3177 Deus
2080 3115 2337 3197 dispen-

846 3216 1011 3278 savit
1039 3215 1105 3278 in
1138 3215 1275 3297 lege
1306 3234 1440 3277 sua.
1475 3213 1600 3276 Alii
1631 3213 1874 3289 dicunt,
1911 3215 2082 3294 quod
2113 3214 2215 3277 lex
2245 3214 2336 3279 lo-

843 3313 1063 3397 quitur
1111 3315 1190 3378 de
1238 3314 1572 3379 arboribus
1629 3334 1774 3397 quae
1821 3322 2002 3379 erant
2052 3314 2118 3375 in
2169 3322 2337 3376 terra

845 3413 1309 3496 promissioniS,
1345 3433 1471 3477 non
1504 3415 1583 3477 de
1621 3413 1723 3476 his
1766 3433 1911 3496 quae
1939 3422 2122 3477 erant
2163 3420 2337 3475 extra

845 3513 1157 3576 eamdem.
1184 3516 1269 3575 Et
1297 3514 1703 3574 circumdata
1731 3523 1820 3574 est
1850 3515 2083 3574 civitas
2113 3520 2341 3575 metro-

846 3610 1011 3692 polis
1042 3611 1220 3691 regni
1250 3610 1427 3674 Moab
1465 3632 1506 3671 a
1535 3612 2041 3689 fundibulariiS,
2077 3610 2191 3691 qui
2221 3629 2334 3693 per

843 3728 1068 3791 gyrum
1088 3717 1438 3792 posuerunt
1455 3709 1784 3773 machinas
1806 3708 2070 3772 bellicas
2091 3709 2171 3771 ad
2191 3728 2333 3791 pro-

838 3808 1190 3891 jiciendum
1238 3808 1484 3891 lapides
1531 3826 1817 3889 magnOS,
1851 3816 1912 3868 et
1959 3828 2197 3885 mayna
2251 3829 2333 3869 eoe

832 3918 1024 3985 parte
1042 3928 1366 3985 percussa.

925 4008 1105 4075 Quod
1140 4027 1343 4088 quum
1391 4008 1654 4068 vidisset
1697 4026 1812 4066 rex
1841 4008 2055 4076 Moab,
2078 4013 2332 4084 proeva-

839 4106 1033 4165 luisse
1078 4106 1317 4166 scilicet
1365 4108 1590 4176 hosce-3,
1636 4107 1788 4166 tulit
1835 4124 2046 4165 secum
2091 4106 2331 4181 septin-

2442 3119 2751 3183 scentiam
2781 3118 3090 3195 vitiosam,
3113 3118 3294 3200 juxta
3322 3117 3386 3179 id
3412 3116 3684 3179 Psalmi:
3711 3116 3930 3180 Adhuc
3960 3130 4241 3245 ἕξΐιτιι,

2444 3236 2603 3280 escae
2644 3235 2865 3280 eorum
2894 3224 3075 3279 erant
3119 3216 3187 3279 in
3226 3234 3335 3279 ore
3384 3215 3692 3298 ipsorum,
3726 3222 3790 3279 et
3833 3214 3931 3277 ira

2444 3313 2554 3378 Dei
2577 3314 2861 3378 ascendit
2890 3333 3080 3397 super
3108 3332 3239 3378 eos‚

2522 3414 2828 3477 Praeterea
2874 3412 3135 3495 quidam
3186 3412 3290 3476 hic
3338 3411 3581 3490 scribit,
3615 3430 3743 3475 non
3792 3430 3931 3475 esse

2445 3512 2776 3593 probabile
2804 3530 2919 3575 nec
2950 3510 3349 3589 rationabile,
3384 3511 3596 3575 dicere
3623 3512 3795 3592 quod
3827 3528 3931 3593 po-

2443 3610 2635 3692 pulus
2661 3610 2849 3673 lsrael
2879 3628 2955 3673 ex
2996 3608 3439 3692 compassione
3468 3608 3550 3671 ab
3592 3608 3926 3672 obsidione

2443 3708 2793 3786 recesserit,
2835 3707 2990 3790 quia
3019 3708 3369 3771 immolatio
3403 3707 3515 3770 illa
3559 3706 3683 3770 fuit
3726 3707 3929 3787 magis

2441 3805 2763 3871 offensiva
2810 3806 2942 3885 Dei,
2975 3825 3167 3888 quam
3191 3799 3554 3889 ‘placativa3
3590 3814 3653 3870 et
3682 3825 3924 3883 rursuS,

2439 3906 2592 3987 quia
2650 3925 2728 3970 ex
2783 3905 2897 3968 illa
2943 3904 3382 3969 immolatione
3429 3906 3925 3987 perpenderunt,

2437 4006 2611 4086 quod
2639 4004 2922 4068 Moabitae
2942 4024 3070 4068 non
3092 4012 3438 4087 potuerunt
3466 4004 3577 4066 diu
3607 4003 3923 4080 resistere,

2438 4103 2657 4185 sicque
2688 4123 2763 4167 ex
2792 4104 2911 4166 hoc
2942 4102 3189 4166 incitati
3223 4101 3497 4166 fuissent
3528 4103 3605 4165 ad
3637 4102 3928 4166 continu-

830 4211 1050 4278 9entos
1094 4203 1265 4263 viros
1293 4206 1626 4263 educentes
1660 4204 1940 4280 gladio-9,
1971 4209 2056 4263 'ut
2086 4204 2328 4263 irrum-
2356 4202 2407 4267 D
2437 4203 2674 4265 andum
2703 4201 3127 4265 obsidionem.
3146 4202 3289 4265 Ideo
3320 4201 3502 4283 ponit
3528 4209 3591 4264 et
3618 4200 3927 4283 approbat

828 4309 1057 4375 pereat
1084 4302 1172 4360 ad
1191 4319 1399 4376 reyem
1425 4304 1658 4373 Edom,
1685 4300 1750 4364 id
1782 4310 1899 4379 est,
1928 4300 2243 4363 violenter
2264 4308 2327 4363 et
2433 4300 2892 4382 expositionem
2953 4299 3151 4363 Rabbi
3211 4300 3588 4377 SalomoniS‚
3654 4298 3924 4362 dicentis

836 4414 984 4458 cum
1015 4395 1257 4479 impetu
1298 4397 1544 4461 exirent
1585 4418 1657 4462 ac
1699 4398 1996 4480 fugerent
2026 4417 2140 4481 per
2181 4418 2323 4462 eam
2432 4399 2601 4479 quod
2634 4417 2741 4462 rex
2768 4398 2946 4469 Moab
2978 4398 3393 4480 interrogavit
3424 4398 3744 4480 sapientes
3776 4415 3921 4460 suos

836 4502 1104 4576 partem,
1138 4495 1206 4557 in
1248 4516 1377 4578 qua
1416 4496 1671 4560 Idumaei
1703 4499 1930 4562 urbem
1973 4497 2327 4561 circumde—

834 4594 1088 4672 derunt,
1119 4596 1272 4677 quia
1311 4594 1400 4658 ibi
1431 4596 1681 4660 obsidio
1722 4595 1848 4659 fuit
1883 4596 2177 4660 debilior.
2202 4596 2315 4659 Vel

833 4689 1050 4754 forsan
1079 4707 1156 4755 ex
1185 4694 1445 4776 speciali
1486 4695 1926 4776 indignatione
1953 4704 2176 4758 contra
2225 4714 2322 4759 re-

828 4808 972 4870 gem
999 4790 1219 4868 Edom,
1250 4794 1422 4874 quod
1461 4792 1620 4856 filiis
1651 4793 1839 4857 Israel
1874 4791 2073 4857 ferret
2102 4794 2320 4876 praesi-

830 4887 1030 4967 dium,
1075 4890 1413 4955 voluerunt
1463 4900 1791 4974 percutere
1845 4911 2014 4955 eum.
2055 4896 2138 4955 Ec
2186 4914 2317 4955 non

819 4998 1198 5065 potuerunt,
1238 4989 1391 5071 quia
1439 4990 1520 5053 ab
1568 4991 1858 5054 hostibus
1911 4990 2171 5054 fuerunt
2220 5012 2317 5055 re-

823 5086 1003 5168 -pulsi
1033 5086 1100 5149 in
1129 5089 1374 5152 urbem.
1393 5091 1861 5169 Arripiensque
1877 5093 2098 5168 filium
2115 5112 2309 5153 suum

826 5188 1364 5263 primoyenitum,
1411 5189 1529 5267 qui
1575 5196 1966 5264 reynacurus
2015 5199 2154 5249 erat
2194 5210 2316 5267 pro

829 5304 926 5358 eo,
950 5286 1181 5345 obtulit
1210 5288 1646 5347 holocaustum
1673 5306 1866 5364 super
1895 5307 2163 5348 murum
2202 5288 2320 5353 deo

2430 4515 2543 4559 cur
2577 4496 2735 4559 Deus
2764 4495 3063 4559 Israelita
3087 4496 3339 4578 juvaret
3368 4495 3787 4559 Israeliticum
3814 4513 3920 4577 po-

2429 4596 2652 4677 pulum
2690 4612 2704 4656 :
2738 4595 2851 4676 qui
2881 4594 3200 4674 dixerunt,
3232 4595 3403 4676 quod
3434 4601 3694 4676 propter
3722 4612 3824 4656 me
3837 4592 3919 4655 ri-

2427 4702 2491 4757 ta
2527 4693 2812 4771 Abrahae,
2846 4692 2959 4775 qui
3005 4693 3207 4756 voluit
3252 4692 3464 4755 filium
3508 4711 3696 4754 suum
3748 4693 3916 4755 lsaac

2427 4792 2777 4856 immolare.
2828 4792 2960 4867 Quo
3009 4792 3246 4870 audito,
3299 4810 3407 4854 rex
3456 4791 3634 4855 Moab
3682 4790 3914 4855 obtulit

2426 4891 2640 4954 filium
2670 4910 2857 4953 suum
2888 4892 3005 4954 deo
3048 4909 3185 4968 suo,
3221 4890 3521 4954 videlicet
3550 4890 3693 4953 soli.
3735 4889 3911 4952 Unde

2424 4998 2578 5053 tunc
2608 4988 2776 5053 facta
2803 4997 2900 5052 est
2930 4988 3283 5069 indignatio
3312 5007 3425 5051 seu
3456 4987 3551 5051 ira
3582 5006 3775 5070 super
3802 5004 3917 5070 po·

2427 5088 2649 5171 pulum
2680 5087 2889 5164 lsrael,
2932 5086 3235 5167 quoniam
3266 5085 3530 5167 angelus
3561 5085 3909 5167 praesidens

2426 5186 2735 5264 Moabitis,
2768 5184 3292 5249 commemoravit
3322 5202 3535 5248 coram
3565 5184 3693 5247 Deo
3724 5182 3919 5247 scele-

2428 5307 2499 5350 ra
2527 5283 2813 5349 filiorum
2851 5283 3039 5347 lsrael
3074 5301 3088 5345 :
3124 5283 3362 5347 idcirco
3392 5282 3569 5347 misit
3600 5283 3762 5345 Deus
3805 5300 3913 5363 pe·
