<?xml version="1.0" encoding="UTF-8"?>
<!DOCTYPE html PUBLIC "-//W3C//DTD XHTML 1.0 Transitional//EN"
    "http://www.w3.org/TR/xhtml1/DTD/xhtml1-transitional.dtd">
<html xmlns="http://www.w3.org/1999/xhtml" xml:lang="en" lang="en">
 <head>
  <title>
</title>
<meta http-equiv="Content-Type" content="text/html;charset=utf-8" />
  <meta name='ocr-system' content='tesseract 3.04.00' />
  <meta name='ocr-capabilities' content='ocr_page ocr_carea ocr_par ocr_line ocrx_word'/>
</head>
<body>
  <div class='ocr_page' id='page_1' title='image "./doctorisecstati06unkngoog_0710.png"; bbox 0 0 4309 6259; ppageno 0'>
   <div class='ocr_carea' id='block_1_1' title="bbox 550 1489 807 1535">
    <p class='ocr_par' dir='ltr' id='par_1_1' title="bbox 550 1489 807 1535">
     <span class='ocr_line' id='line_1_1' title="bbox 550 1489 807 1535; baseline -0.012 -5"><span class='ocrx_word' id='word_1_1' title='bbox 550 1489 683 1530; x_wconf 82' lang='lat' dir='ltr'>lPar.</span> <span class='ocrx_word' id='word_1_2' title='bbox 698 1500 807 1535; x_wconf 75' lang='lat' dir='ltr'>xxix,</span> 
     </span>
    </p>
   </div>
   <div class='ocr_carea' id='block_1_2' title="bbox 540 2855 807 2966">
    <p class='ocr_par' dir='ltr' id='par_1_2' title="bbox 540 2855 791 2966">
     <span class='ocr_line' id='line_1_2' title="bbox 606 2855 751 2898; baseline -0.007 -1"><span class='ocrx_word' id='word_1_3' title='bbox 606 2855 751 2898; x_wconf 80' lang='lat' dir='ltr'>Eccli.</span> 
     </span>
     <span class='ocr_line' id='line_1_3' title="bbox 540 2919 807 2966; baseline -0.008 -8"><span class='ocrx_word' id='word_1_4' title='bbox 540 2919 807 2966; x_wconf 67' lang='lat' dir='ltr'>xxv1·‚29,30.</span> 
     </span>
    </p>
   </div>
   <div class='ocr_carea' id='block_1_3' title="bbox 544 3153 805 3200">
    <p class='ocr_par' dir='ltr' id='par_1_3' title="bbox 544 3153 805 3200">
     <span class='ocr_line' id='line_1_4' title="bbox 544 3153 805 3200; baseline -0.008 -6"><span class='ocrx_word' id='word_1_5' title='bbox 544 3153 691 3195; x_wconf 76' lang='lat' dir='ltr'>Eccle.</span> <span class='ocrx_word' id='word_1_6' title='bbox 710 3165 750 3200; x_wconf 84' lang='lat' dir='ltr'>x,</span> <span class='ocrx_word' id='word_1_7' title='bbox 765 3155 805 3194; x_wconf 78' lang='lat'>8.</span> 
     </span>
    </p>
   </div>
   <div class='ocr_carea' id='block_1_4' title="bbox 832 495 951 556">
    <p class='ocr_par' dir='ltr' id='par_1_4' title="bbox 832 495 951 556">
     <span class='ocr_line' id='line_1_5' title="bbox 832 495 951 556; baseline -0.008 0"><span class='ocrx_word' id='word_1_8' title='bbox 832 495 951 556; x_wconf 80' lang='lat'>676</span> 
     </span>
    </p>
   </div>
   <div class='ocr_carea' id='block_1_5' title="bbox 834 671 3688 759">
    <p class='ocr_par' dir='ltr' id='par_1_5' title="bbox 834 671 3688 759">
     <span class='ocr_line' id='line_1_6' title="bbox 834 671 3688 759; baseline -0.004 -16"><span class='ocrx_word' id='word_1_9' title='bbox 834 680 1399 756; x_wconf 81' lang='lat' dir='ltr'>contenebrescat3</span> <span class='ocrx_word' id='word_1_10' title='bbox 1432 686 1494 738; x_wconf 92' lang='lat' dir='ltr'>et</span> <span class='ocrx_word' id='word_1_11' title='bbox 1532 677 1598 740; x_wconf 89' lang='lat' dir='ltr'>in</span> <span class='ocrx_word' id='word_1_12' title='bbox 1642 674 2326 759; x_wconf 74' lang='lat' dir='ltr'>Apocalypsitssegna—</span> <span class='ocrx_word' id='word_1_13' title='bbox 2355 671 2399 734; x_wconf 75' lang='lat' dir='ltr'>A</span> <span class='ocrx_word' id='word_1_14' title='bbox 2436 673 2862 754; x_wconf 77' lang='lat' dir='ltr'>perducendo,</span> <span class='ocrx_word' id='word_1_15' title='bbox 2912 674 3054 736; x_wconf 83' lang='lat' dir='ltr'>{deo</span> <span class='ocrx_word' id='word_1_16' title='bbox 3100 673 3368 735; x_wconf 88' lang='lat' dir='ltr'>Jacobus</span> <span class='ocrx_word' id='word_1_17' title='bbox 3413 681 3628 736; x_wconf 90' lang='lat' dir='ltr'>monet</span> <span class='ocrx_word' id='word_1_18' title='bbox 3673 690 3688 732; x_wconf 92' lang='lat'>:</span> 
     </span>
    </p>
   </div>
   <div class='ocr_carea' id='block_1_6' title="bbox 834 774 2329 1834">
    <p class='ocr_par' dir='ltr' id='par_1_6' title="bbox 834 774 2328 1820">
     <span class='ocr_line' id='line_1_7' title="bbox 837 774 2326 854; baseline -0.006 -15"><span class='ocrx_word' id='word_1_19' title='bbox 837 778 929 840; x_wconf 89' lang='lat' dir='ltr'>vit</span> <span class='ocrx_word' id='word_1_20' title='bbox 960 778 1260 841; x_wconf 85' lang='lat' dir='ltr'><strong>Dominus</strong></span> <span class='ocrx_word' id='word_1_21' title='bbox 1298 777 1455 838; x_wconf 85' lang='lat' dir='ltr'>Deus</span> <span class='ocrx_word' id='word_1_22' title='bbox 1490 783 1703 838; x_wconf 88' lang='lat' dir='ltr'>noster</span> <span class='ocrx_word' id='word_1_23' title='bbox 1722 774 2326 854; x_wconf 60' lang='lat' dir='ltr'>omnipotensffiau·</span> 
     </span>
     <span class='ocr_line' id='line_1_8' title="bbox 834 867 2325 948; baseline -0.007 -9"><span class='ocrx_word' id='word_1_24' title='bbox 834 878 1096 939; x_wconf 89' lang='lat' dir='ltr'>deamus</span> <span class='ocrx_word' id='word_1_25' title='bbox 1145 885 1207 938; x_wconf 84' lang='lat' dir='ltr'>et</span> <span class='ocrx_word' id='word_1_26' title='bbox 1246 874 1657 948; x_wconf 80' lang='lat' dir='ltr'>exsultemuS,</span> <span class='ocrx_word' id='word_1_27' title='bbox 1693 881 1754 934; x_wconf 89' lang='lat' dir='ltr'>et</span> <span class='ocrx_word' id='word_1_28' title='bbox 1794 873 2015 934; x_wconf 90' lang='lat' dir='ltr'>demus</span> <span class='ocrx_word' id='word_1_29' title='bbox 2056 867 2325 948; x_wconf 82' lang='lat' dir='ltr'>gloriam</span> 
     </span>
     <span class='ocr_line' id='line_1_9' title="bbox 834 966 2326 1056; baseline -0.006 -20"><span class='ocrx_word' id='word_1_30' title='bbox 834 974 915 1036; x_wconf 90' lang='lat' dir='ltr'>ei.</span> <span class='ocrx_word' id='word_1_31' title='bbox 952 973 1125 1036; x_wconf 91' lang='lat' dir='ltr'>Talia</span> <span class='ocrx_word' id='word_1_32' title='bbox 1172 974 1413 1056; x_wconf 85' lang='lat' dir='ltr'>quippe</span> <span class='ocrx_word' id='word_1_33' title='bbox 1458 972 1779 1046; x_wconf 89' lang='lat' dir='ltr'>dicuntur,</span> <span class='ocrx_word' id='word_1_34' title='bbox 1824 989 1951 1032; x_wconf 90' lang='lat' dir='ltr'>non</span> <span class='ocrx_word' id='word_1_35' title='bbox 2002 967 2174 1048; x_wconf 90' lang='lat' dir='ltr'>quod</span> <span class='ocrx_word' id='word_1_36' title='bbox 2220 966 2326 1028; x_wconf 91' lang='lat' dir='ltr'>de-</span> 
     </span>
     <span class='ocr_line' id='line_1_10' title="bbox 836 1067 2326 1152; baseline -0.005 -20"><span class='ocrx_word' id='word_1_37' title='bbox 836 1091 975 1132; x_wconf 90' lang='lat' dir='ltr'>mus</span> <span class='ocrx_word' id='word_1_38' title='bbox 1025 1072 1151 1134; x_wconf 88' lang='lat' dir='ltr'>Deo</span> <span class='ocrx_word' id='word_1_39' title='bbox 1199 1072 1368 1152; x_wconf 86' lang='lat' dir='ltr'>quod</span> <span class='ocrx_word' id='word_1_40' title='bbox 1419 1070 1556 1151; x_wconf 90' lang='lat' dir='ltr'>ipse</span> <span class='ocrx_word' id='word_1_41' title='bbox 1604 1088 1729 1131; x_wconf 92' lang='lat' dir='ltr'>non</span> <span class='ocrx_word' id='word_1_42' title='bbox 1781 1067 1993 1142; x_wconf 88' lang='lat' dir='ltr'>habet,</span> <span class='ocrx_word' id='word_1_43' title='bbox 2044 1072 2152 1128; x_wconf 90' lang='lat' dir='ltr'>aut</span> <span class='ocrx_word' id='word_1_44' title='bbox 2197 1081 2326 1145; x_wconf 92' lang='lat' dir='ltr'>quo</span> 
     </span>
     <span class='ocr_line' id='line_1_11' title="bbox 834 1165 2322 1248; baseline -0.008 -16"><span class='ocrx_word' id='word_1_45' title='bbox 834 1177 1007 1232; x_wconf 89' lang='lat' dir='ltr'>caret</span> <span class='ocrx_word' id='word_1_46' title='bbox 1028 1169 1125 1232; x_wconf 90' lang='lat' dir='ltr'>vel</span> <span class='ocrx_word' id='word_1_47' title='bbox 1160 1169 1437 1248; x_wconf 77' lang='lat' dir='ltr'>indiget3</span> <span class='ocrx_word' id='word_1_48' title='bbox 1483 1169 1590 1229; x_wconf 91' lang='lat' dir='ltr'>sed</span> <span class='ocrx_word' id='word_1_49' title='bbox 1624 1166 1769 1247; x_wconf 88' lang='lat' dir='ltr'>quia</span> <span class='ocrx_word' id='word_1_50' title='bbox 1810 1165 1978 1246; x_wconf 86' lang='lat' dir='ltr'>quod</span> <span class='ocrx_word' id='word_1_51' title='bbox 2010 1172 2322 1234; x_wconf 86' lang='lat' dir='ltr'>tenemur,</span> 
     </span>
     <span class='ocr_line' id='line_1_12' title="bbox 836 1261 2326 1348; baseline -0.006 -20"><span class='ocrx_word' id='word_1_52' title='bbox 836 1267 936 1328; x_wconf 89' lang='lat' dir='ltr'>vel</span> <span class='ocrx_word' id='word_1_53' title='bbox 959 1267 1039 1328; x_wconf 91' lang='lat' dir='ltr'>ab</span> <span class='ocrx_word' id='word_1_54' title='bbox 1063 1267 1201 1348; x_wconf 92' lang='lat' dir='ltr'>ipso</span> <span class='ocrx_word' id='word_1_55' title='bbox 1222 1265 1599 1346; x_wconf 61' lang='lat' dir='ltr'>accepimus</span> <span class='ocrx_word' id='word_1_56' title='bbox 1615 1263 1673 1326; x_wconf 90' lang='lat' dir='ltr'>ei</span> <span class='ocrx_word' id='word_1_57' title='bbox 1704 1261 2105 1335; x_wconf 54' lang='lat' dir='ltr'>exsolvimus</span> <span class='ocrx_word' id='word_1_58' title='bbox 2120 1277 2326 1341; x_wconf 88' lang='lat' dir='ltr'>quem-</span> 
     </span>
     <span class='ocr_line' id='line_1_13' title="bbox 837 1356 2328 1446; baseline -0.006 -19"><span class='ocrx_word' id='word_1_59' title='bbox 837 1366 1174 1427; x_wconf 81' lang='lat' dir='ltr'>admodum</span> <span class='ocrx_word' id='word_1_60' title='bbox 1208 1365 1413 1446; x_wconf 88' lang='lat' dir='ltr'>primo</span> <span class='ocrx_word' id='word_1_61' title='bbox 1444 1363 1965 1443; x_wconf 77' lang='lat' dir='ltr'>Paralipomenon</span> <span class='ocrx_word' id='word_1_62' title='bbox 2000 1357 2194 1422; x_wconf 87' lang='lat' dir='ltr'>David</span> <span class='ocrx_word' id='word_1_63' title='bbox 2239 1356 2328 1418; x_wconf 87' lang='lat' dir='ltr'>lo-</span> 
     </span>
     <span class='ocr_line' id='line_1_14' title="bbox 839 1457 2323 1544; baseline -0.006 -20"><span class='ocrx_word' id='word_1_64' title='bbox 839 1463 1057 1544; x_wconf 87' lang='lat' dir='ltr'>quitur</span> <span class='ocrx_word' id='word_1_65' title='bbox 1076 1463 1201 1526; x_wconf 88' lang='lat' dir='ltr'>Deo</span> <span class='ocrx_word' id='word_1_66' title='bbox 1228 1462 1415 1536; x_wconf 85' lang='lat' dir='ltr'>:Quis</span> <span class='ocrx_word' id='word_1_67' title='bbox 1446 1480 1562 1540; x_wconf 83' lang='lat' dir='ltr'>ego</span> <span class='ocrx_word' id='word_1_68' title='bbox 1591 1469 1654 1523; x_wconf 90' lang='lat' dir='ltr'>et</span> <span class='ocrx_word' id='word_1_69' title='bbox 1682 1460 1827 1540; x_wconf 90' lang='lat' dir='ltr'>quis</span> <span class='ocrx_word' id='word_1_70' title='bbox 1857 1457 2131 1540; x_wconf 92' lang='lat' dir='ltr'>populus</span> <span class='ocrx_word' id='word_1_71' title='bbox 2155 1464 2323 1528; x_wconf 79' lang='lat' dir='ltr'>tuuS,</span> 
     </span>
     <span class='ocr_line' id='line_1_15' title="bbox 842 1554 2326 1642; baseline -0.005 -20"><span class='ocrx_word' id='word_1_72' title='bbox 842 1571 909 1622; x_wconf 89' lang='lat' dir='ltr'>ut</span> <span class='ocrx_word' id='word_1_73' title='bbox 938 1561 1255 1642; x_wconf 88' lang='lat' dir='ltr'>possimus</span> <span class='ocrx_word' id='word_1_74' title='bbox 1290 1559 1404 1622; x_wconf 89' lang='lat' dir='ltr'>tibi</span> <span class='ocrx_word' id='word_1_75' title='bbox 1436 1560 1555 1622; x_wconf 89' lang='lat' dir='ltr'>ista</span> <span class='ocrx_word' id='word_1_76' title='bbox 1576 1558 1979 1641; x_wconf 74' lang='lat' dir='ltr'>promittere?</span> <span class='ocrx_word' id='word_1_77' title='bbox 2002 1556 2132 1617; x_wconf 91' lang='lat' dir='ltr'>Tua</span> <span class='ocrx_word' id='word_1_78' title='bbox 2153 1554 2326 1617; x_wconf 87' lang='lat' dir='ltr'>enim</span> 
     </span>
     <span class='ocr_line' id='line_1_16' title="bbox 838 1653 2329 1739; baseline -0.005 -19"><span class='ocrx_word' id='word_1_79' title='bbox 838 1667 986 1720; x_wconf 91' lang='lat' dir='ltr'>sunt</span> <span class='ocrx_word' id='word_1_80' title='bbox 1030 1659 1263 1734; x_wconf 90' lang='lat' dir='ltr'>omnia,</span> <span class='ocrx_word' id='word_1_81' title='bbox 1308 1667 1369 1722; x_wconf 88' lang='lat' dir='ltr'>et</span> <span class='ocrx_word' id='word_1_82' title='bbox 1412 1678 1553 1739; x_wconf 83' lang='lat' dir='ltr'>quae</span> <span class='ocrx_word' id='word_1_83' title='bbox 1596 1659 1675 1720; x_wconf 91' lang='lat' dir='ltr'>de</span> <span class='ocrx_word' id='word_1_84' title='bbox 1707 1676 1905 1718; x_wconf 86' lang='lat' dir='ltr'>manu</span> <span class='ocrx_word' id='word_1_85' title='bbox 1942 1665 2045 1717; x_wconf 90' lang='lat' dir='ltr'>tua</span> <span class='ocrx_word' id='word_1_86' title='bbox 2082 1653 2329 1734; x_wconf 89' lang='lat' dir='ltr'>accepi-</span> 
     </span>
     <span class='ocr_line' id='line_1_17' title="bbox 838 1757 1497 1834; baseline -0.008 -14"><span class='ocrx_word' id='word_1_87' title='bbox 838 1777 1001 1834; x_wconf 82' lang='lat' dir='ltr'>muS,</span> <span class='ocrx_word' id='word_1_88' title='bbox 1035 1758 1327 1820; x_wconf 88' lang='lat' dir='ltr'>dedimus</span> <span class='ocrx_word' id='word_1_89' title='bbox 1359 1757 1497 1818; x_wconf 89' lang='lat' dir='ltr'>tibi.</span> 
     </span>
    </p>
   </div>
   <div class='ocr_carea' id='block_1_7' title="bbox 1620 504 3139 552">
    <p class='ocr_par' dir='ltr' id='par_1_7' title="bbox 1620 504 3139 552">
     <span class='ocr_line' id='line_1_18' title="bbox 1620 504 3139 552; baseline -0.002 1"><span class='ocrx_word' id='word_1_90' title='bbox 1620 505 1969 552; x_wconf 67' lang='lat' dir='ltr'>ENARRATlo</span> <span class='ocrx_word' id='word_1_91' title='bbox 2014 507 2073 550; x_wconf 72' lang='grc' dir='ltr'>ΙΝ</span> <span class='ocrx_word' id='word_1_92' title='bbox 2118 505 2257 550; x_wconf 75' lang='lat' dir='ltr'>CAP.</span> <span class='ocrx_word' id='word_1_93' title='bbox 2305 504 2470 549; x_wconf 77' lang='lat' dir='ltr'>XXXV</span> <span class='ocrx_word' id='word_1_94' title='bbox 2509 504 2636 548; x_wconf 69' lang='lat'>1013.</span> <span class='ocrx_word' id='word_1_95' title='bbox 2679 513 2762 533; x_wconf 46' lang='lat' dir='ltr'>h</span> <span class='ocrx_word' id='word_1_96' title='bbox 2803 505 2947 550; x_wconf 70' lang='grc' dir='ltr'><strong>ΛΒΤ.</strong></span> <span class='ocrx_word' id='word_1_97' title='bbox 2995 505 3139 551; x_wconf 76' lang='lat' dir='ltr'>Lxlll</span> 
     </span>
    </p>
   </div>
   <div class='ocr_carea' id='block_1_8' title="bbox 2435 771 3927 948">
    <p class='ocr_par' dir='ltr' id='par_1_8' title="bbox 2435 771 3924 948">
     <span class='ocr_line' id='line_1_19' title="bbox 2437 771 3924 851; baseline 0.001 -21"><span class='ocrx_word' id='word_1_98' title='bbox 2437 789 2551 851; x_wconf 92' lang='lat' dir='ltr'>pro</span> <span class='ocrx_word' id='word_1_99' title='bbox 2583 771 2878 844; x_wconf 88' lang='lat' dir='ltr'>invicem,</span> <span class='ocrx_word' id='word_1_100' title='bbox 2915 780 2981 832; x_wconf 88' lang='lat' dir='ltr'>ut</span> <span class='ocrx_word' id='word_1_101' title='bbox 3022 771 3400 842; x_wconf 81' lang='lat' dir='ltr'>salvemini;</span> <span class='ocrx_word' id='word_1_102' title='bbox 3433 771 3706 832; x_wconf 89' lang='lat' dir='ltr'>multum</span> <span class='ocrx_word' id='word_1_103' title='bbox 3749 771 3924 832; x_wconf 88' lang='lat' dir='ltr'>enim</span> 
     </span>
     <span class='ocr_line' id='line_1_20' title="bbox 2435 866 3927 948; baseline -0.001 -19"><span class='ocrx_word' id='word_1_104' title='bbox 2435 866 2602 929; x_wconf 88' lang='lat' dir='ltr'>valet</span> <span class='ocrx_word' id='word_1_105' title='bbox 2647 867 3011 948; x_wconf 82' lang='lat' dir='ltr'>deprecatio</span> <span class='ocrx_word' id='word_1_106' title='bbox 3059 868 3215 948; x_wconf 87' lang='lat' dir='ltr'>justi</span> <span class='ocrx_word' id='word_1_107' title='bbox 3263 869 3538 930; x_wconf 87' lang='lat' dir='ltr'>assidua.</span> <span class='ocrx_word' id='word_1_108' title='bbox 3573 869 3650 928; x_wconf 86' lang='lat' dir='ltr'>Et</span> <span class='ocrx_word' id='word_1_109' title='bbox 3701 867 3768 928; x_wconf 93' lang='lat' dir='ltr'>in</span> <span class='ocrx_word' id='word_1_110' title='bbox 3811 867 3927 928; x_wconf 83' lang='lat' dir='ltr'>Ec-</span> 
     </span>
    </p>
   </div>
   <div class='ocr_carea' id='block_1_9' title="bbox 2433 963 4228 1090">
    <p class='ocr_par' dir='ltr' id='par_1_9' title="bbox 2433 963 4228 1090">
     <span class='ocr_line' id='line_1_21' title="bbox 2433 963 4228 1090; baseline 0.002 -66"><span class='ocrx_word' id='word_1_111' title='bbox 2433 963 2792 1026; x_wconf 86' lang='lat' dir='ltr'>clesiastico</span> <span class='ocrx_word' id='word_1_112' title='bbox 2821 966 3129 1046; x_wconf 90' lang='lat' dir='ltr'>scriptum</span> <span class='ocrx_word' id='word_1_113' title='bbox 3159 974 3304 1028; x_wconf 84' lang='lat' dir='ltr'>est:</span> <span class='ocrx_word' id='word_1_114' title='bbox 3339 965 3560 1027; x_wconf 70' lang='lat' dir='ltr'>Videte</span> <span class='ocrx_word' id='word_1_115' title='bbox 3599 966 3756 1046; x_wconf 90' lang='lat' dir='ltr'>quia</span> <span class='ocrx_word' id='word_1_116' title='bbox 3793 983 3922 1026; x_wconf 89' lang='lat' dir='ltr'>non</span> <span class='ocrx_word' id='word_1_117' title='bbox 3957 989 4104 1090; x_wconf 42' lang='grc' dir='ltr'>εοςι</span> <span class='ocrx_word' id='word_1_118' title='bbox 4145 1003 4228 1032; x_wconf 64' lang='lat' dir='ltr'>n</span> 
     </span>
    </p>
   </div>
   <div class='ocr_carea' id='block_1_10' title="bbox 2435 1061 3928 1538">
    <p class='ocr_par' dir='ltr' id='par_1_10' title="bbox 2435 1061 3928 1538">
     <span class='ocr_line' id='line_1_22' title="bbox 2435 1061 3926 1143; baseline 0.002 -23"><span class='ocrx_word' id='word_1_119' title='bbox 2435 1061 2640 1123; x_wconf 88' lang='lat' dir='ltr'>solum</span> <span class='ocrx_word' id='word_1_120' title='bbox 2675 1063 2832 1124; x_wconf 89' lang='lat' dir='ltr'>mihi</span> <span class='ocrx_word' id='word_1_121' title='bbox 2879 1063 3184 1138; x_wconf 86' lang='lat' dir='ltr'>laboravi,</span> <span class='ocrx_word' id='word_1_122' title='bbox 3218 1065 3328 1126; x_wconf 89' lang='lat' dir='ltr'>sed</span> <span class='ocrx_word' id='word_1_123' title='bbox 3367 1064 3666 1125; x_wconf 87' lang='lat' dir='ltr'>omnihus</span> <span class='ocrx_word' id='word_1_124' title='bbox 3703 1063 3926 1143; x_wconf 85' lang='lat' dir='ltr'>exqui-</span> 
     </span>
     <span class='ocr_line' id='line_1_23' title="bbox 2437 1160 3926 1243; baseline 0.001 -23"><span class='ocrx_word' id='word_1_125' title='bbox 2437 1160 2723 1222; x_wconf 89' lang='lat' dir='ltr'>rentibus</span> <span class='ocrx_word' id='word_1_126' title='bbox 2783 1162 3184 1243; x_wconf 81' lang='lat' dir='ltr'>sapientiam.</span> <span class='ocrx_word' id='word_1_127' title='bbox 3244 1162 3550 1243; x_wconf 81' lang='lat' dir='ltr'>Denique.</span> <span class='ocrx_word' id='word_1_128' title='bbox 3601 1162 3926 1242; x_wconf 87' lang='lat' dir='ltr'>quomodo</span> 
     </span>
     <span class='ocr_line' id='line_1_24' title="bbox 2436 1258 3928 1342; baseline 0.003 -24"><span class='ocrx_word' id='word_1_129' title='bbox 2436 1258 2728 1338; x_wconf 77' lang='lat' dir='ltr'>impietas</span> <span class='ocrx_word' id='word_1_130' title='bbox 2759 1261 2950 1321; x_wconf 91' lang='lat' dir='ltr'>unius</span> <span class='ocrx_word' id='word_1_131' title='bbox 2983 1269 3204 1323; x_wconf 90' lang='lat' dir='ltr'>noceat</span> <span class='ocrx_word' id='word_1_132' title='bbox 3223 1261 3430 1341; x_wconf 39' lang='lat' dir='ltr'>alter-i,</span> <span class='ocrx_word' id='word_1_133' title='bbox 3454 1270 3647 1342; x_wconf 92' lang='lat' dir='ltr'>atque</span> <span class='ocrx_word' id='word_1_134' title='bbox 3673 1261 3928 1341; x_wconf 88' lang='lat' dir='ltr'>justitia</span> 
     </span>
     <span class='ocr_line' id='line_1_25' title="bbox 2437 1357 3928 1440; baseline 0.002 -23"><span class='ocrx_word' id='word_1_135' title='bbox 2437 1357 2626 1418; x_wconf 88' lang='lat' dir='ltr'>unius</span> <span class='ocrx_word' id='word_1_136' title='bbox 2655 1359 2851 1420; x_wconf 89' lang='lat' dir='ltr'>alium</span> <span class='ocrx_word' id='word_1_137' title='bbox 2882 1359 3084 1438; x_wconf 88' lang='lat' dir='ltr'>juvet,</span> <span class='ocrx_word' id='word_1_138' title='bbox 3112 1359 3436 1440; x_wconf 81' lang='lat' dir='ltr'>praecipue</span> <span class='ocrx_word' id='word_1_139' title='bbox 3467 1368 3712 1422; x_wconf 87' lang='lat' dir='ltr'>constat</span> <span class='ocrx_word' id='word_1_140' title='bbox 3743 1379 3820 1420; x_wconf 81' lang='lat' dir='ltr'>ex</span> <span class='ocrx_word' id='word_1_141' title='bbox 3851 1377 3928 1420; x_wconf 92' lang='lat' dir='ltr'>eo</span> 
     </span>
     <span class='ocr_line' id='line_1_26' title="bbox 2435 1457 3926 1538; baseline 0.001 -21"><span class='ocrx_word' id='word_1_142' title='bbox 2435 1457 2605 1536; x_wconf 91' lang='lat' dir='ltr'>quod</span> <span class='ocrx_word' id='word_1_143' title='bbox 2650 1458 2728 1518; x_wconf 92' lang='lat' dir='ltr'>ad</span> <span class='ocrx_word' id='word_1_144' title='bbox 2759 1457 3072 1519; x_wconf 84' lang='lat' dir='ltr'>Romanos</span> <span class='ocrx_word' id='word_1_145' title='bbox 3113 1457 3202 1518; x_wconf 87' lang='lat' dir='ltr'>ait</span> <span class='ocrx_word' id='word_1_146' title='bbox 3233 1457 3572 1538; x_wconf 80' lang='lat' dir='ltr'>Apostolus</span> <span class='ocrx_word' id='word_1_147' title='bbox 3611 1458 3690 1519; x_wconf 91' lang='lat' dir='ltr'>de</span> <span class='ocrx_word' id='word_1_148' title='bbox 3727 1457 3926 1518; x_wconf 81' lang='lat' dir='ltr'>Adam</span> 
     </span>
    </p>
   </div>
   <div class='ocr_carea' id='block_1_11' title="bbox 2435 1554 4030 1636">
    <p class='ocr_par' dir='ltr' id='par_1_11' title="bbox 2435 1554 4030 1636">
     <span class='ocr_line' id='line_1_27' title="bbox 2435 1554 4030 1636; baseline 0.001 -22"><span class='ocrx_word' id='word_1_149' title='bbox 2435 1563 2498 1615; x_wconf 91' lang='lat' dir='ltr'>et</span> <span class='ocrx_word' id='word_1_150' title='bbox 2526 1554 2776 1616; x_wconf 87' lang='lat' dir='ltr'>Christo</span> <span class='ocrx_word' id='word_1_151' title='bbox 2813 1573 2826 1616; x_wconf 90' lang='lat'>:</span> <span class='ocrx_word' id='word_1_152' title='bbox 2860 1555 3034 1618; x_wconf 90' lang='lat' dir='ltr'>Sicut</span> <span class='ocrx_word' id='word_1_153' title='bbox 3064 1575 3175 1636; x_wconf 88' lang='lat' dir='ltr'>per</span> <span class='ocrx_word' id='word_1_154' title='bbox 3207 1555 3396 1616; x_wconf 92' lang='lat' dir='ltr'>unius</span> <span class='ocrx_word' id='word_1_155' title='bbox 3428 1555 3926 1618; x_wconf 86' lang='lat' dir='ltr'>inobedientiam</span> <span class='ocrx_word' id='word_1_156' title='bbox 4003 1589 4030 1616; x_wconf 71' lang='grc' dir='ltr'><strong>ο</strong></span> 
     </span>
    </p>
   </div>
   <div class='ocr_carea' id='block_1_12' title="bbox 2437 1652 3930 1831">
    <p class='ocr_par' dir='ltr' id='par_1_12' title="bbox 2437 1652 3928 1831">
     <span class='ocr_line' id='line_1_28' title="bbox 2437 1652 3928 1734; baseline -0.001 -20"><span class='ocrx_word' id='word_1_157' title='bbox 2437 1661 2798 1733; x_wconf 82' lang='lat' dir='ltr'>peccatores</span> <span class='ocrx_word' id='word_1_158' title='bbox 2845 1653 3170 1716; x_wconf 86' lang='lat' dir='ltr'>constituti</span> <span class='ocrx_word' id='word_1_159' title='bbox 3225 1661 3374 1714; x_wconf 91' lang='lat' dir='ltr'>sunt</span> <span class='ocrx_word' id='word_1_160' title='bbox 3419 1653 3628 1728; x_wconf 87' lang='lat' dir='ltr'>multi,</span> <span class='ocrx_word' id='word_1_161' title='bbox 3679 1652 3766 1715; x_wconf 90' lang='lat' dir='ltr'>ita</span> <span class='ocrx_word' id='word_1_162' title='bbox 3813 1672 3928 1734; x_wconf 83' lang='lat' dir='ltr'>per</span> 
     </span>
     <span class='ocr_line' id='line_1_29' title="bbox 2438 1749 3930 1831; baseline -0.001 -20"><span class='ocrx_word' id='word_1_163' title='bbox 2438 1749 2628 1812; x_wconf 92' lang='lat' dir='ltr'>unius</span> <span class='ocrx_word' id='word_1_164' title='bbox 2679 1750 2957 1812; x_wconf 88' lang='lat' dir='ltr'>hominis</span> <span class='ocrx_word' id='word_1_165' title='bbox 3006 1751 3434 1813; x_wconf 87' lang='lat' dir='ltr'>obedientiam</span> <span class='ocrx_word' id='word_1_166' title='bbox 3485 1751 3644 1831; x_wconf 90' lang='lat' dir='ltr'>justi</span> <span class='ocrx_word' id='word_1_167' title='bbox 3693 1751 3930 1813; x_wconf 92' lang='lat' dir='ltr'>consti—</span> 
     </span>
    </p>
   </div>
   <div class='ocr_carea' id='block_1_13' title="bbox 918 1848 3931 1935">
    <p class='ocr_par' dir='ltr' id='par_1_13' title="bbox 918 1848 3931 1935">
     <span class='ocr_line' id='line_1_30' title="bbox 918 1848 3931 1935; baseline -0.003 -17"><span class='ocrx_word' id='word_1_168' title='bbox 918 1859 1193 1918; x_wconf 76' lang='lat' dir='ltr'>Homini</span> <span class='ocrx_word' id='word_1_169' title='bbox 1220 1858 1339 1935; x_wconf 71' lang='lat' dir='ltr'>qul</span> <span class='ocrx_word' id='word_1_170' title='bbox 1372 1857 1612 1915; x_wconf 74' lang='lat' dir='ltr'>simi&#39;les</span> <span class='ocrx_word' id='word_1_171' title='bbox 1649 1856 1750 1914; x_wconf 73' lang='lat' dir='ltr'>tui</span> <span class='ocrx_word' id='word_1_172' title='bbox 1786 1863 1897 1922; x_wconf 75' lang='lat' dir='ltr'>est,</span> <span class='ocrx_word' id='word_1_173' title='bbox 1934 1853 2174 1913; x_wconf 76' lang='lat' dir='ltr'>nocebit</span> <span class='ocrx_word' id='word_1_174' title='bbox 2208 1873 2327 1910; x_wconf 67' lang='lat' dir='ltr'>nm-</span> <span class='ocrx_word' id='word_1_175' title='bbox 2361 1855 2408 1918; x_wconf 92' lang='grc' dir='ltr'><strong>Β</strong></span> <span class='ocrx_word' id='word_1_176' title='bbox 2440 1857 2696 1909; x_wconf 85' lang='lat' dir='ltr'>tuentur</span> <span class='ocrx_word' id='word_1_177' title='bbox 2743 1848 2949 1910; x_wconf 90' lang='lat' dir='ltr'>multi.</span> <span class='ocrx_word' id='word_1_178' title='bbox 2995 1850 3338 1926; x_wconf 89' lang='lat' dir='ltr'>Postremo,</span> <span class='ocrx_word' id='word_1_179' title='bbox 3390 1849 3509 1912; x_wconf 88' lang='lat' dir='ltr'>hoc</span> <span class='ocrx_word' id='word_1_180' title='bbox 3558 1850 3720 1926; x_wconf 84' lang='lat' dir='ltr'>loce,</span> <span class='ocrx_word' id='word_1_181' title='bbox 3763 1850 3931 1911; x_wconf 86' lang='lat' dir='ltr'>inter</span> 
     </span>
    </p>
   </div>
   <div class='ocr_carea' id='block_1_14' title="bbox 828 1951 2328 2820">
    <p class='ocr_par' dir='ltr' id='par_1_14' title="bbox 828 1951 2328 2820">
     <span class='ocr_line' id='line_1_31' title="bbox 828 1951 2326 2035; baseline -0.003 -21"><span class='ocrx_word' id='word_1_182' title='bbox 828 1958 1040 2033; x_wconf 69' lang='lat' dir='ltr'>pectas</span> <span class='ocrx_word' id='word_1_183' title='bbox 1088 1964 1221 2016; x_wconf 76' lang='lat' dir='ltr'>tua.</span> <span class='ocrx_word' id='word_1_184' title='bbox 1255 1954 1455 2035; x_wconf 88' lang='lat' dir='ltr'>Culpa</span> <span class='ocrx_word' id='word_1_185' title='bbox 1494 1952 1705 2029; x_wconf 89' lang='lat' dir='ltr'>unius,</span> <span class='ocrx_word' id='word_1_186' title='bbox 1747 1951 1933 2013; x_wconf 90' lang='lat' dir='ltr'>alteri</span> <span class='ocrx_word' id='word_1_187' title='bbox 1974 1969 2099 2012; x_wconf 93' lang='lat' dir='ltr'>non</span> <span class='ocrx_word' id='word_1_188' title='bbox 2140 1957 2326 2012; x_wconf 87' lang='lat' dir='ltr'>nocet</span> 
     </span>
     <span class='ocr_line' id='line_1_32' title="bbox 836 2051 2327 2133; baseline -0.004 -19"><span class='ocrx_word' id='word_1_189' title='bbox 836 2061 1217 2116; x_wconf 88' lang='lat' dir='ltr'>nocumento</span> <span class='ocrx_word' id='word_1_190' title='bbox 1246 2052 1471 2133; x_wconf 83' lang='lat' dir='ltr'>culpae,</span> <span class='ocrx_word' id='word_1_191' title='bbox 1498 2051 1585 2112; x_wconf 89' lang='lat' dir='ltr'>ita</span> <span class='ocrx_word' id='word_1_192' title='bbox 1618 2051 1787 2131; x_wconf 85' lang='lat' dir='ltr'>quod</span> <span class='ocrx_word' id='word_1_193' title='bbox 1821 2059 2078 2130; x_wconf 86' lang='lat' dir='ltr'>propter</span> <span class='ocrx_word' id='word_1_194' title='bbox 2107 2067 2327 2130; x_wconf 87' lang='lat' dir='ltr'>pecca-</span> 
     </span>
     <span class='ocr_line' id='line_1_33' title="bbox 836 2146 2328 2229; baseline -0.003 -18"><span class='ocrx_word' id='word_1_195' title='bbox 836 2158 967 2212; x_wconf 88' lang='lat' dir='ltr'>tum</span> <span class='ocrx_word' id='word_1_196' title='bbox 1000 2149 1213 2227; x_wconf 80' lang='lat' dir='ltr'>uniuS,</span> <span class='ocrx_word' id='word_1_197' title='bbox 1248 2150 1407 2212; x_wconf 89' lang='lat' dir='ltr'>alter</span> <span class='ocrx_word' id='word_1_198' title='bbox 1438 2150 1736 2212; x_wconf 87' lang='lat' dir='ltr'>reddatur</span> <span class='ocrx_word' id='word_1_199' title='bbox 1766 2146 2107 2229; x_wconf 89' lang='lat' dir='ltr'>culpabilis</span> <span class='ocrx_word' id='word_1_200' title='bbox 2136 2146 2328 2226; x_wconf 90' lang='lat' dir='ltr'>culpa</span> 
     </span>
     <span class='ocr_line' id='line_1_34' title="bbox 836 2245 2328 2330; baseline -0.003 -20"><span class='ocrx_word' id='word_1_201' title='bbox 836 2247 1153 2330; x_wconf 85' lang='lat' dir='ltr'>personali</span> <span class='ocrx_word' id='word_1_202' title='bbox 1186 2256 1249 2312; x_wconf 91' lang='lat' dir='ltr'>et</span> <span class='ocrx_word' id='word_1_203' title='bbox 1278 2247 1557 2330; x_wconf 91' lang='lat' dir='ltr'>propria,</span> <span class='ocrx_word' id='word_1_204' title='bbox 1592 2247 1694 2310; x_wconf 92' lang='lat' dir='ltr'>cui</span> <span class='ocrx_word' id='word_1_205' title='bbox 1738 2265 1925 2328; x_wconf 86' lang='lat' dir='ltr'>poena</span> <span class='ocrx_word' id='word_1_206' title='bbox 1966 2264 2190 2307; x_wconf 91' lang='lat' dir='ltr'>sensus</span> <span class='ocrx_word' id='word_1_207' title='bbox 2221 2245 2328 2306; x_wconf 93' lang='lat' dir='ltr'>de-</span> 
     </span>
     <span class='ocr_line' id='line_1_35' title="bbox 834 2342 2327 2428; baseline -0.005 -18"><span class='ocrx_word' id='word_1_208' title='bbox 834 2347 1078 2423; x_wconf 87' lang='lat' dir='ltr'>beatur,</span> <span class='ocrx_word' id='word_1_209' title='bbox 1117 2347 1240 2408; x_wconf 92' lang='lat' dir='ltr'>nisi</span> <span class='ocrx_word' id='word_1_210' title='bbox 1271 2347 1433 2410; x_wconf 85' lang='lat' dir='ltr'>alter</span> <span class='ocrx_word' id='word_1_211' title='bbox 1463 2366 1537 2410; x_wconf 90' lang='lat' dir='ltr'>ex</span> <span class='ocrx_word' id='word_1_212' title='bbox 1566 2354 1825 2428; x_wconf 90' lang='lat' dir='ltr'>peccato</span> <span class='ocrx_word' id='word_1_213' title='bbox 1855 2343 2117 2406; x_wconf 88' lang='lat' dir='ltr'>alterius</span> <span class='ocrx_word' id='word_1_214' title='bbox 2149 2342 2327 2403; x_wconf 92' lang='lat' dir='ltr'>indu-</span> 
     </span>
     <span class='ocr_line' id='line_1_36' title="bbox 835 2443 2327 2527; baseline -0.005 -20"><span class='ocrx_word' id='word_1_215' title='bbox 835 2454 1014 2508; x_wconf 89' lang='lat' dir='ltr'>catur</span> <span class='ocrx_word' id='word_1_216' title='bbox 1044 2445 1122 2508; x_wconf 90' lang='lat' dir='ltr'>ad</span> <span class='ocrx_word' id='word_1_217' title='bbox 1154 2444 1431 2527; x_wconf 88' lang='lat' dir='ltr'>culpam,</span> <span class='ocrx_word' id='word_1_218' title='bbox 1462 2443 1883 2526; x_wconf 87' lang='lat' dir='ltr'>personaliter</span> <span class='ocrx_word' id='word_1_219' title='bbox 1914 2460 2183 2523; x_wconf 89' lang='lat' dir='ltr'>peccans</span> <span class='ocrx_word' id='word_1_220' title='bbox 2213 2459 2327 2520; x_wconf 88' lang='lat' dir='ltr'>per</span> 
     </span>
     <span class='ocr_line' id='line_1_37' title="bbox 838 2536 2324 2624; baseline -0.005 -20"><span class='ocrx_word' id='word_1_221' title='bbox 838 2542 1327 2624; x_wconf 88' lang='lat' dir='ltr'>impatientiam,</span> <span class='ocrx_word' id='word_1_222' title='bbox 1354 2543 1535 2616; x_wconf 89' lang='lat' dir='ltr'>iram,</span> <span class='ocrx_word' id='word_1_223' title='bbox 1560 2560 1965 2613; x_wconf 88' lang='lat' dir='ltr'>consensum,</span> <span class='ocrx_word' id='word_1_224' title='bbox 1990 2548 2100 2601; x_wconf 89' lang='lat' dir='ltr'>aut</span> <span class='ocrx_word' id='word_1_225' title='bbox 2128 2536 2324 2599; x_wconf 89' lang='lat' dir='ltr'>simili</span> 
     </span>
     <span class='ocr_line' id='line_1_38' title="bbox 836 2637 2328 2724; baseline -0.004 -20"><span class='ocrx_word' id='word_1_226' title='bbox 836 2643 1047 2705; x_wconf 90' lang='lat' dir='ltr'>modo.</span> <span class='ocrx_word' id='word_1_227' title='bbox 1068 2642 1187 2704; x_wconf 90' lang='lat' dir='ltr'>Sed</span> <span class='ocrx_word' id='word_1_228' title='bbox 1222 2650 1547 2724; x_wconf 91' lang='lat' dir='ltr'>peccatum</span> <span class='ocrx_word' id='word_1_229' title='bbox 1575 2639 1843 2702; x_wconf 90' lang='lat' dir='ltr'>uniuscu</span> <span class='ocrx_word' id='word_1_230' title='bbox 1848 2638 2078 2718; x_wconf 89' lang='lat' dir='ltr'>jusque</span> <span class='ocrx_word' id='word_1_231' title='bbox 2100 2637 2166 2698; x_wconf 93' lang='lat' dir='ltr'>in</span> <span class='ocrx_word' id='word_1_232' title='bbox 2190 2656 2328 2718; x_wconf 92' lang='lat' dir='ltr'>pro-</span> 
     </span>
     <span class='ocr_line' id='line_1_39' title="bbox 841 2736 2324 2820; baseline -0.003 -19"><span class='ocrx_word' id='word_1_233' title='bbox 841 2740 1051 2820; x_wconf 91' lang='lat' dir='ltr'>prium</span> <span class='ocrx_word' id='word_1_234' title='bbox 1100 2741 1412 2802; x_wconf 83' lang='lat' dir='ltr'>redundat</span> <span class='ocrx_word' id='word_1_235' title='bbox 1455 2747 1799 2800; x_wconf 87' lang='lat' dir='ltr'>auctorem.</span> <span class='ocrx_word' id='word_1_236' title='bbox 1848 2736 2105 2818; x_wconf 86' lang='lat' dir='ltr'>Propter</span> <span class='ocrx_word' id='word_1_237' title='bbox 2154 2736 2324 2815; x_wconf 90' lang='lat' dir='ltr'>quod</span> 
     </span>
    </p>
   </div>
   <div class='ocr_carea' id='block_1_15' title="bbox 2435 1945 3930 2808">
    <p class='ocr_par' dir='ltr' id='par_1_15' title="bbox 2435 1945 3930 2422">
     <span class='ocr_line' id='line_1_40' title="bbox 2437 1945 3927 2029; baseline 0 -23"><span class='ocrx_word' id='word_1_238' title='bbox 2437 1945 2758 2009; x_wconf 89' lang='lat' dir='ltr'>hominem</span> <span class='ocrx_word' id='word_1_239' title='bbox 2799 1956 2860 2008; x_wconf 91' lang='lat' dir='ltr'>et</span> <span class='ocrx_word' id='word_1_240' title='bbox 2905 1946 3115 2008; x_wconf 84' lang='lat' dir='ltr'>filium</span> <span class='ocrx_word' id='word_1_241' title='bbox 3163 1947 3466 2016; x_wconf 89' lang='lat' dir='ltr'>hominis,</span> <span class='ocrx_word' id='word_1_242' title='bbox 3501 1966 3626 2010; x_wconf 91' lang='lat' dir='ltr'>non</span> <span class='ocrx_word' id='word_1_243' title='bbox 3677 1955 3927 2029; x_wconf 83' lang='lat' dir='ltr'>oporte-t</span> 
     </span>
     <span class='ocr_line' id='line_1_41' title="bbox 2435 2043 3926 2126; baseline 0.001 -21"><span class='ocrx_word' id='word_1_244' title='bbox 2435 2043 2872 2106; x_wconf 74' lang='lat' dir='ltr'>differentiam</span> <span class='ocrx_word' id='word_1_245' title='bbox 2935 2044 3163 2106; x_wconf 90' lang='lat' dir='ltr'>realem</span> <span class='ocrx_word' id='word_1_246' title='bbox 3225 2044 3546 2108; x_wconf 88' lang='lat' dir='ltr'>inducere.</span> <span class='ocrx_word' id='word_1_247' title='bbox 3599 2045 3926 2126; x_wconf 81' lang='lat' dir='ltr'>Siquidem</span> 
     </span>
     <span class='ocr_line' id='line_1_42' title="bbox 2437 2141 3924 2224; baseline 0.001 -22"><span class='ocrx_word' id='word_1_248' title='bbox 2437 2141 2502 2204; x_wconf 93' lang='lat' dir='ltr'>in</span> <span class='ocrx_word' id='word_1_249' title='bbox 2536 2149 2666 2204; x_wconf 89' lang='lat' dir='ltr'>toto</span> <span class='ocrx_word' id='word_1_250' title='bbox 2697 2143 2818 2204; x_wconf 92' lang='lat' dir='ltr'>hoc</span> <span class='ocrx_word' id='word_1_251' title='bbox 2851 2142 3013 2205; x_wconf 89' lang='lat' dir='ltr'>libro</span> <span class='ocrx_word' id='word_1_252' title='bbox 3055 2142 3368 2206; x_wconf 83' lang='lat' dir='ltr'>rhetorice</span> <span class='ocrx_word' id='word_1_253' title='bbox 3407 2143 3668 2224; x_wconf 88' lang='lat' dir='ltr'>scripto,</span> <span class='ocrx_word' id='word_1_254' title='bbox 3705 2143 3924 2205; x_wconf 74' lang='lat' dir='ltr'>eadem</span> 
     </span>
     <span class='ocr_line' id='line_1_43' title="bbox 2437 2239 3930 2321; baseline 0.001 -21"><span class='ocrx_word' id='word_1_255' title='bbox 2437 2260 2535 2302; x_wconf 83' lang='lat' dir='ltr'>res</span> <span class='ocrx_word' id='word_1_256' title='bbox 2573 2249 2767 2321; x_wconf 87' lang='lat' dir='ltr'>atque</span> <span class='ocrx_word' id='word_1_257' title='bbox 2814 2241 3132 2304; x_wconf 87' lang='lat' dir='ltr'>sententia</span> <span class='ocrx_word' id='word_1_258' title='bbox 3178 2240 3299 2303; x_wconf 88' lang='lat' dir='ltr'>suh</span> <span class='ocrx_word' id='word_1_259' title='bbox 3343 2241 3487 2302; x_wconf 90' lang='lat' dir='ltr'>aliis</span> <span class='ocrx_word' id='word_1_260' title='bbox 3537 2241 3752 2304; x_wconf 88' lang='lat' dir='ltr'>verbis</span> <span class='ocrx_word' id='word_1_261' title='bbox 3803 2239 3930 2302; x_wconf 89' lang='lat' dir='ltr'>fre-</span> 
     </span>
     <span class='ocr_line' id='line_1_44' title="bbox 2435 2340 3136 2422; baseline 0.003 -23"><span class='ocrx_word' id='word_1_262' title='bbox 2435 2349 2705 2420; x_wconf 88' lang='lat' dir='ltr'>quenter</span> <span class='ocrx_word' id='word_1_263' title='bbox 2735 2340 3136 2422; x_wconf 87' lang='lat' dir='ltr'>exprimitur.</span> 
     </span>
    </p>

    <p class='ocr_par' dir='ltr' id='par_1_16' title="bbox 2435 2437 3930 2808">
     <span class='ocr_line' id='line_1_45' title="bbox 2515 2437 3928 2520; baseline 0 -21"><span class='ocrx_word' id='word_1_264' title='bbox 2515 2438 2799 2520; x_wconf 83' lang='lat' dir='ltr'>Insuper,</span> <span class='ocrx_word' id='word_1_265' title='bbox 2847 2458 2990 2518; x_wconf 80' lang='lat' dir='ltr'>quae</span> <span class='ocrx_word' id='word_1_266' title='bbox 3033 2437 3302 2513; x_wconf 82' lang='lat' dir='ltr'>induxit,</span> <span class='ocrx_word' id='word_1_267' title='bbox 3347 2446 3815 2518; x_wconf 90' lang='lat' dir='ltr'>consequenter</span> <span class='ocrx_word' id='word_1_268' title='bbox 3865 2447 3928 2500; x_wconf 88' lang='lat' dir='ltr'>et</span> 
     </span>
     <span class='ocr_line' id='line_1_46' title="bbox 2435 2536 3930 2616; baseline -0.001 -20"><span class='ocrx_word' id='word_1_269' title='bbox 2435 2536 2751 2616; x_wconf 82' lang='lat' dir='ltr'>explanat.</span> <span class='ocrx_word' id='word_1_270' title='bbox 2776 2541 3054 2616; x_wconf 79' lang='lat' dir='ltr'>Propter</span> <span class='ocrx_word' id='word_1_271' title='bbox 3086 2539 3574 2597; x_wconf 79' lang='lat' dir='ltr'>multitudinem</span> <span class='ocrx_word' id='word_1_272' title='bbox 3602 2540 3930 2596; x_wconf 78' lang='lat' dir='ltr'>calumni-</span> 
     </span>
     <span class='ocr_line' id='line_1_47' title="bbox 2435 2635 3930 2716; baseline 0.001 -22"><span class='ocrx_word' id='word_1_273' title='bbox 2435 2645 2692 2695; x_wconf 79' lang='lat' dir='ltr'>atorum</span> <span class='ocrx_word' id='word_1_274' title='bbox 2720 2639 3120 2706; x_wconf 75' lang='lat' dir='ltr'>claenabmzt,</span> <span class='ocrx_word' id='word_1_275' title='bbox 3153 2635 3216 2696; x_wconf 88' lang='lat' dir='ltr'>id</span> <span class='ocrx_word' id='word_1_276' title='bbox 3247 2644 3364 2708; x_wconf 80' lang='lat' dir='ltr'>est,</span> <span class='ocrx_word' id='word_1_277' title='bbox 3399 2635 3782 2697; x_wconf 82' lang='lat' dir='ltr'>calumniam</span> <span class='ocrx_word' id='word_1_278' title='bbox 3826 2654 3930 2716; x_wconf 80' lang='lat' dir='ltr'>pa-</span> 
     </span>
     <span class='ocr_line' id='line_1_48' title="bbox 2439 2732 3927 2808; baseline 0.001 -15"><span class='ocrx_word' id='word_1_279' title='bbox 2439 2733 2664 2795; x_wconf 85' lang='lat' dir='ltr'>tientes</span> <span class='ocrx_word' id='word_1_280' title='bbox 2714 2733 3005 2796; x_wconf 90' lang='lat' dir='ltr'>dolorose</span> <span class='ocrx_word' id='word_1_281' title='bbox 3044 2732 3588 2808; x_wconf 87' lang='lat' dir='ltr'>vociferabuntur,</span> <span class='ocrx_word' id='word_1_282' title='bbox 3623 2741 3690 2795; x_wconf 91' lang='lat' dir='ltr'>et</span> <span class='ocrx_word' id='word_1_283' title='bbox 3726 2752 3762 2794; x_wconf 91' lang='lat' dir='ltr'>a</span> <span class='ocrx_word' id='word_1_284' title='bbox 3800 2733 3927 2795; x_wconf 89' lang='lat' dir='ltr'>Deo</span> 
     </span>
    </p>
   </div>
   <div class='ocr_carea' id='block_1_16' title="bbox 837 2831 3930 2912">
    <p class='ocr_par' dir='ltr' id='par_1_17' title="bbox 837 2831 3930 2912">
     <span class='ocr_line' id='line_1_49' title="bbox 837 2831 3930 2912; baseline -0.001 -14"><span class='ocrx_word' id='word_1_285' title='bbox 837 2837 1319 2900; x_wconf 88' lang='lat' dir='ltr'>Ecclesiasticus</span> <span class='ocrx_word' id='word_1_286' title='bbox 1351 2835 1441 2897; x_wconf 89' lang='lat' dir='ltr'>ait</span> <span class='ocrx_word' id='word_1_287' title='bbox 1476 2853 1489 2896; x_wconf 91' lang='lat'>:</span> <span class='ocrx_word' id='word_1_288' title='bbox 1522 2834 1638 2908; x_wconf 89' lang='lat' dir='ltr'>Qui</span> <span class='ocrx_word' id='word_1_289' title='bbox 1672 2833 1833 2896; x_wconf 88' lang='lat' dir='ltr'>fodit</span> <span class='ocrx_word' id='word_1_290' title='bbox 1864 2834 2136 2909; x_wconf 84' lang='lat' dir='ltr'>foveam,</span> <span class='ocrx_word' id='word_1_291' title='bbox 2171 2832 2334 2894; x_wconf 81' lang='lat' dir='ltr'>inci-</span> <span class='ocrx_word' id='word_1_292' title='bbox 2439 2831 2536 2894; x_wconf 85' lang='lat' dir='ltr'>vel</span> <span class='ocrx_word' id='word_1_293' title='bbox 2574 2831 2657 2893; x_wconf 89' lang='lat' dir='ltr'>ab</span> <span class='ocrx_word' id='word_1_294' title='bbox 2687 2832 2946 2894; x_wconf 89' lang='lat' dir='ltr'>homine</span> <span class='ocrx_word' id='word_1_295' title='bbox 2981 2831 3288 2893; x_wconf 88' lang='lat' dir='ltr'>auxilium</span> <span class='ocrx_word' id='word_1_296' title='bbox 3329 2831 3746 2912; x_wconf 87' lang='lat' dir='ltr'>postulabunt</span> <span class='ocrx_word' id='word_1_297' title='bbox 3791 2849 3930 2912; x_wconf 86' lang='lat' dir='ltr'>pro-</span> 
     </span>
    </p>
   </div>
   <div class='ocr_carea' id='block_1_17' title="bbox 839 2932 2326 3014">
    <p class='ocr_par' dir='ltr' id='par_1_18' title="bbox 839 2932 2326 3014">
     <span class='ocr_line' id='line_1_50' title="bbox 839 2932 2326 3014; baseline -0.004 -16"><span class='ocrx_word' id='word_1_298' title='bbox 839 2936 988 2998; x_wconf 88' lang='lat' dir='ltr'>det</span> <span class='ocrx_word' id='word_1_299' title='bbox 975 2955 1038 2997; x_wconf 79' lang='lat' dir='ltr'>in</span> <span class='ocrx_word' id='word_1_300' title='bbox 1070 2955 1245 3010; x_wconf 84' lang='lat' dir='ltr'>eam3</span> <span class='ocrx_word' id='word_1_301' title='bbox 1278 2943 1341 2996; x_wconf 90' lang='lat' dir='ltr'>et</span> <span class='ocrx_word' id='word_1_302' title='bbox 1382 2932 1642 2996; x_wconf 79' lang='lat' dir='ltr'>facienti</span> <span class='ocrx_word' id='word_1_303' title='bbox 1672 2932 2137 3014; x_wconf 88' lang='lat' dir='ltr'>nequissimum</span> <span class='ocrx_word' id='word_1_304' title='bbox 2177 2948 2326 2993; x_wconf 90' lang='lat' dir='ltr'>con-</span> 
     </span>
    </p>
   </div>
   <div class='ocr_carea' id='block_1_18' title="bbox 2436 2929 3928 3011">
    <p class='ocr_par' dir='ltr' id='par_1_19' title="bbox 2436 2929 3928 3011">
     <span class='ocr_line' id='line_1_51' title="bbox 2436 2929 3928 3011; baseline 0 -20"><span class='ocrx_word' id='word_1_305' title='bbox 2436 2939 2576 3011; x_wconf 87' lang='lat' dir='ltr'>pter</span> <span class='ocrx_word' id='word_1_306' title='bbox 2610 2930 2912 3011; x_wconf 85' lang='lat' dir='ltr'>injuriam</span> <span class='ocrx_word' id='word_1_307' title='bbox 2956 2940 3016 2992; x_wconf 91' lang='lat' dir='ltr'>et</span> <span class='ocrx_word' id='word_1_308' title='bbox 3052 2929 3420 2992; x_wconf 89' lang='lat' dir='ltr'>violentiam</span> <span class='ocrx_word' id='word_1_309' title='bbox 3465 2930 3558 2992; x_wconf 89' lang='lat' dir='ltr'>eis</span> <span class='ocrx_word' id='word_1_310' title='bbox 3601 2950 3638 2992; x_wconf 97' lang='lat' dir='ltr'>a</span> <span class='ocrx_word' id='word_1_311' title='bbox 3687 2931 3928 2992; x_wconf 87' lang='lat' dir='ltr'>calum-</span> 
     </span>
    </p>
   </div>
   <div class='ocr_carea' id='block_1_19' title="bbox 838 3027 3928 3114">
    <p class='ocr_par' dir='ltr' id='par_1_20' title="bbox 838 3027 3928 3114">
     <span class='ocr_line' id='line_1_52' title="bbox 838 3027 3928 3114; baseline -0.002 -19"><span class='ocrx_word' id='word_1_312' title='bbox 838 3033 1078 3108; x_wconf 91' lang='lat' dir='ltr'>silium,</span> <span class='ocrx_word' id='word_1_313' title='bbox 1114 3051 1306 3114; x_wconf 90' lang='lat' dir='ltr'>super</span> <span class='ocrx_word' id='word_1_314' title='bbox 1338 3031 1546 3113; x_wconf 90' lang='lat' dir='ltr'>ipsum</span> <span class='ocrx_word' id='word_1_315' title='bbox 1588 3030 1984 3094; x_wconf 87' lang='lat' dir='ltr'>devolvetur.</span> <span class='ocrx_word' id='word_1_316' title='bbox 2016 3028 2327 3092; x_wconf 77' lang='lat' dir='ltr'>Ecclesia—</span> <span class='ocrx_word' id='word_1_317' title='bbox 2360 3035 2403 3098; x_wconf 88' lang='lat' dir='ltr'>C</span> <span class='ocrx_word' id='word_1_318' title='bbox 2436 3027 2790 3090; x_wconf 83' lang='lat' dir='ltr'>uiatoribus</span> <span class='ocrx_word' id='word_1_319' title='bbox 2827 3027 3093 3090; x_wconf 88' lang='lat' dir='ltr'>factam:</span> <span class='ocrx_word' id='word_1_320' title='bbox 3120 3027 3286 3090; x_wconf 88' lang='lat' dir='ltr'>sicut</span> <span class='ocrx_word' id='word_1_321' title='bbox 3317 3027 3440 3088; x_wconf 91' lang='lat' dir='ltr'>filii</span> <span class='ocrx_word' id='word_1_322' title='bbox 3473 3027 3662 3090; x_wconf 88' lang='lat' dir='ltr'>lsrael</span> <span class='ocrx_word' id='word_1_323' title='bbox 3693 3028 3928 3090; x_wconf 88' lang='lat' dir='ltr'>clama-</span> 
     </span>
    </p>
   </div>
   <div class='ocr_carea' id='block_1_20' title="bbox 831 3126 2325 4192">
    <p class='ocr_par' dir='ltr' id='par_1_21' title="bbox 831 3126 2325 4192">
     <span class='ocr_line' id='line_1_53' title="bbox 837 3126 2325 3210; baseline -0.005 -16"><span class='ocrx_word' id='word_1_324' title='bbox 837 3139 962 3194; x_wconf 91' lang='lat' dir='ltr'>stes</span> <span class='ocrx_word' id='word_1_325' title='bbox 994 3148 1289 3210; x_wconf 85' lang='lat' dir='ltr'>quoque:</span> <span class='ocrx_word' id='word_1_326' title='bbox 1314 3128 1719 3210; x_wconf 90' lang='lat' dir='ltr'>Quidissipat</span> <span class='ocrx_word' id='word_1_327' title='bbox 1746 3147 1985 3209; x_wconf 87' lang='lat' dir='ltr'>sepem,</span> <span class='ocrx_word' id='word_1_328' title='bbox 2010 3126 2325 3189; x_wconf 88' lang='lat' dir='ltr'>mordebit</span> 
     </span>
     <span class='ocr_line' id='line_1_54' title="bbox 835 3225 2322 3307; baseline -0.004 -16"><span class='ocrx_word' id='word_1_329' title='bbox 835 3248 979 3292; x_wconf 90' lang='lat' dir='ltr'>cum</span> <span class='ocrx_word' id='word_1_330' title='bbox 1011 3227 1280 3290; x_wconf 90' lang='lat' dir='ltr'>coluber.</span> <span class='ocrx_word' id='word_1_331' title='bbox 1297 3226 1619 3300; x_wconf 89' lang='lat' dir='ltr'>Quomodo</span> <span class='ocrx_word' id='word_1_332' title='bbox 1641 3244 1790 3306; x_wconf 86' lang='lat' dir='ltr'>ergo</span> <span class='ocrx_word' id='word_1_333' title='bbox 1812 3225 2103 3307; x_wconf 89' lang='lat' dir='ltr'>impietas</span> <span class='ocrx_word' id='word_1_334' title='bbox 2136 3225 2322 3286; x_wconf 88' lang='lat' dir='ltr'>unius</span> 
     </span>
     <span class='ocr_line' id='line_1_55' title="bbox 834 3324 2320 3406; baseline -0.003 -18"><span class='ocrx_word' id='word_1_335' title='bbox 834 3325 1062 3390; x_wconf 88' lang='lat' dir='ltr'>nociva</span> <span class='ocrx_word' id='word_1_336' title='bbox 1091 3333 1187 3389; x_wconf 89' lang='lat' dir='ltr'>est</span> <span class='ocrx_word' id='word_1_337' title='bbox 1214 3324 1445 3387; x_wconf 62' lang='lat' dir='ltr'>alteri?</span> <span class='ocrx_word' id='word_1_338' title='bbox 1473 3325 1549 3386; x_wconf 82' lang='lat' dir='ltr'>Et</span> <span class='ocrx_word' id='word_1_339' title='bbox 1578 3325 2115 3406; x_wconf 87' lang='lat' dir='ltr'>respondendum,</span> <span class='ocrx_word' id='word_1_340' title='bbox 2150 3325 2320 3404; x_wconf 83' lang='lat' dir='ltr'>quod</span> 
     </span>
     <span class='ocr_line' id='line_1_56' title="bbox 835 3421 2323 3506; baseline -0.003 -20"><span class='ocrx_word' id='word_1_341' title='bbox 835 3423 1149 3506; x_wconf 83' lang='lat' dir='ltr'>impietaS,</span> <span class='ocrx_word' id='word_1_342' title='bbox 1187 3422 1249 3484; x_wconf 92' lang='lat' dir='ltr'>id</span> <span class='ocrx_word' id='word_1_343' title='bbox 1296 3431 1392 3486; x_wconf 91' lang='lat' dir='ltr'>est</span> <span class='ocrx_word' id='word_1_344' title='bbox 1430 3421 1626 3504; x_wconf 91' lang='lat' dir='ltr'>impia</span> <span class='ocrx_word' id='word_1_345' title='bbox 1664 3430 1728 3484; x_wconf 91' lang='lat' dir='ltr'>et</span> <span class='ocrx_word' id='word_1_346' title='bbox 1765 3421 2039 3484; x_wconf 88' lang='lat' dir='ltr'>crudelis</span> <span class='ocrx_word' id='word_1_347' title='bbox 2086 3441 2200 3484; x_wconf 89' lang='lat' dir='ltr'>sen</span> <span class='ocrx_word' id='word_1_348' title='bbox 2231 3422 2323 3484; x_wconf 79' lang='lat' dir='ltr'>vi-</span> 
     </span>
     <span class='ocr_line' id='line_1_57' title="bbox 836 3519 2322 3598; baseline -0.001 -15"><span class='ocrx_word' id='word_1_349' title='bbox 836 3523 993 3584; x_wconf 90' lang='lat' dir='ltr'>tiosa</span> <span class='ocrx_word' id='word_1_350' title='bbox 1031 3522 1197 3584; x_wconf 90' lang='lat' dir='ltr'>actio</span> <span class='ocrx_word' id='word_1_351' title='bbox 1236 3521 1446 3598; x_wconf 80' lang='lat' dir='ltr'>uniuS,</span> <span class='ocrx_word' id='word_1_352' title='bbox 1485 3521 1709 3584; x_wconf 91' lang='lat' dir='ltr'>nociva</span> <span class='ocrx_word' id='word_1_353' title='bbox 1742 3529 1837 3582; x_wconf 89' lang='lat' dir='ltr'>est</span> <span class='ocrx_word' id='word_1_354' title='bbox 1869 3519 2049 3582; x_wconf 89' lang='lat' dir='ltr'>alteri</span> <span class='ocrx_word' id='word_1_355' title='bbox 2083 3519 2322 3582; x_wconf 89' lang='lat' dir='ltr'>directe</span> 
     </span>
     <span class='ocr_line' id='line_1_58' title="bbox 835 3618 2322 3700; baseline -0.001 -19"><span class='ocrx_word' id='word_1_356' title='bbox 835 3628 1215 3683; x_wconf 88' lang='lat' dir='ltr'>nocumento</span> <span class='ocrx_word' id='word_1_357' title='bbox 1246 3637 1449 3700; x_wconf 84' lang='lat' dir='ltr'>poenae</span> <span class='ocrx_word' id='word_1_358' title='bbox 1480 3637 1589 3681; x_wconf 88' lang='lat' dir='ltr'>seu</span> <span class='ocrx_word' id='word_1_359' title='bbox 1620 3619 1851 3680; x_wconf 89' lang='lat' dir='ltr'>damno</span> <span class='ocrx_word' id='word_1_360' title='bbox 1882 3618 2141 3700; x_wconf 89' lang='lat' dir='ltr'>poenali‚</span> <span class='ocrx_word' id='word_1_361' title='bbox 2169 3618 2322 3680; x_wconf 85' lang='lat' dir='ltr'>infe-</span> 
     </span>
     <span class='ocr_line' id='line_1_59' title="bbox 832 3716 2322 3798; baseline -0.001 -20"><span class='ocrx_word' id='word_1_362' title='bbox 832 3719 1027 3780; x_wconf 88' lang='lat' dir='ltr'>rendo</span> <span class='ocrx_word' id='word_1_363' title='bbox 1058 3719 1360 3778; x_wconf 90' lang='lat' dir='ltr'>damnum</span> <span class='ocrx_word' id='word_1_364' title='bbox 1391 3717 1455 3778; x_wconf 91' lang='lat' dir='ltr'>in</span> <span class='ocrx_word' id='word_1_365' title='bbox 1489 3735 1780 3798; x_wconf 87' lang='lat' dir='ltr'>persona,</span> <span class='ocrx_word' id='word_1_366' title='bbox 1815 3716 2192 3791; x_wconf 83' lang='lat' dir='ltr'>substantia,</span> <span class='ocrx_word' id='word_1_367' title='bbox 2231 3716 2322 3777; x_wconf 84' lang='lat' dir='ltr'>fa-</span> 
     </span>
     <span class='ocr_line' id='line_1_60' title="bbox 834 3815 2322 3896; baseline -0.001 -18"><span class='ocrx_word' id='word_1_368' title='bbox 834 3837 957 3892; x_wconf 89' lang='lat' dir='ltr'>ma,</span> <span class='ocrx_word' id='word_1_369' title='bbox 988 3825 1098 3877; x_wconf 89' lang='lat' dir='ltr'>aut</span> <span class='ocrx_word' id='word_1_370' title='bbox 1128 3815 1369 3892; x_wconf 86' lang='lat' dir='ltr'>sobole,</span> <span class='ocrx_word' id='word_1_371' title='bbox 1404 3823 1473 3876; x_wconf 90' lang='lat' dir='ltr'>ut</span> <span class='ocrx_word' id='word_1_372' title='bbox 1504 3823 1677 3896; x_wconf 89' lang='lat' dir='ltr'>patet</span> <span class='ocrx_word' id='word_1_373' title='bbox 1704 3815 1783 3877; x_wconf 90' lang='lat' dir='ltr'>de</span> <span class='ocrx_word' id='word_1_374' title='bbox 1814 3815 2181 3891; x_wconf 82' lang='lat' dir='ltr'>homicidiO,</span> <span class='ocrx_word' id='word_1_375' title='bbox 2217 3815 2322 3877; x_wconf 86' lang='lat' dir='ltr'>ob·</span> 
     </span>
     <span class='ocr_line' id='line_1_61' title="bbox 831 3912 2316 3994; baseline -0.001 -18"><span class='ocrx_word' id='word_1_376' title='bbox 831 3914 1152 3978; x_wconf 88' lang='lat' dir='ltr'>locutione</span> <span class='ocrx_word' id='word_1_377' title='bbox 1182 3922 1243 3976; x_wconf 92' lang='lat' dir='ltr'>et</span> <span class='ocrx_word' id='word_1_378' title='bbox 1276 3912 1465 3974; x_wconf 83' lang='lat' dir='ltr'>furto.</span> <span class='ocrx_word' id='word_1_379' title='bbox 1486 3913 1800 3974; x_wconf 89' lang='lat' dir='ltr'>lnterdum</span> <span class='ocrx_word' id='word_1_380' title='bbox 1836 3913 2022 3975; x_wconf 89' lang='lat' dir='ltr'>etiam</span> <span class='ocrx_word' id='word_1_381' title='bbox 2056 3914 2316 3994; x_wconf 86' lang='lat' dir='ltr'>etquasi</span> 
     </span>
     <span class='ocr_line' id='line_1_62' title="bbox 833 4011 2321 4093; baseline 0 -19"><span class='ocrx_word' id='word_1_382' title='bbox 833 4012 1160 4089; x_wconf 89' lang='lat' dir='ltr'>indirecte,</span> <span class='ocrx_word' id='word_1_383' title='bbox 1210 4011 1397 4093; x_wconf 90' lang='lat' dir='ltr'>culpa</span> <span class='ocrx_word' id='word_1_384' title='bbox 1444 4011 1631 4072; x_wconf 89' lang='lat' dir='ltr'>unius</span> <span class='ocrx_word' id='word_1_385' title='bbox 1680 4020 1864 4074; x_wconf 88' lang='lat' dir='ltr'>nocet</span> <span class='ocrx_word' id='word_1_386' title='bbox 1904 4012 2084 4074; x_wconf 91' lang='lat' dir='ltr'>alteri</span> <span class='ocrx_word' id='word_1_387' title='bbox 2132 4031 2321 4074; x_wconf 91' lang='lat' dir='ltr'>noeu-</span> 
     </span>
     <span class='ocr_line' id='line_1_63' title="bbox 832 4109 2322 4192; baseline 0.002 -20"><span class='ocrx_word' id='word_1_388' title='bbox 832 4120 1046 4174; x_wconf 87' lang='lat' dir='ltr'>mento</span> <span class='ocrx_word' id='word_1_389' title='bbox 1090 4109 1421 4192; x_wconf 89' lang='lat' dir='ltr'>culpabili,</span> <span class='ocrx_word' id='word_1_390' title='bbox 1453 4109 1517 4170; x_wconf 92' lang='lat' dir='ltr'>in</span> <span class='ocrx_word' id='word_1_391' title='bbox 1564 4118 1873 4191; x_wconf 89' lang='lat' dir='ltr'>quantum</span> <span class='ocrx_word' id='word_1_392' title='bbox 1918 4119 2013 4172; x_wconf 90' lang='lat' dir='ltr'>est</span> <span class='ocrx_word' id='word_1_393' title='bbox 2061 4111 2186 4172; x_wconf 90' lang='lat' dir='ltr'>sibi</span> <span class='ocrx_word' id='word_1_394' title='bbox 2219 4131 2322 4175; x_wconf 91' lang='lat' dir='ltr'>oc—</span> 
     </span>
    </p>
   </div>
   <div class='ocr_carea' id='block_1_21' title="bbox 831 4207 2606 4289">
    <p class='ocr_par' dir='ltr' id='par_1_22' title="bbox 831 4207 2606 4289">
     <span class='ocr_line' id='line_1_64' title="bbox 831 4207 2606 4289; baseline -0.002 -18"><span class='ocrx_word' id='word_1_395' title='bbox 831 4209 1001 4271; x_wconf 90' lang='lat' dir='ltr'>casio</span> <span class='ocrx_word' id='word_1_396' title='bbox 1031 4208 1467 4289; x_wconf 90' lang='lat' dir='ltr'>delinquendi.</span> <span class='ocrx_word' id='word_1_397' title='bbox 1502 4207 1866 4270; x_wconf 87' lang='lat' dir='ltr'>Immediate</span> <span class='ocrx_word' id='word_1_398' title='bbox 1906 4215 2113 4270; x_wconf 87' lang='lat' dir='ltr'>tamen</span> <span class='ocrx_word' id='word_1_399' title='bbox 2161 4209 2322 4272; x_wconf 90' lang='lat' dir='ltr'>alter</span> <span class='ocrx_word' id='word_1_400' title='bbox 2353 4212 2402 4272; x_wconf 91' lang='lat' dir='ltr'><strong>D</strong></span> <span class='ocrx_word' id='word_1_401' title='bbox 2432 4227 2538 4268; x_wconf 88' lang='lat' dir='ltr'>sus</span> <span class='ocrx_word' id='word_1_402' title='bbox 2593 4225 2606 4267; x_wconf 75' lang='grc' dir='ltr'>ε</span> 
     </span>
    </p>
   </div>
   <div class='ocr_carea' id='block_1_22' title="bbox 831 4306 2324 5367">
    <p class='ocr_par' dir='ltr' id='par_1_23' title="bbox 834 4306 2323 4779">
     <span class='ocr_line' id='line_1_65' title="bbox 834 4306 2320 4389; baseline -0.001 -21"><span class='ocrx_word' id='word_1_403' title='bbox 834 4327 961 4371; x_wconf 92' lang='lat' dir='ltr'>non</span> <span class='ocrx_word' id='word_1_404' title='bbox 1008 4306 1235 4369; x_wconf 86' lang='lat' dir='ltr'>incidit</span> <span class='ocrx_word' id='word_1_405' title='bbox 1276 4306 1531 4387; x_wconf 88' lang='lat' dir='ltr'>eulpam</span> <span class='ocrx_word' id='word_1_406' title='bbox 1576 4306 1993 4386; x_wconf 89' lang='lat' dir='ltr'>personalem,</span> <span class='ocrx_word' id='word_1_407' title='bbox 2039 4306 2164 4367; x_wconf 91' lang='lat' dir='ltr'>nisi</span> <span class='ocrx_word' id='word_1_408' title='bbox 2207 4325 2320 4389; x_wconf 89' lang='lat' dir='ltr'>per</span> 
     </span>
     <span class='ocr_line' id='line_1_66' title="bbox 835 4404 2323 4488; baseline -0.001 -20"><span class='ocrx_word' id='word_1_409' title='bbox 835 4404 1155 4488; x_wconf 89' lang='lat' dir='ltr'>propriam</span> <span class='ocrx_word' id='word_1_410' title='bbox 1196 4404 1611 4480; x_wconf 86' lang='lat' dir='ltr'>voluntatem,</span> <span class='ocrx_word' id='word_1_411' title='bbox 1648 4405 1994 4466; x_wconf 89' lang='lat' dir='ltr'>secundum</span> <span class='ocrx_word' id='word_1_412' title='bbox 2025 4404 2323 4484; x_wconf 83' lang='lat' dir='ltr'>Augusti-</span> 
     </span>
     <span class='ocr_line' id='line_1_67' title="bbox 834 4502 2323 4583; baseline 0.001 -19"><span class='ocrx_word' id='word_1_413' title='bbox 834 4523 1010 4578; x_wconf 90' lang='lat' dir='ltr'>num,</span> <span class='ocrx_word' id='word_1_414' title='bbox 1057 4503 1375 4565; x_wconf 88' lang='lat' dir='ltr'>dicentem</span> <span class='ocrx_word' id='word_1_415' title='bbox 1424 4502 1594 4582; x_wconf 87' lang='lat' dir='ltr'>quod</span> <span class='ocrx_word' id='word_1_416' title='bbox 1644 4511 1971 4583; x_wconf 88' lang='lat' dir='ltr'>peccatum</span> <span class='ocrx_word' id='word_1_417' title='bbox 2018 4504 2178 4565; x_wconf 89' lang='lat' dir='ltr'>adeo</span> <span class='ocrx_word' id='word_1_418' title='bbox 2227 4512 2323 4566; x_wconf 90' lang='lat' dir='ltr'>est</span> 
     </span>
     <span class='ocr_line' id='line_1_68' title="bbox 834 4601 2322 4681; baseline 0.001 -18"><span class='ocrx_word' id='word_1_419' title='bbox 834 4601 1284 4676; x_wconf 88' lang='lat' dir='ltr'>voluntarium,</span> <span class='ocrx_word' id='word_1_420' title='bbox 1338 4601 1506 4681; x_wconf 92' lang='lat' dir='ltr'>quod</span> <span class='ocrx_word' id='word_1_421' title='bbox 1558 4601 1611 4662; x_wconf 92' lang='lat' dir='ltr'>si</span> <span class='ocrx_word' id='word_1_422' title='bbox 1656 4618 1783 4662; x_wconf 92' lang='lat' dir='ltr'>non</span> <span class='ocrx_word' id='word_1_423' title='bbox 1834 4610 1999 4663; x_wconf 88' lang='lat' dir='ltr'>esset</span> <span class='ocrx_word' id='word_1_424' title='bbox 2039 4602 2322 4664; x_wconf 89' lang='lat' dir='ltr'>volunta-</span> 
     </span>
     <span class='ocr_line' id='line_1_69' title="bbox 834 4699 1767 4779; baseline -0.004 -19"><span class='ocrx_word' id='word_1_425' title='bbox 834 4699 1021 4776; x_wconf 91' lang='lat' dir='ltr'>rium,</span> <span class='ocrx_word' id='word_1_426' title='bbox 1059 4717 1186 4760; x_wconf 90' lang='lat' dir='ltr'>non</span> <span class='ocrx_word' id='word_1_427' title='bbox 1217 4705 1385 4760; x_wconf 88' lang='lat' dir='ltr'>esset</span> <span class='ocrx_word' id='word_1_428' title='bbox 1412 4705 1767 4779; x_wconf 88' lang='lat' dir='ltr'>peccatum.</span> 
     </span>
    </p>

    <p class='ocr_par' dir='ltr' id='par_1_24' title="bbox 831 4795 2324 5367">
     <span class='ocr_line' id='line_1_70' title="bbox 930 4795 2322 4874; baseline -0.001 -16"><span class='ocrx_word' id='word_1_429' title='bbox 930 4800 1013 4858; x_wconf 72' lang='lat' dir='ltr'>Ec</span> <span class='ocrx_word' id='word_1_430' title='bbox 1068 4799 1288 4874; x_wconf 73' lang='lat' dir='ltr'>filium</span> <span class='ocrx_word' id='word_1_431' title='bbox 1342 4798 1623 4856; x_wconf 78' lang='lat' dir='ltr'>hominis</span> <span class='ocrx_word' id='word_1_432' title='bbox 1669 4795 2012 4872; x_wconf 70' lang='lat' dir='ltr'>adjuvabit</span> <span class='ocrx_word' id='word_1_433' title='bbox 2047 4796 2322 4872; x_wconf 71' lang='lat' dir='ltr'>justitia</span> 
     </span>
     <span class='ocr_line' id='line_1_71' title="bbox 834 4892 2317 4975; baseline -0.001 -19"><span class='ocrx_word' id='word_1_434' title='bbox 834 4905 967 4957; x_wconf 77' lang='lat' dir='ltr'>tua.</span> <span class='ocrx_word' id='word_1_435' title='bbox 996 4895 1208 4957; x_wconf 82' lang='lat' dir='ltr'>Virtus</span> <span class='ocrx_word' id='word_1_436' title='bbox 1247 4894 1417 4956; x_wconf 89' lang='lat' dir='ltr'>enim</span> <span class='ocrx_word' id='word_1_437' title='bbox 1449 4902 1511 4955; x_wconf 86' lang='lat' dir='ltr'>et</span> <span class='ocrx_word' id='word_1_438' title='bbox 1540 4892 1852 4975; x_wconf 87' lang='lat' dir='ltr'>perfectio</span> <span class='ocrx_word' id='word_1_439' title='bbox 1883 4892 2073 4953; x_wconf 92' lang='lat' dir='ltr'>unius</span> <span class='ocrx_word' id='word_1_440' title='bbox 2110 4893 2317 4969; x_wconf 89' lang='lat' dir='ltr'>alteri,</span> 
     </span>
     <span class='ocr_line' id='line_1_72' title="bbox 832 4990 2321 5074; baseline -0.002 -20"><span class='ocrx_word' id='word_1_441' title='bbox 832 4993 960 5057; x_wconf 90' lang='lat' dir='ltr'>imo</span> <span class='ocrx_word' id='word_1_442' title='bbox 992 5001 1054 5056; x_wconf 88' lang='lat' dir='ltr'>et</span> <span class='ocrx_word' id='word_1_443' title='bbox 1097 4992 1313 5054; x_wconf 86' lang='lat' dir='ltr'>multis</span> <span class='ocrx_word' id='word_1_444' title='bbox 1360 4993 1637 5074; x_wconf 87' lang='lat' dir='ltr'>prodest,</span> <span class='ocrx_word' id='word_1_445' title='bbox 1675 4991 1911 5054; x_wconf 90' lang='lat' dir='ltr'>bonum</span> <span class='ocrx_word' id='word_1_446' title='bbox 1960 4990 2321 5072; x_wconf 89' lang='lat' dir='ltr'>exemplum</span> 
     </span>
     <span class='ocr_line' id='line_1_73' title="bbox 832 5089 2324 5174; baseline -0.003 -21"><span class='ocrx_word' id='word_1_447' title='bbox 832 5093 1214 5174; x_wconf 81' lang='lat' dir='ltr'>praestand0‚</span> <span class='ocrx_word' id='word_1_448' title='bbox 1259 5090 1511 5155; x_wconf 90' lang='lat' dir='ltr'>veniam</span> <span class='ocrx_word' id='word_1_449' title='bbox 1554 5099 1617 5153; x_wconf 89' lang='lat' dir='ltr'>et</span> <span class='ocrx_word' id='word_1_450' title='bbox 1658 5089 1926 5170; x_wconf 87' lang='lat' dir='ltr'>gratiam</span> <span class='ocrx_word' id='word_1_451' title='bbox 1978 5089 2324 5170; x_wconf 89' lang='lat' dir='ltr'>impetran-</span> 
     </span>
     <span class='ocr_line' id='line_1_74' title="bbox 831 5186 2321 5270; baseline -0.003 -18"><span class='ocrx_word' id='word_1_452' title='bbox 831 5190 933 5264; x_wconf 88' lang='lat' dir='ltr'>do,</span> <span class='ocrx_word' id='word_1_453' title='bbox 968 5191 1046 5252; x_wconf 93' lang='lat' dir='ltr'>ad</span> <span class='ocrx_word' id='word_1_454' title='bbox 1087 5189 1399 5251; x_wconf 87' lang='lat' dir='ltr'>cautelam</span> <span class='ocrx_word' id='word_1_455' title='bbox 1439 5188 1769 5270; x_wconf 88' lang='lat' dir='ltr'>providam</span> <span class='ocrx_word' id='word_1_456' title='bbox 1815 5186 2196 5261; x_wconf 90' lang='lat' dir='ltr'>inducendo,</span> <span class='ocrx_word' id='word_1_457' title='bbox 2239 5186 2321 5248; x_wconf 90' lang='lat' dir='ltr'>ab</span> 
     </span>
     <span class='ocr_line' id='line_1_75' title="bbox 832 5284 2318 5367; baseline -0.001 -19"><span class='ocrx_word' id='word_1_458' title='bbox 832 5286 1156 5350; x_wconf 86' lang='lat' dir='ltr'>erroribus</span> <span class='ocrx_word' id='word_1_459' title='bbox 1186 5286 1581 5367; x_wconf 85' lang='lat' dir='ltr'>corrigendo,</span> <span class='ocrx_word' id='word_1_460' title='bbox 1604 5287 1683 5348; x_wconf 91' lang='lat' dir='ltr'>ad</span> <span class='ocrx_word' id='word_1_461' title='bbox 1710 5285 1992 5348; x_wconf 86' lang='lat' dir='ltr'>veritatis</span> <span class='ocrx_word' id='word_1_462' title='bbox 2023 5284 2318 5346; x_wconf 90' lang='lat' dir='ltr'>notitiam</span> 
     </span>
    </p>
   </div>
   <div class='ocr_carea' id='block_1_23' title="bbox 2433 3113 4012 3501">
    <p class='ocr_par' dir='ltr' id='par_1_25' title="bbox 2433 3113 4012 3501">
     <span class='ocr_line' id='line_1_76' title="bbox 2435 3113 4012 3208; baseline 0 -22"><span class='ocrx_word' id='word_1_463' title='bbox 2435 3135 2664 3188; x_wconf 86' lang='lat' dir='ltr'>verunt</span> <span class='ocrx_word' id='word_1_464' title='bbox 2699 3127 2780 3188; x_wconf 94' lang='lat' dir='ltr'>ad</span> <span class='ocrx_word' id='word_1_465' title='bbox 2828 3125 3166 3188; x_wconf 89' lang='lat' dir='ltr'>Dominum</span> <span class='ocrx_word' id='word_1_466' title='bbox 3217 3125 3282 3186; x_wconf 92' lang='lat' dir='ltr'>in</span> <span class='ocrx_word' id='word_1_467' title='bbox 3321 3125 3610 3206; x_wconf 78' lang='lat' dir='ltr'>AEgypto,</span> <span class='ocrx_word' id='word_1_468' title='bbox 3663 3113 4012 3208; x_wconf 69' lang='lat' dir='ltr'>propter²³</span> 
     </span>
     <span class='ocr_line' id='line_1_77' title="bbox 2435 3223 3922 3304; baseline 0 -20"><span class='ocrx_word' id='word_1_469' title='bbox 2435 3223 2910 3286; x_wconf 83' lang='lat' dir='ltr'>multitudinem</span> <span class='ocrx_word' id='word_1_470' title='bbox 2932 3224 3085 3304; x_wconf 67' lang='lat' dir='ltr'>AEgJ</span> <span class='ocrx_word' id='word_1_471' title='bbox 3091 3223 3368 3304; x_wconf 85' lang='lat' dir='ltr'>ptiorum</span> <span class='ocrx_word' id='word_1_472' title='bbox 3390 3223 3922 3285; x_wconf 89' lang='lat' dir='ltr'>calumniantium</span> 
     </span>
     <span class='ocr_line' id='line_1_78' title="bbox 2433 3321 3926 3384; baseline -0.001 0"><span class='ocrx_word' id='word_1_473' title='bbox 2433 3341 2563 3384; x_wconf 82' lang='lat' dir='ltr'>eOS.</span> <span class='ocrx_word' id='word_1_474' title='bbox 2589 3321 2758 3383; x_wconf 90' lang='lat' dir='ltr'>Talis</span> <span class='ocrx_word' id='word_1_475' title='bbox 2786 3330 2998 3384; x_wconf 87' lang='lat' dir='ltr'>autem</span> <span class='ocrx_word' id='word_1_476' title='bbox 3031 3321 3268 3384; x_wconf 90' lang='lat' dir='ltr'>clamor</span> <span class='ocrx_word' id='word_1_477' title='bbox 3299 3322 3475 3384; x_wconf 90' lang='lat' dir='ltr'>venit</span> <span class='ocrx_word' id='word_1_478' title='bbox 3503 3321 3824 3384; x_wconf 85' lang='lat' dir='ltr'>interdum</span> <span class='ocrx_word' id='word_1_479' title='bbox 3845 3339 3926 3384; x_wconf 87' lang='lat' dir='ltr'>ex</span> 
     </span>
     <span class='ocr_line' id='line_1_79' title="bbox 2433 3419 3924 3501; baseline -0.001 -19"><span class='ocrx_word' id='word_1_480' title='bbox 2433 3421 2565 3483; x_wconf 88' lang='lat' dir='ltr'>zelo</span> <span class='ocrx_word' id='word_1_481' title='bbox 2593 3420 2878 3500; x_wconf 85' lang='lat' dir='ltr'>justitiae,</span> <span class='ocrx_word' id='word_1_482' title='bbox 2914 3427 3102 3501; x_wconf 92' lang='lat' dir='ltr'>prout</span> <span class='ocrx_word' id='word_1_483' title='bbox 3131 3420 3196 3480; x_wconf 94' lang='lat' dir='ltr'>in</span> <span class='ocrx_word' id='word_1_484' title='bbox 3225 3419 3568 3498; x_wconf 81' lang='lat' dir='ltr'>Evangelio</span> <span class='ocrx_word' id='word_1_485' title='bbox 3597 3419 3687 3482; x_wconf 85' lang='lat' dir='ltr'>ait</span> <span class='ocrx_word' id='word_1_486' title='bbox 3715 3419 3924 3482; x_wconf 88' lang='lat' dir='ltr'>Salva-</span> 
     </span>
    </p>
   </div>
   <div class='ocr_carea' id='block_1_24' title="bbox 2433 3517 4212 3595">
    <p class='ocr_par' dir='ltr' id='par_1_26' title="bbox 2433 3517 4212 3595">
     <span class='ocr_line' id='line_1_80' title="bbox 2433 3517 4212 3595; baseline 0 -15"><span class='ocrx_word' id='word_1_487' title='bbox 2433 3528 2530 3581; x_wconf 90' lang='lat' dir='ltr'>tor</span> <span class='ocrx_word' id='word_1_488' title='bbox 2566 3537 2579 3580; x_wconf 80' lang='lat' dir='ltr'><strong><em>z</em></strong></span> <span class='ocrx_word' id='word_1_489' title='bbox 2614 3520 2777 3582; x_wconf 91' lang='lat' dir='ltr'>Deus</span> <span class='ocrx_word' id='word_1_490' title='bbox 2811 3537 2936 3581; x_wconf 91' lang='lat' dir='ltr'>non</span> <span class='ocrx_word' id='word_1_491' title='bbox 2973 3518 3164 3581; x_wconf 86' lang='lat' dir='ltr'>faciet</span> <span class='ocrx_word' id='word_1_492' title='bbox 3191 3518 3538 3582; x_wconf 87' lang='lat' dir='ltr'>vindictam</span> <span class='ocrx_word' id='word_1_493' title='bbox 3571 3517 3916 3581; x_wconf 88' lang='lat' dir='ltr'>electorum</span> <span class='ocrx_word' id='word_1_494' title='bbox 3947 3548 4212 3595; x_wconf 40' lang='lat' dir='ltr'>Mamm:</span> 
     </span>
    </p>
   </div>
   <div class='ocr_carea' id='block_1_25' title="bbox 2432 3617 3922 3796">
    <p class='ocr_par' dir='ltr' id='par_1_27' title="bbox 2432 3617 3922 3796">
     <span class='ocr_line' id='line_1_81' title="bbox 2432 3617 3918 3694; baseline -0.001 -15"><span class='ocrx_word' id='word_1_495' title='bbox 2432 3637 2713 3694; x_wconf 88' lang='lat' dir='ltr'>suorum,</span> <span class='ocrx_word' id='word_1_496' title='bbox 2759 3617 3170 3680; x_wconf 88' lang='lat' dir='ltr'>clamantium</span> <span class='ocrx_word' id='word_1_497' title='bbox 3211 3618 3289 3678; x_wconf 91' lang='lat' dir='ltr'>ad</span> <span class='ocrx_word' id='word_1_498' title='bbox 3327 3636 3394 3679; x_wconf 87' lang='lat' dir='ltr'>se</span> <span class='ocrx_word' id='word_1_499' title='bbox 3434 3617 3536 3678; x_wconf 92' lang='lat' dir='ltr'>die</span> <span class='ocrx_word' id='word_1_500' title='bbox 3573 3636 3646 3679; x_wconf 91' lang='lat' dir='ltr'>ac</span> <span class='ocrx_word' id='word_1_501' title='bbox 3689 3621 3918 3680; x_wconf 70' lang='lat' dir='ltr'>nocte?</span> 
     </span>
     <span class='ocr_line' id='line_1_82' title="bbox 2433 3714 3922 3796; baseline 0 -19"><span class='ocrx_word' id='word_1_502' title='bbox 2433 3725 2734 3796; x_wconf 86' lang='lat' dir='ltr'>tanquam</span> <span class='ocrx_word' id='word_1_503' title='bbox 2764 3715 2949 3790; x_wconf 87' lang='lat' dir='ltr'>dieat,</span> <span class='ocrx_word' id='word_1_504' title='bbox 2977 3715 3106 3778; x_wconf 91' lang='lat' dir='ltr'>lmo</span> <span class='ocrx_word' id='word_1_505' title='bbox 3136 3714 3355 3796; x_wconf 88' lang='lat' dir='ltr'>utique</span> <span class='ocrx_word' id='word_1_506' title='bbox 3381 3714 3758 3777; x_wconf 84' lang='lat' dir='ltr'>faciet.Nam</span> <span class='ocrx_word' id='word_1_507' title='bbox 3781 3715 3922 3777; x_wconf 89' lang='lat' dir='ltr'>sub-</span> 
     </span>
    </p>
   </div>
   <div class='ocr_carea' id='block_1_26' title="bbox 2429 3911 3926 5366">
    <p class='ocr_par' dir='ltr' id='par_1_28' title="bbox 2429 3911 3926 5366">
     <span class='ocr_line' id='line_1_83' title="bbox 2430 3911 3920 3992; baseline -0.001 -19"><span class='ocrx_word' id='word_1_508' title='bbox 2430 3911 2708 3974; x_wconf 90' lang='lat' dir='ltr'>illorum.</span> <span class='ocrx_word' id='word_1_509' title='bbox 2757 3913 2940 3972; x_wconf 86' lang='lat' dir='ltr'>Juxta</span> <span class='ocrx_word' id='word_1_510' title='bbox 2993 3911 3156 3974; x_wconf 89' lang='lat' dir='ltr'>hanc</span> <span class='ocrx_word' id='word_1_511' title='bbox 3215 3911 3696 3992; x_wconf 86' lang='lat' dir='ltr'>expositionem,</span> <span class='ocrx_word' id='word_1_512' title='bbox 3747 3912 3920 3992; x_wconf 89' lang='lat' dir='ltr'>quod</span> 
     </span>
     <span class='ocr_line' id='line_1_84' title="bbox 2429 4005 3918 4090; baseline -0.003 -16"><span class='ocrx_word' id='word_1_513' title='bbox 2429 4005 2685 4085; x_wconf 89' lang='lat' dir='ltr'>dieitur,</span> <span class='ocrx_word' id='word_1_514' title='bbox 2728 4007 3291 4084; x_wconf 81' lang='lat' dir='ltr'>calumniatorum,</span> <span class='ocrx_word' id='word_1_515' title='bbox 3335 4007 3540 4070; x_wconf 88' lang='lat' dir='ltr'>active</span> <span class='ocrx_word' id='word_1_516' title='bbox 3581 4008 3918 4090; x_wconf 87' lang='lat' dir='ltr'>accipitur.</span> 
     </span>
     <span class='ocr_line' id='line_1_85' title="bbox 2429 4106 3924 4188; baseline 0 -20"><span class='ocrx_word' id='word_1_517' title='bbox 2429 4109 2639 4171; x_wconf 87' lang='lat' dir='ltr'>Potest</span> <span class='ocrx_word' id='word_1_518' title='bbox 2686 4125 2940 4188; x_wconf 90' lang='lat' dir='ltr'>quoque</span> <span class='ocrx_word' id='word_1_519' title='bbox 2981 4106 3146 4168; x_wconf 89' lang='lat' dir='ltr'>sumi</span> <span class='ocrx_word' id='word_1_520' title='bbox 3189 4107 3461 4188; x_wconf 85' lang='lat' dir='ltr'>passive,</span> <span class='ocrx_word' id='word_1_521' title='bbox 3489 4107 3747 4187; x_wconf 87' lang='lat' dir='ltr'>eritque</span> <span class='ocrx_word' id='word_1_522' title='bbox 3785 4127 3924 4169; x_wconf 87' lang='lat' dir='ltr'>sen—</span> 
     </span>
     <span class='ocr_line' id='line_1_86' title="bbox 2661 4204 3924 4286; baseline 0 -19"><span class='ocrx_word' id='word_1_523' title='bbox 2661 4207 2922 4286; x_wconf 91' lang='lat' dir='ltr'>Propter</span> <span class='ocrx_word' id='word_1_524' title='bbox 2979 4204 3456 4267; x_wconf 87' lang='lat' dir='ltr'>multitudinem</span> <span class='ocrx_word' id='word_1_525' title='bbox 3507 4205 3924 4283; x_wconf 87' lang='lat' dir='ltr'>calumniato-</span> 
     </span>
     <span class='ocr_line' id='line_1_87' title="bbox 2433 4301 3924 4383; baseline -0.001 -19"><span class='ocrx_word' id='word_1_526' title='bbox 2433 4323 2594 4379; x_wconf 91' lang='lat' dir='ltr'>rum,</span> <span class='ocrx_word' id='word_1_527' title='bbox 2631 4303 2694 4364; x_wconf 93' lang='lat' dir='ltr'>id</span> <span class='ocrx_word' id='word_1_528' title='bbox 2727 4311 2822 4364; x_wconf 87' lang='lat' dir='ltr'>est</span> <span class='ocrx_word' id='word_1_529' title='bbox 2854 4301 3153 4382; x_wconf 88' lang='lat' dir='ltr'>injuriam</span> <span class='ocrx_word' id='word_1_530' title='bbox 3183 4301 3682 4382; x_wconf 83' lang='lat' dir='ltr'>violentiamque</span> <span class='ocrx_word' id='word_1_531' title='bbox 3713 4321 3924 4383; x_wconf 86' lang='lat' dir='ltr'>passo-</span> 
     </span>
     <span class='ocr_line' id='line_1_88' title="bbox 2432 4401 3924 4481; baseline 0.001 -19"><span class='ocrx_word' id='word_1_532' title='bbox 2432 4422 2594 4479; x_wconf 90' lang='lat' dir='ltr'>rum,</span> <span class='ocrx_word' id='word_1_533' title='bbox 2659 4401 3025 4464; x_wconf 87' lang='lat' dir='ltr'>clamabunt</span> <span class='ocrx_word' id='word_1_534' title='bbox 3081 4401 3602 4476; x_wconf 80' lang='lat' dir='ltr'>calumniatoreS,</span> <span class='ocrx_word' id='word_1_535' title='bbox 3666 4401 3924 4481; x_wconf 85' lang='lat' dir='ltr'>quando</span> 
     </span>
     <span class='ocr_line' id='line_1_89' title="bbox 2431 4499 3924 4582; baseline -0.001 -21"><span class='ocrx_word' id='word_1_536' title='bbox 2431 4520 2547 4582; x_wconf 90' lang='lat' dir='ltr'>pro</span> <span class='ocrx_word' id='word_1_537' title='bbox 2592 4500 2725 4562; x_wconf 93' lang='lat' dir='ltr'>suis</span> <span class='ocrx_word' id='word_1_538' title='bbox 2766 4499 3042 4581; x_wconf 89' lang='lat' dir='ltr'>peccatis</span> <span class='ocrx_word' id='word_1_539' title='bbox 3085 4499 3300 4562; x_wconf 88' lang='lat' dir='ltr'>debita</span> <span class='ocrx_word' id='word_1_540' title='bbox 3344 4499 3753 4563; x_wconf 84' lang='lat' dir='ltr'>sustinebunt</span> <span class='ocrx_word' id='word_1_541' title='bbox 3804 4509 3924 4562; x_wconf 89' lang='lat' dir='ltr'>tor-</span> 
     </span>
     <span class='ocr_line' id='line_1_90' title="bbox 2433 4597 3921 4679; baseline -0.002 -18"><span class='ocrx_word' id='word_1_542' title='bbox 2433 4607 2667 4663; x_wconf 87' lang='lat' dir='ltr'>menta.</span> <span class='ocrx_word' id='word_1_543' title='bbox 2688 4599 2894 4660; x_wconf 89' lang='lat' dir='ltr'>Prima</span> <span class='ocrx_word' id='word_1_544' title='bbox 2929 4606 3139 4660; x_wconf 88' lang='lat' dir='ltr'>tamen</span> <span class='ocrx_word' id='word_1_545' title='bbox 3159 4598 3472 4679; x_wconf 86' lang='lat' dir='ltr'>expositio</span> <span class='ocrx_word' id='word_1_546' title='bbox 3505 4597 3921 4678; x_wconf 87' lang='lat' dir='ltr'>sequentibus</span> 
     </span>
     <span class='ocr_line' id='line_1_91' title="bbox 2431 4696 3924 4778; baseline -0.003 -18"><span class='ocrx_word' id='word_1_547' title='bbox 2431 4697 2704 4778; x_wconf 90' lang='lat' dir='ltr'>amplius</span> <span class='ocrx_word' id='word_1_548' title='bbox 2735 4705 3061 4760; x_wconf 89' lang='lat' dir='ltr'>consonat.</span> <span class='ocrx_word' id='word_1_549' title='bbox 3097 4696 3248 4758; x_wconf 91' lang='lat' dir='ltr'>Nam</span> <span class='ocrx_word' id='word_1_550' title='bbox 3280 4696 3570 4776; x_wconf 87' lang='lat' dir='ltr'>sequitur</span> <span class='ocrx_word' id='word_1_551' title='bbox 3593 4713 3607 4757; x_wconf 73' lang='grc' dir='ltr'><strong><em>ε</em></strong></span> <span class='ocrx_word' id='word_1_552' title='bbox 3629 4708 3690 4758; x_wconf 78' lang='lat' dir='ltr'>ec</span> <span class='ocrx_word' id='word_1_553' title='bbox 3715 4697 3924 4773; x_wconf 62' lang='lat' dir='ltr'>‹jula-</span> 
     </span>
     <span class='ocr_line' id='line_1_92' title="bbox 2432 4793 3922 4873; baseline -0.001 -17"><span class='ocrx_word' id='word_1_554' title='bbox 2432 4801 2590 4857; x_wconf 75' lang='lat' dir='ltr'>Imnc</span> <span class='ocrx_word' id='word_1_555' title='bbox 2611 4806 2874 4873; x_wconf 78' lang='lat' dir='ltr'>propter</span> <span class='ocrx_word' id='word_1_556' title='bbox 2907 4798 3036 4856; x_wconf 84' lang='lat' dir='ltr'>vim</span> <span class='ocrx_word' id='word_1_557' title='bbox 3077 4797 3326 4855; x_wconf 79' lang='lat' dir='ltr'>brachii</span> <span class='ocrx_word' id='word_1_558' title='bbox 3364 4804 3824 4872; x_wconf 75' lang='lat' dir='ltr'>tyrannorum,</span> <span class='ocrx_word' id='word_1_559' title='bbox 3857 4793 3922 4856; x_wconf 87' lang='lat' dir='ltr'>id</span> 
     </span>
     <span class='ocr_line' id='line_1_93' title="bbox 2431 4891 3926 4976; baseline -0.003 -18"><span class='ocrx_word' id='word_1_560' title='bbox 2431 4903 2547 4971; x_wconf 89' lang='lat' dir='ltr'>est,</span> <span class='ocrx_word' id='word_1_561' title='bbox 2585 4894 3065 4976; x_wconf 86' lang='lat' dir='ltr'>impotentiores</span> <span class='ocrx_word' id='word_1_562' title='bbox 3109 4903 3174 4954; x_wconf 90' lang='lat' dir='ltr'>et</span> <span class='ocrx_word' id='word_1_563' title='bbox 3211 4893 3433 4973; x_wconf 89' lang='lat' dir='ltr'>inopes</span> <span class='ocrx_word' id='word_1_564' title='bbox 3482 4891 3737 4954; x_wconf 85' lang='lat' dir='ltr'>flebunt</span> <span class='ocrx_word' id='word_1_565' title='bbox 3783 4910 3926 4974; x_wconf 85' lang='lat' dir='ltr'>pro-</span> 
     </span>
     <span class='ocr_line' id='line_1_94' title="bbox 2432 4990 3925 5073; baseline 0 -19"><span class='ocrx_word' id='word_1_566' title='bbox 2432 5001 2571 5073; x_wconf 89' lang='lat' dir='ltr'>pter</span> <span class='ocrx_word' id='word_1_567' title='bbox 2619 4992 3098 5073; x_wconf 90' lang='lat' dir='ltr'>oppressionem</span> <span class='ocrx_word' id='word_1_568' title='bbox 3146 4999 3208 5053; x_wconf 91' lang='lat' dir='ltr'>et</span> <span class='ocrx_word' id='word_1_569' title='bbox 3246 4990 3696 5054; x_wconf 89' lang='lat' dir='ltr'>contumeliam</span> <span class='ocrx_word' id='word_1_570' title='bbox 3743 4991 3836 5054; x_wconf 90' lang='lat' dir='ltr'>eis</span> <span class='ocrx_word' id='word_1_571' title='bbox 3887 5013 3925 5054; x_wconf 90' lang='lat' dir='ltr'>a</span> 
     </span>
     <span class='ocr_line' id='line_1_95' title="bbox 2430 5088 3924 5171; baseline 0 -21"><span class='ocrx_word' id='word_1_572' title='bbox 2430 5091 2716 5171; x_wconf 50' lang='lat' dir='ltr'>’tyrannis</span> <span class='ocrx_word' id='word_1_573' title='bbox 2747 5097 2809 5151; x_wconf 89' lang='lat' dir='ltr'>et</span> <span class='ocrx_word' id='word_1_574' title='bbox 2838 5089 3016 5151; x_wconf 92' lang='lat' dir='ltr'>duris</span> <span class='ocrx_word' id='word_1_575' title='bbox 3061 5089 3326 5150; x_wconf 87' lang='lat' dir='ltr'>illatam.</span> <span class='ocrx_word' id='word_1_576' title='bbox 3359 5088 3533 5161; x_wconf 88' lang='lat' dir='ltr'>Quod</span> <span class='ocrx_word' id='word_1_577' title='bbox 3572 5088 3924 5170; x_wconf 84' lang='lat' dir='ltr'>spirituali-</span> 
     </span>
     <span class='ocr_line' id='line_1_96' title="bbox 2431 5185 3924 5268; baseline -0.001 -20"><span class='ocrx_word' id='word_1_578' title='bbox 2431 5195 2526 5250; x_wconf 87' lang='lat' dir='ltr'>ter</span> <span class='ocrx_word' id='word_1_579' title='bbox 2558 5187 2724 5248; x_wconf 90' lang='lat' dir='ltr'>sumi</span> <span class='ocrx_word' id='word_1_580' title='bbox 2756 5185 3546 5268; x_wconf 87' lang='lat' dir='ltr'>potest.Quemadmodum</span> <span class='ocrx_word' id='word_1_581' title='bbox 3579 5186 3751 5248; x_wconf 91' lang='lat' dir='ltr'>enim</span> <span class='ocrx_word' id='word_1_582' title='bbox 3783 5187 3924 5268; x_wconf 87' lang='lat' dir='ltr'>qui-</span> 
     </span>
     <span class='ocr_line' id='line_1_97' title="bbox 2432 5283 3922 5366; baseline -0.001 -18"><span class='ocrx_word' id='word_1_583' title='bbox 2432 5287 2576 5348; x_wconf 90' lang='lat' dir='ltr'>dam</span> <span class='ocrx_word' id='word_1_584' title='bbox 2621 5284 2976 5366; x_wconf 88' lang='lat' dir='ltr'>corporalia</span> <span class='ocrx_word' id='word_1_585' title='bbox 3017 5285 3252 5346; x_wconf 89' lang='lat' dir='ltr'>damna</span> <span class='ocrx_word' id='word_1_586' title='bbox 3303 5283 3608 5361; x_wconf 86' lang='lat' dir='ltr'>inferunt,</span> <span class='ocrx_word' id='word_1_587' title='bbox 3661 5301 3922 5364; x_wconf 87' lang='lat' dir='ltr'>persua-</span> 
     </span>
    </p>
   </div>
   <div class='ocr_carea' id='block_1_27' title="bbox 3739 673 4228 737">
    <p class='ocr_par' dir='ltr' id='par_1_29' title="bbox 3739 673 4228 737">
     <span class='ocr_line' id='line_1_98' title="bbox 3739 673 4228 737; baseline -0.002 -3"><span class='ocrx_word' id='word_1_588' title='bbox 3739 673 3928 734; x_wconf 76' lang='lat' dir='ltr'>Orate</span> <span class='ocrx_word' id='word_1_589' title='bbox 3951 695 4228 737; x_wconf 60' lang='lat' dir='ltr'>acroama.</span> 
     </span>
    </p>
   </div>
   <div class='ocr_carea' id='block_1_28' title="bbox 3959 1117 4025 1154">
    <p class='ocr_par' dir='ltr' id='par_1_30' title="bbox 3959 1117 4025 1154">
     <span class='ocr_line' id='line_1_99' title="bbox 3959 1117 4025 1154; baseline 0 -1"><span class='ocrx_word' id='word_1_590' title='bbox 3959 1117 4025 1154; x_wconf 77' lang='grc'>18</span> 
     </span>
    </p>
   </div>
   <div class='ocr_carea' id='block_1_29' title="bbox 3955 3044 4216 3151">
    <p class='ocr_par' dir='ltr' id='par_1_31' title="bbox 3955 3044 4216 3151">
     <span class='ocr_line' id='line_1_100' title="bbox 3955 3044 4216 3151; baseline 0.009 -61.406"><span class='ocrx_word' id='word_1_591' title='bbox 3955 3044 4152 3151; x_wconf 46' lang='lat'>³800&amp;</span> <span class='ocrx_word' id='word_1_592' title='bbox 4179 3063 4216 3092; x_wconf 74' lang='lat'>1·-</span> 
     </span>
    </p>
   </div>
   <div class='ocr_carea' id='block_1_30' title="bbox 2426 3812 4161 3894">
    <p class='ocr_par' dir='ltr' id='par_1_32' title="bbox 2426 3812 4161 3894">
     <span class='ocr_line' id='line_1_101' title="bbox 2426 3812 4161 3894; baseline -0.002 -19"><span class='ocrx_word' id='word_1_593' title='bbox 2426 3812 2601 3892; x_wconf 88' lang='lat' dir='ltr'>jeeit,</span> <span class='ocrx_word' id='word_1_594' title='bbox 2623 3813 2772 3876; x_wconf 89' lang='lat' dir='ltr'>Dico</span> <span class='ocrx_word' id='word_1_595' title='bbox 2804 3813 3008 3888; x_wconf 82' lang='lat' dir='ltr'>vobiS,</span> <span class='ocrx_word' id='word_1_596' title='bbox 3028 3812 3178 3894; x_wconf 91' lang='lat' dir='ltr'>quia</span> <span class='ocrx_word' id='word_1_597' title='bbox 3200 3813 3328 3874; x_wconf 88' lang='lat' dir='ltr'>cito</span> <span class='ocrx_word' id='word_1_598' title='bbox 3361 3812 3550 3874; x_wconf 88' lang='lat' dir='ltr'>faciet</span> <span class='ocrx_word' id='word_1_599' title='bbox 3573 3813 3918 3875; x_wconf 90' lang='lat' dir='ltr'>vindictam</span> <span class='ocrx_word' id='word_1_600' title='bbox 3976 3832 4102 3873; x_wconf 68' lang='grc' dir='ltr'><strong><em>[οι-α.</em></strong></span> <span class='ocrx_word' id='word_1_601' title='bbox 4125 3835 4161 3872; x_wconf 71' lang='grc' dir='ltr'>ε.</span> 
     </span>
    </p>
   </div>
  </div>
 </body>
</html>
