4309 6259
613 1572 781 1616 Malui.

848 479 968 543 562

1678 499 2025 547 ENARRATIO
2068 498 2127 543 IN
2173 497 2308 543 CAP.
2355 496 2464 542 xlx
2503 496 2629 541 1013.
2671 517 2754 526 —
2795 498 2938 543 Am.
2981 498 3120 543 xuv

846 668 1077 732 Christi
1134 668 1459 745 exhausto,
1512 677 1575 731 et
1633 687 1897 749 corpore
1954 666 2336 733 vulneribus
2369 666 2420 728 A
2450 667 2626 729 nium
2674 668 3126 749 Prophetarum
3174 667 3305 750 pati
3352 668 3672 731 Christum
3721 689 3934 746 suum,

846 766 1211 841 dilacerato,
1248 766 1833 849 violentissimeque
1861 766 2160 841 distent0,
2193 784 2340 827 caro

848 866 987 946 ejus
1028 882 1253 943 magna
1291 884 1367 926 ex
1405 873 1584 946 parte
1622 873 1945 928 attenuata
1988 872 2104 941 est,
2142 864 2228 925 ita
2271 872 2340 924 ut

848 982 991 1027 ossa
1045 962 1414 1026 viderentur
1472 964 1624 1045 pelli
1672 964 1932 1039 haerere,
1982 963 2135 1045 quia
2183 961 2342 1025 dila-

848 1081 968 1145 psa
1007 1060 1420 1143 dispersaque
1451 1062 1573 1125 fuit
1610 1082 1758 1126 caro
1792 1063 1933 1143 ejus
1972 1062 2336 1125 tenerrima.

850 1164 937 1224 Ec
963 1166 1270 1224 derelicta
1297 1172 1447 1223 sunt
1480 1166 1919 1223 tantummodo
1957 1164 2130 1222 labia
2164 1164 2340 1221 circa

850 1266 1068 1322 dentes
1098 1282 1285 1330 meos,
1306 1260 1369 1322 id
1413 1269 1528 1337 est,
1564 1260 1791 1323 ceteris
1835 1259 2139 1323 membris
2180 1258 2340 1321 meis

852 1378 969 1423 suo
996 1358 1220 1423 officio
1256 1359 1724 1439 quodammodo
1757 1357 2099 1434 destitutis,
2142 1357 2340 1420 solius

854 1458 1010 1520 mihi
1064 1458 1294 1537 linguae
1333 1478 1486 1519 usus
1529 1458 1833 1520 remansit
1874 1466 2157 1539 tempore
2203 1476 2344 1517 cru-

854 1556 1199 1619 cifixionis.
1252 1556 1407 1617 Nam
1462 1564 1525 1617 et
1572 1556 1857 1617 Christus
1908 1575 2063 1621 voce
2114 1572 2344 1634 magna

2448 765 2744 847 implevit
2775 766 2891 829 sic.

2528 865 2902 927 Crudelibus
2925 885 3075 929 vero
3107 866 3578 947 incredulisque
3596 866 3828 929 Judaeis
3851 867 3942 929 lo-

2447 964 2668 1045 quitur
2705 974 3170 1046 cousequenter
3195 983 3208 1027 :
3235 969 3446 1035 Quare
3469 968 3942 1044 persequimini

2451 1083 2552 1123 me
2577 1066 2744 1123 sicut
2773 1067 2945 1125 Deus
2966 1066 2996 1123 ‚2
3023 1065 3152 1127 Hoc
3191 1064 3542 1127 secundum
3580 1064 3943 1146 praeceden-

2453 1160 2534 1222 tis
2561 1162 2814 1223 articuli
2835 1161 3322 1225 elucidationem
3345 1163 3648 1244 competit
3665 1162 3937 1238 Christo,

2453 1259 2564 1341 qui
2595 1259 2787 1323 etiam
2817 1260 2906 1323 ait
2941 1261 3132 1323 Deum
3173 1280 3240 1324 se
3271 1262 3568 1343 persequi
3609 1261 3941 1343 permissi-

2452 1376 2528 1420 ve
2561 1367 2673 1420 :et
2715 1359 2866 1439 quia
2910 1378 3023 1440 per
3051 1358 3196 1421 Filii
3237 1359 3337 1421 sui
3378 1359 3690 1440 unigeniti
3733 1378 3942 1441 perse-

2451 1456 2772 1518 cutionem
2817 1465 2879 1518 et
2924 1465 3216 1533 mortem,
3251 1457 3700 1538 praeordinavit
3737 1476 3938 1538 genus

2452 1554 2694 1617 salvare
2752 1553 3098 1617 humanum
3137 1574 3152 1633 3
3208 1555 3358 1617 hinc
3403 1555 3600 1617 Filius
3657 1556 3940 1638 loquitur

562 1648 689 1686 ‘¹⁷¹¹’
719 1637 787 1677 ⁵⁰‘
855 1656 1237 1731 exclamanS,
1293 1654 1551 1716 tradidit
1598 1654 1893 1735 spiritum
1949 1672 1962 1716 :
2015 1653 2190 1736 quod
2241 1673 2344 1714 su-
2451 1653 2615 1714 Patri
2647 1653 2710 1714 in
2741 1653 3028 1715 Psalmo:
3059 1654 3254 1727 Quem
3288 1662 3355 1715 tu
3385 1655 3939 1737 percussisti,per-
3992 1678 4239 1727 1³8.qu

857 1754 1261 1837 pernaturale
1307 1754 1506 1815 fuisse
1554 1754 1964 1816 considerans
2012 1753 2148 1834 ipse
2197 1771 2343 1816 cen·
2453 1752 2652 1813 secuti
2683 1760 2852 1813 sunt.
2881 1756 2964 1813 Ει
2990 1755 3294 1814 carnibus
3324 1756 3478 1813 meis
3494 1757 3938 1815 saturamini?
3965 1742 4034 1781 ²⁷·

588 1871 829 1919 Mamm,
858 1852 1047 1929 turio,
1091 1852 1273 1928 Vere,
1322 1852 1553 1933 inquit,
1600 1851 1705 1915 hic
1751 1852 1944 1915 bomo
1988 1852 2188 1913 Filius
2232 1850 2341 1913 Dei
2379 1848 2426 1911 B
2457 1851 2578 1913 Hoc
2609 1870 2826 1912 rursus
2857 1852 3202 1913 secundum
3244 1851 3656 1933 praehabitam
3694 1854 3935 1934 exposi-

564 1934 631 1975 ³⁹·
855 1950 884 2013 f
890 1952 1001 2014 uit.
2455 1950 2689 2012 tionem
2721 1949 2993 2011 maxime
3023 1950 3326 2031 competit
3353 1950 3624 2026 ChristO,
3642 1952 3722 2013 de
3751 1954 3934 2033 cujus

946 2052 1351 2111 Miseremini
1398 2053 1545 2120 mei,
1589 2052 1989 2110 miseremini
2028 2051 2175 2118 mei,
2220 2052 2345 2109 sal-
2451 2048 2868 2110 amarissimis
2896 2049 3103 2129 poenis
3133 2048 3555 2111 crudelissimi
3587 2058 3940 2131 persecuto-

856 2158 979 2208 tem
1000 2168 1129 2217 vos,
1146 2150 1345 2207 amici
1366 2150 1511 2207 mei.
1537 2146 1821 2209 Christus
1854 2146 1976 2208 sibi
2006 2147 2344 2209 condolere
2456 2165 2554 2210 res
2583 2147 3142 2210 vehementissime
3169 2148 3554 2228 gestiebant.

854 2264 1002 2308 suos
1034 2245 1298 2327 optavit,
1319 2246 1855 2327 quemadmodum
1887 2245 2178 2307 naturale
2208 2262 2348 2308 cen·
2537 2248 2691 2314 Quis
2723 2247 2888 2306 milii
2927 2248 3170 2307 tribuat
3210 2256 3282 2307 ut
3321 2248 3691 2307 scribantur
3716 2268 3945 2308 sermo-

855 2351 1029 2405 setur
1057 2341 1345 2406 afflictis.
1371 2344 1629 2425 Propter
1649 2344 1818 2424 quod
1852 2343 1941 2405 ait
1972 2344 2039 2404 in
2061 2342 2340 2404 Psalmo:
2455 2364 2564 2403 nes
2593 2346 2720 2403 mei
2731 2346 2761 2403 ἒ
2780 2343 3066 2405 Christus
3097 2343 3318 2425 utique
3347 2344 3544 2407 verba
3573 2364 3688 2407 sua
3714 2345 3842 2425 jam
3875 2345 3942 2407 in

591 2455 827 2509 amm,
858 2440 1141 2505 Sustinui
1184 2442 1296 2524 qui
1340 2441 1530 2503 simul
1570 2442 2070 2516 contristaretur,
2107 2450 2170 2503 et
2216 2459 2342 2503 non
2455 2460 2642 2504 cruce
2688 2450 2752 2504 et
2798 2450 3082 2523 tempore
3125 2441 3466 2523 passioniS,
3511 2452 3572 2505 et
3609 2451 3758 2505 ante
3803 2462 3946 2526 pro-

564 2520 631 2564 ²¹·
859 2538 1021 2614 fui13
1066 2549 1128 2603 et
1172 2540 1284 2621 qui
1324 2540 1781 2615 consolaretur,
1830 2546 1891 2601 et
1931 2558 2058 2602 non
2098 2539 2340 2602 inveni.
2456 2538 2582 2600 lata
2610 2538 2816 2601 sciens
2847 2538 3266 2601 saluberrima
3293 2559 3454 2615 esse,
3489 2540 3731 2621 optavit
3760 2560 3831 2603 ea
3863 2542 3940 2604 ad

853 2638 1159 2701 Praeterea
1208 2657 1321 2719 per
1371 2637 1610 2700 amicos
1659 2637 1820 2717 ejuS‚
1878 2636 2149 2718 intelligi
2203 2656 2346 2719 pos-
2454 2636 2677 2699 mundi
2709 2637 3193 2699 instructionem
3231 2638 3426 2701 scribi
3467 2646 3592 2700 tam
3639 2638 3939 2716 inlibris,

854 2745 1004 2798 sunt
1033 2754 1254 2800 omnes
1286 2736 1397 2817 qui
1426 2734 1770 2797 adfuerunt
1787 2735 1984 2797 Judaei
2014 2736 2161 2816 :qui
2194 2735 2347 2798 licet
2454 2754 2647 2815 quam
2687 2736 2754 2796 in
2785 2735 3118 2797 hominum
3161 2736 3462 2799 cordibus
3497 2738 3706 2817 :quod
3751 2738 3940 2801 etiam

854 2853 968 2917 pro
1010 2835 1238 2917 maj0ri
1284 2844 1461 2917 parte
1496 2834 1735 2897 fuerint
1777 2835 1915 2915 ejus
1960 2836 2230 2912 inimici,
2264 2844 2347 2897 ta·
2457 2833 2742 2895 fiendum
2799 2833 3152 2897 certissime
3201 2844 3486 2897 noverat.
3539 2836 3680 2898 ideo
3727 2836 3944 2899 subdi-

852 2952 999 2997 mcn
1030 2934 1219 2997 amici
1240 2941 1567 3009 vocantur,
1588 2933 1892 3014 quoniam
1920 2933 2206 2996 Christus
2236 2951 2342 2996 eos
2457 2940 2557 2994 tur
2593 2950 2606 2993 :
2641 2937 2800 3002 Quis
2829 2936 2994 2993 mihi
3019 2938 3124 2995 det
3161 2944 3231 2994 uc
3270 2946 3621 2995 eoearmnur
3650 2938 3723 2996 in
3752 2939 3942 3007 libro,

851 3033 1111 3109 amavit,
1138 3041 1200 3094 et
1230 3032 1533 3113 quoniam
1566 3032 1824 3112 quidam
1858 3051 2073 3095 eorum
2111 3033 2344 3113 praede-
2379 3030 2422 3094 C
2455 3030 2517 3091 id
2575 3039 2672 3092 est
2725 3032 2912 3093 corde
2956 3032 3336 3107 Iudaeorum,
3379 3032 3462 3095 ob
3521 3052 3794 3113 quorum
3851 3035 3944 3096 in-

854 3129 1070 3191 stinati
1118 3128 1399 3191 suerunt.
1444 3129 1672 3211 Sicque
1715 3129 1903 3192 amici
1945 3138 2095 3192 tunc
2136 3138 2337 3205 erant,
2453 3129 2866 3191 structionem
2917 3129 3204 3192 Christus
3259 3131 3627 3212 specialiter
3671 3132 3940 3195 missum

854 3245 982 3289 uon
1030 3228 1379 3290 secundum
1427 3236 1804 3308 praesentem
1848 3228 2186 3307 justitiam,
2234 3227 2342 3289 sed
2453 3246 2520 3289 se
2552 3227 2864 3308 perhibet,
2887 3232 3033 3289 stilo
3063 3230 3287 3304 fet-rec,
3315 3228 3378 3291 id
3407 3238 3503 3291 est
3532 3230 3850 3312 profunda
3877 3240 3940 3293 et

854 3326 1201 3388 secundum
1234 3325 1854 3407 praedestinationem
1884 3333 2204 3401 aeternam,
2231 3325 2342 3405 qui
2455 3323 2605 3387 sorti
2650 3325 3086 3407 inscriptione,
3125 3326 3598 3408 praedicatione,
3643 3348 3754 3392 seu
3799 3329 3943 3392 illu-

855 3432 1073 3506 postea
1104 3432 1252 3485 sunt
1280 3424 1571 3486 conversi
1608 3441 1621 3483 ε
1657 3424 1890 3504 quibus
1923 3424 2218 3505 passione
2249 3424 2345 3485 in-
2453 3424 2824 3501 minatione,
2863 3444 2976 3505 per
3014 3444 3202 3505 quam
3242 3426 3435 3488 verba
3477 3427 3697 3490 divina
3741 3430 3940 3492 menti

572 3539 825 3589 soannsm.
854 3529 1061 3584 stante
1093 3521 1402 3603 praedixit,
1422 3520 1624 3594 Quum
1654 3522 2079 3585 exaltaveritis
2109 3521 2340 3583 Filium
2453 3522 2910 3604 imprimuntur
2949 3523 3242 3586 humanae
3271 3548 3284 3598 3
3318 3535 3433 3585 auc
3465 3525 3531 3586 in
3555 3530 3815 3604 plumbi
3855 3533 3944 3589 la-

564 3604 629 3644 28·
853 3620 1156 3697 hominiS,
1190 3629 1341 3682 tunc
1385 3618 1780 3699 cognoscetis
1823 3619 1974 3700 quia
2018 3638 2133 3700 ego
2175 3616 2338 3682 sum.
2456 3623 2635 3681 mina
2667 3642 2689 3680 .·
2721 3640 2833 3702 per
2864 3640 3055 3702 quam
3091 3621 3473 3701 intelligitur
3506 3641 3616 3686 cor
3645 3626 3936 3703 gravium

848 3720 1081 3783 Judaeis
1140 3738 1395 3800 quoque
1441 3717 1726 3780 Christus
1785 3719 1985 3781 multa
2042 3720 2344 3800 specialia
2452 3737 2890 3799 personarum,
2940 3738 3084 3800 quae
3145 3718 3568 3800 religiosiores
3621 3722 3938 3787 videntur.

850 3816 1167 3881 beneficia
1210 3816 1495 3897 erogavit
1529 3834 1542 3877 z
1580 3816 1721 3878 ideo
1765 3836 1895 3898 prae
1932 3817 2159 3879 ceteris
2203 3819 2342 3897 ejus
2449 3816 2624 3890 Quod
2662 3817 2947 3879 Christus
2991 3818 3306 3898 adjunxit,
3348 3819 3498 3900 quia
3541 3840 3576 3881 a
3617 3824 3942 3885 communi

848 3916 1226 3981 dicebantur
1246 3916 1649 3979 amici.Unde
1680 3935 1897 3977 eorum
1934 3916 2338 3996 ingratitud0‚
2449 3916 2686 3996 populo
2713 3917 3074 3979 Judaeorum
3105 3925 3367 3979 noverat
3397 3937 3510 3980 sua
3540 3920 3734 3983 verba
3767 3939 3942 4003 sper-

850 4014 1145 4097 perfidia‚
1177 4023 1239 4077 et
1270 4014 1626 4096 persecutio
1667 4013 1788 4075 sibi
1836 4015 2161 4077 molestior
2191 4014 2336 4077 fuit.
2450 4013 2686 4089 nenda,
2750 4012 2890 4075 ideo
2947 4013 3243 4093 cupiebat
3303 4022 3367 4075 ut
3427 4013 3651 4077 saltem
3709 4016 3789 4077 ab
3846 4016 3938 4080 eis

850 4114 1063 4195 ltaque
1090 4113 1181 4174 ait
1218 4130 1231 4174 ε
1264 4112 1641 4175 Miseremini
1668 4112 1815 4187 mei,
1850 4120 1995 4189 etc.‚
2035 4121 2334 4196 tanquam
2447 4110 2902 4192 reciperentur,
2935 4110 3048 4193 qui
3093 4112 3352 4191 majoris
3395 4112 3729 4193 probitatis
3772 4116 3937 4177 aesti-

848 4211 1017 4274 dicat
1044 4209 1436 4273 :Gentilibus
1468 4228 1569 4272 me
1600 4217 1724 4272 tam
1758 4210 1895 4272 dire
1926 4212 2332 4285 caedentibus
2370 4211 2419 4273 D
2447 4209 2784 4271 mabuntur
2810 4226 2823 4270 :
2859 4210 3027 4290 quod
3059 4218 3120 4272 et
3142 4210 3370 4291 partim
3397 4211 3786 4293 completum
3809 4222 3926 4287 est,

848 4309 1072 4372 saltem
1116 4328 1249 4384 νοε,
1281 4308 1501 4385 Judaei,
1537 4308 1810 4390 populus
1847 4318 2105 4390 propter
2145 4330 2336 4391 quem
2445 4309 2617 4387 quia,
2657 4318 2724 4370 ut
2750 4309 2905 4370 Acta
2935 4304 3192 4383 habent,
3217 4309 3406 4371 Multa
3435 4310 3616 4371 turba
3647 4314 3929 4377 sacerdo·
3983 4332 4164 4382 aeaesn.
4187 4336 4228 4377 τ.
4306 4320 4308 4323 ’

846 4408 1017 4484 veni,
1050 4406 1403 4470 condolete.
1430 4406 1639 4469 Nihilo
1668 4407 1901 4483 minu5‚
1930 4427 2041 4490 per
2070 4410 2331 4487 amicOS,
2444 4414 2578 4468 tum
2621 4406 2959 4469 obediebat
3001 4406 3179 4469 fidei.
3215 4407 3334 4470 Sed
3378 4410 3680 4489 quoniam
3727 4413 3928 4493 major

847 4505 1116 4585 intelligi
1152 4514 1419 4587 possunt
1447 4506 1644 4568 Judaei
1684 4514 1836 4569 tunc
1867 4509 2334 4588 quodammodo
2443 4525 2590 4587 pars
2635 4504 2839 4587 plebis
2884 4506 3252 4586 hujusmodi
3295 4508 3532 4569 mansit
3575 4508 3924 4587 incredula,

846 4604 1180 4682 increduli,
1217 4613 1370 4685 puta
1406 4604 1729 4685 discipuli,
1776 4606 1885 4686 qui
1932 4606 2065 4669 sive
2111 4607 2336 4669 absen-
2442 4604 2682 4685 optavit
2724 4604 3008 4666 Salvator
3053 4613 3124 4666 ut
3165 4613 3642 4669 converteretur
3678 4608 3929 4687 gentili-

844 4711 961 4780 teS‚
1008 4703 1144 4766 sive
1194 4712 1559 4784 praesenteS‚
1601 4703 1849 4765 Christo
1900 4704 2123 4766 intime
2167 4724 2337 4766 com-
2441 4710 2558 4765 taS.
2593 4703 2852 4784 Propter
2892 4704 3058 4783 quod
3102 4703 3413 4781 subditur,
3451 4710 3551 4765 vel
3577 4718 3740 4768 certe
3765 4713 3930 4769 scul-

844 4800 1270 4882 patiebantur.
1326 4802 1493 4869 Quia
1544 4822 1778 4860 manus
1812 4803 2078 4861 Domini
2126 4806 2335 4879 ietz'fsit
2437 4812 2687 4877 pamm·
2706 4804 2776 4861 in
2797 4804 3003 4869 silice,
3025 4802 3086 4862 id
3117 4811 3213 4864 est
3240 4802 3400 4865 duro
3431 4803 3766 4883 gentilium
3800 4824 3926 4869 cor-

844 4920 961 4960 me.
988 4900 1112 4962 Deo
1145 4898 1315 4961 enim
1349 4898 1754 4979 permittente
1774 4898 2021 4960 occisus
2050 4908 2144 4961 est
2166 4900 2335 4962 Chri·
2440 4900 2518 4961 de
2555 4917 2567 4960 :
2610 4900 2690 4961 de
2732 4899 2964 4979 quibus
3008 4900 3170 4962 dixit
3215 4900 3521 4977 Salvator,
3557 4902 3726 4964 Alias
3778 4921 3926 4968 oves
3952 4928 4228 4975 :oa-axau.
4306 4902 4308 4905 ’

842 5006 1001 5059 stuS.
1036 4998 1163 5060 lmo
1210 4998 1368 5059 Deus
1413 5016 1479 5059 se
1527 4996 1587 5057 id
1636 4994 1864 5059 fecisse
1912 5006 2175 5060 testatur
2218 5018 2331 5079 per
2440 4996 2643 5060 habeo
2673 5016 2814 5078 quae
2854 5016 2981 5060 non
3017 5007 3166 5060 sunt
3201 5001 3280 5063 de
3318 5000 3438 5063 hoc
3479 5001 3657 5077 ovili,
3693 5010 3758 5064 et
3786 5002 3926 5065 illas

566 5105 793 5161 Jae.1.u·‚⁸.
841 5093 1063 5155 isaiam
1100 5094 1408 5175 :Propter
1456 5094 1684 5171 sceluS,
1734 5094 2054 5175 inquienS‚
2107 5095 2328 5176 populi
2439 5104 2688 5175 oportet
2733 5114 2834 5157 me
2882 5096 3214 5159 adducere.
3256 5098 3562 5179 Denique,
3610 5100 3690 5161 de
3743 5100 3930 5182 spiri-

840 5192 966 5254 mei
1006 5192 1289 5275 percussi
1325 5212 1491 5255 eum.
1525 5193 1591 5254 l'n
1626 5192 1796 5255 Actis
1830 5212 2087 5275 quoque
2130 5193 2331 5275 loqui-

548 5309 808 5362 Λοι.ιιι,ι8.
843 5297 944 5352 tur
970 5291 1190 5352 Petrus
1226 5308 1239 5351 :
1275 5291 1435 5353 Deus
1474 5291 1585 5371 qui
1628 5292 1919 5372 praedixit
1956 5311 2067 5373 per
2098 5310 2168 5354 os
2201 5310 2330 5354 om-

2440 5193 2594 5255 tuali
2623 5194 2743 5255 hac
2783 5192 3219 5274 inscriptione,
3256 5215 3381 5276 qua
3418 5196 3790 5277 evangelica
3829 5199 3928 5261 lex

2437 5292 2502 5353 iu
2546 5292 2842 5355 cordibus
2885 5292 3122 5375 scripta
3163 5303 3256 5356 est
3295 5294 3664 5375 electorum,
3699 5295 3928 5376 allegat
