4309 6259
820 498 937 560 116
1304 519 1654 564 manuario
1698 520 1757 563 is
1800 519 1939 564 ω.
1984 519 2030 562 11
2070 517 2228 562 unni
2269 517 2438 562 mum
2479 517 3010 562 ranamrouasox.
3055 535 3138 544 —
3175 517 3317 561 aar.
3363 515 3407 560 11

534 709 791 760 naama,
814 703 943 766 quo
974 685 1203 765 legitur
1234 686 1300 749 in
1332 687 1501 750 libro
1516 688 1810 750 Judicum
1836 705 1851 749 ε
1877 687 2057 764 Huic,
2082 685 2305 750 videli-
2330 687 2381 747 A
2411 685 2632 768 populi
2665 686 3119 749 numerositate
3147 685 3263 748 soli
3285 683 3476 748 Caleb
3504 691 3568 745 et
3583 682 3769 747 Josue
3801 679 3900 741 in·
3953 698 4226 744 mmm,

524 775 565 816 ⁴·
814 791 915 845 cet
953 783 1187 860 Tholae,
1234 786 1544 848 successit
1588 786 1717 848 Jair
1761 785 2141 860 Galaadites,
2187 784 2300 866 qui
2413 791 2758 846 traverunt.
3935 763 4019 802 ⁶⁵·

809 880 1122 963 judicavit
1150 883 1337 946 Israel
1370 903 1483 966 per
1514 883 1741 964 viginti
1772 891 1835 945 et
1874 884 2033 946 duos
2072 901 2298 958 annos,

812 978 1055 1043 habens
1106 981 1368 1061 triginta
1419 981 1617 1058 filios,
1666 982 1990 1064 principes
2041 981 2304 1061 triginta

812 1076 1143 1140 civitatum
1176 1079 1241 1140 in
1275 1088 1443 1142 terra
1470 1080 1725 1142 Galaad.
1758 1079 2061 1154 Quocirca
2090 1079 2302 1142 denuo

812 1177 1141 1257 quaeritur,
1166 1178 1489 1259 quomodo
1522 1179 1704 1241 licuit
1730 1178 1880 1241 huic
1900 1179 2031 1240 Jair
2056 1187 2206 1240 nato
2227 1196 2303 1240 ex

814 1273 983 1336 tribu
1014 1275 1173 1338 Juda
1200 1295 1278 1338 ex
1306 1285 1485 1357 parte
1515 1277 1713 1358 patris
1745 1277 1869 1352 sui,
1903 1276 2138 1338 habere
2167 1294 2306 1358 pos-

816 1373 1133 1436 sessiones
1180 1375 1295 1436 has
1346 1375 1412 1437 in
1460 1374 1783 1438 territorio
1826 1375 2081 1451 Galaad‚
2131 1375 2302 1456 quod

818 1471 1129 1553 pertinuit
1158 1473 1236 1534 ad
1270 1472 1509 1534 tribum
1530 1473 1832 1550 Manasse,
1854 1473 1919 1535 in
1948 1492 2080 1554 quo
2099 1473 2304 1534 tribus

814 1568 975 1630 Juda
1004 1579 1237 1632 sortem
1270 1588 1398 1633 non
1430 1570 1677 1646 habuit,
1716 1571 2065 1652 praesertim
2105 1589 2303 1651 quum

818 1666 1124 1730 Dominus
1164 1668 1426 1748 jusserit
1473 1667 1833 1732 funiculum
1875 1668 2141 1731 sortium
2193 1687 2306 1732 seu

522 1785 791 1834 mmmm.
818 1765 1241 1828 hereditatum
1269 1766 1647 1830 divisionem
1682 1785 1809 1829 non
1841 1765 2172 1829 confundi.
2197 1767 2309 1829 Re-

818 1864 1377 1945 spondetur,quod
1410 1864 1510 1926 vel
1540 1883 1654 1946 per
1682 1864 2153 1946 adoptationem
2185 1864 2305 1928 hoc
2331 1870 2382 1934 B
2417 1873 2605 1949 prout
2643 1881 2834 1947 super
2863 1873 3160 1946 quartum
3193 1865 3659 1928 Sententiarum
3687 1864 3900 1926 docto-

522 1852 565 1892 7.

572 2957 693 3002 loia.
718 2961 755 3000 l.

817 1959 1056 2023 factum
1090 1960 1193 2036 sit,
1214 1961 1303 2022 ita
1331 1961 1502 2042 quod
1534 1960 1769 2024 Machir
1798 1961 2125 2042 adoptavit
2154 1979 2308 2042 prae-

816 2057 1017 2120 satum
1052 2058 1261 2138 Segub
1293 2066 1538 2140 patrem
1570 2059 1763 2140 hujus
1789 2058 1919 2121 Jair
1949 2059 2016 2121 in
2049 2058 2300 2136 filium3

814 2156 917 2220 vel
956 2158 1169 2238 potius
1201 2157 1343 2237 jure
1384 2157 1560 2233 belli,
1594 2158 1684 2218 ita
1720 2158 1893 2239 quod
1929 2157 2059 2219 Jair
2096 2157 2307 2239 praeli-

812 2256 979 2318 ando
1018 2255 1418 2336 recuperavit
1460 2255 1697 2337 oppida
1736 2256 1801 2317 in
1841 2264 2009 2318 terra
2042 2255 2298 2332 Galaad,

812 2373 956 2436 quae
1004 2354 1197 2416 alieni
1248 2353 1409 2416 siliis
1456 2353 1643 2416 lsrael
1689 2353 2104 2417 abstulerant.
2146 2354 2302 2416 Nam

812 2451 1147 2515 subditur:
1174 2454 1476 2531 Cepitque
1500 2454 1732 2512 Gessur
1752 2462 1811 2512 et
1830 2455 2037 2512 Aram
2061 2453 2302 2528 oppida

810 2552 983 2620 Jair,
1013 2561 1073 2610 et
1107 2552 1355 2610 Cariath
1394 2559 1453 2609 ec
1498 2552 1741 2610 viculos
1778 2552 1919 2626 ejus
1962 2553 2304 2626 seoeaqinta

811 2649 1177 2709 civitatum.
1214 2649 1442 2708 Omnes
1473 2649 1586 2707 isti
1604 2647 1853 2729 prael'ati
1879 2646 2141 2710 fuerunt
2169 2651 2305 2725 filii

2493 884 2742 944 Habuit
2769 903 3018 962 quoque
3048 885 3296 944 Hes-ron
3335 901 3600 941 uxorem
3635 875 3898 941 nomine

2411 985 2605 1042 Abia.
2651 981 2741 1044 Ex
2785 981 2904 1044 hoc
2956 981 3280 1062 probatur,
3329 980 3498 1062 quod
3549 977 3898 1059 aliquando

2411 1079 2510 1142 vir
2539 1089 2600 1141 et
2633 1079 2864 1141 mulier
2891 1081 3112 1142 eodem
3142 1079 3400 1142 nomine
3427 1077 3894 1159 exprimuntur.

2411 1177 2738 1259 Siquidem
2768 1177 2931 1240 Abia
2965 1178 3352 1259 quandoque
3393 1185 3488 1239 est
3529 1194 3756 1239 nomen
3797 1193 3900 1236 re-
3933 1193 4230 1248 nim-9.m,

2410 1277 2508 1355 gis
2535 1276 2693 1338 Juda
2725 1277 2857 1338 nati
2891 1295 2967 1338 ex
2999 1276 3298 1339 Roboam.
3331 1275 3635 1356 Denique,
3669 1293 3748 1335 an
3776 1272 3900 1334 He-
3933 1261 4020 1300 ³¹·

2413 1393 2561 1437 sron
2591 1374 2814 1436 habuit
2844 1375 3028 1436 istam
3061 1393 3320 1437 uxorem
3351 1373 3542 1436 simul
3569 1391 3714 1435 cum
3748 1371 3896 1432 aliis

2413 1473 2546 1535 suis
2603 1491 2722 1534 con
2726 1471 3008 1552 jugibuS,
3055 1472 3158 1534 vel
3211 1480 3352 1553 post
3407 1490 3539 1548 eaS,
3589 1469 3892 1532 nescitur.

2413 1570 2706 1633 Attamen
2743 1579 2891 1633 tunc
2927 1570 3155 1633 licebat
3185 1570 3414 1633 marito
3442 1569 3632 1631 simul
3662 1567 3898 1630 habere

2415 1667 2630 1750 plures
2660 1687 2886 1730 uxores
2923 1687 3001 1730 ex
3036 1667 3512 1750 dispensatione
3549 1667 3764 1730 divina
3790 1683 3901 1728 ex-

2415 1766 2656 1848 plicita,
2699 1766 2800 1829 vel
2853 1766 3332 1848 interpretativa
3377 1765 3514 1830 sive
3563 1765 3896 1846 implicita,

2414 1983 2514 2026 res
2560 1963 2905 2026 declarant.
2949 1967 3104 2032 Quae
3133 1966 3384 2041 peperit
3419 1966 3480 2023 ei
3519 1966 3738 2024 Ashur
3777 1983 3904 2040 pa-

2415 2073 2576 2123 trem
2615 2067 2898 2134 Tbecuoe,
2929 2062 2994 2123 id
3037 2069 3133 2124 est
3175 2062 3533 2144 principem
3581 2061 3758 2122 urbis
3801 2059 3900 2122 sic

2413 2160 2778 2223 nominatae.

2489 2258 2965 2340 Consequenter
2995 2258 3296 2320 recitatur
3321 2257 3645 2337 generatio
3673 2257 3902 2339 primo-

2410 2357 2612 2435 geniti
2643 2357 2907 2420 Hesron.
2943 2358 3109 2418 Nati
3135 2366 3288 2416 sunt
3318 2365 3536 2416 autem
3563 2357 3696 2432 filii
3720 2358 3902 2416 Jera-

2415 2459 2570 2514 meel
2597 2457 2714 2533 pri
2721 2456 3026 2531 moyem‘ti
3063 2457 3339 2523 Hes-ron,
3373 2457 3546 2515 Ram
3578 2455 3904 2531 primoye-

2411 2554 2593 2613 nitus
2633 2554 2798 2630 ejus,
2835 2562 2896 2613 et
2932 2556 3131 2613 Buna
3169 2562 3229 2611 et
3265 2555 3474 2612 Aram
3511 2560 3571 2611 et
3607 2553 3802 2612 Asom
3839 2561 3902 2612 et

2415 2653 2643 2711 Achia.
2689 2650 2825 2712 Jam
2869 2650 3107 2711 dictum
3153 2657 3270 2726 est,
3317 2649 3490 2731 quod
3533 2649 3761 2711 Phares
3795 2665 3904 2728 ge-

814 2747 1099 2814 Mac-hir,
1115 2745 1374 2808 mediati
1406 2753 1515 2806 aut
1544 2744 1919 2821 immediati,
1942 2747 2160 2822 patris
2185 2749 2306 2807 Ga·
2413 2749 2554 2809 nuit
2589 2748 2852 2824 Hesron‚
2887 2757 2952 2811 et
2987 2748 3230 2811 Hesron
3267 2748 3478 2823 Aram,
3520 2748 3706 2809 Aram
3747 2764 3902 2808 vero

814 2846 990 2903 laad.
1041 2841 1273 2904 Galaad
1321 2843 1708 2924 quandoque
1756 2852 1852 2904 est
1902 2861 2134 2905 nomen
2181 2843 2302 2906 viri
2410 2847 2786 2922 Aminadab,
2823 2865 3122 2928 nuncque
3159 2845 3484 2922 asseritur,
3521 2847 3692 2926 quod
3729 2844 3904 2906 Jera-

814 2941 945 3003 nati
992 2960 1069 3004 ex
1112 2940 1365 3017 Machir,
1399 2949 1467 3003 ut
1510 2940 1927 3003 Numerorum
1969 2941 2200 3005 ultimo
2239 2951 2304 3005 et
2412 2945 2574 3006 meel
2608 2943 2732 3006 suit
2763 2944 3224 3025 primogenitus
3254 2944 3494 3006 Hesron
3517 2961 3532 3005 ι
3557 2961 3634 3006 ex
3663 2941 3901 3024 quibus

812 3039 968 3102 alibi
1012 3058 1179 3121 saepe
1221 3038 1531 3114 habetur3
1579 3041 1965 3122 quandoque
2010 3061 2162 3104 vero
2207 3049 2305 3103 est
2329 3053 2388 3116 c·
2412 3043 2790 3119 ostenditur,
2807 3043 2979 3124 quod
3007 3042 3380 3124 genealogia
3407 3041 3751 3104 Salvatoris
3769 3058 3902 3102 non

812 3155 1045 3200 nomen
1074 3136 1376 3212 civitatiS‚
1397 3137 1714 3200 interdum
1748 3138 2047 3216 regionis.
2073 3138 2306 3219 Sicque
2414 3142 2478 3204 in
2510 3150 2645 3205 toto
2675 3161 2788 3223 per
2821 3141 3280 3222 primogenitos
3312 3141 3563 3216 texitur,
3597 3139 3750 3222 quia
3781 3157 3902 3202 nec

813 3236 1047 3300 Machir
1077 3244 1337 3299 vocatur
1366 3245 1545 3317 pater
1563 3235 1811 3310 Galaad,
1834 3237 1895 3298 id
1925 3245 2021 3299 est
2053 3235 2178 3299 viri
2209 3237 2302 3300 sic
2413 3239 2629 3316 David,
2667 3258 2782 3302 nec
2813 3238 3133 3314 Salomon,
3151 3257 3267 3320 per
3295 3257 3458 3319 quos
3487 3237 3896 3314 describitur,

814 3333 1153 3416 appellati3
1188 3335 1313 3410 vel,
1346 3334 1547 3410 Pater,
1584 3333 1649 3396 id
1688 3344 1784 3397 est
1814 3343 2005 3416 caput
2034 3344 2097 3397 et
2130 3335 2306 3416 prin·
2413 3337 2820 3420 primogeniti
2862 3344 3064 3398 erant.
3099 3339 3310 3397 Duxit
3349 3357 3595 3416 quoque
3633 3355 3904 3396 uxorem

814 3451 965 3513 ceps
997 3441 1176 3495 terrae
1206 3432 1300 3494 sic
1329 3432 1537 3495 dictae.
2413 3442 2686 3498 alteram
2710 3439 3052 3504 Jerameel,
3073 3437 3334 3496 nomine
3351 3438 3586 3504 Atara,
3603 3455 3746 3514 quoe
3763 3436 3904 3511 fuit

898 3535 1111 3600 Quum
1142 3541 1355 3592 autem
1388 3542 1681 3591 mortuus
1712 3542 1866 3592 esset
1896 3535 2169 3605 Hesron,
2205 3536 2308 3594 in·
2415 3547 2620 3596 mater
2639 3540 2866 3597 Onam.
2886 3537 3016 3596 Sed
3043 3545 3103 3594 et
3131 3537 3266 3612 filii
3285 3538 3454 3596 Ram
3475 3535 3907 3612 primoyeniti

807 3649 1062 3707 qressus
1089 3639 1179 3689 esc
1212 3631 1395 3689 Caleb
1422 3632 1512 3688 ad
1540 3631 1861 3706 Ephrata.
1895 3628 2070 3701 Quod
2111 3649 2307 3712 supra
2409 3637 2749 3701 serame-ec,
2767 3634 3043 3709 fuerunt
3064 3653 3088 3691 .·
3111 3635 3310 3702 Moos,
3335 3635 3587 3703 Jamin,
3609 3641 3668 3692 et
3699 3635 3898 3692 Acar.

813 3728 942 3810 jam
982 3727 1163 3804 dixit,
1200 3747 1371 3790 nune
1409 3727 1638 3789 asserit
1676 3726 1913 3789 sactum
1956 3736 2101 3808 post
2139 3747 2308 3791 mor·
2415 3736 2622 3794 Onam
2651 3740 2868 3791 autem
2898 3732 3127 3790 habuit
3153 3731 3354 3807 filio-3,
3375 3733 3588 3791 Semei
3617 3740 3677 3791 et
3702 3732 3899 3791 Jada.

818 3835 942 3890 tem
963 3826 1395 3890 Hesron.1deo
1428 3825 1517 3887 ait
1543 3826 1765 3889 Glossa
1788 3843 1801 3886 :
1826 3824 2015 3888 Caleb
2038 3827 2307 3889 sociavit
2413 3832 2581 3890 Filii
2609 3839 2826 3889 autem
2854 3829 3068 3889 Semei
3087 3849 3110 3887 .·
3133 3830 3368 3890 Nadab
3395 3838 3456 3887 et
3483 3830 3748 3889 Abisur.
3775 3829 3908 3890 No-

814 3925 941 3988 sibi
972 3925 1335 4007 Ephratam,
1363 3933 1539 4005 patre
1562 3943 1677 3987 suo
1697 3923 2025 3986 defuncto.
2046 3924 2305 3986 Verum-
2412 3947 2558 3987 men
2589 3946 2734 3986 vero
2763 3926 2991 3985 umoris
3021 3927 3289 3997 Abisur,
3314 3925 3608 3994 Abikail,
3638 3947 3781 4004 quoe
3807 3945 3909 4003 pe-

815 4033 1027 4087 tamen
1070 4024 1227 4106 Lyra
1267 4041 1283 4084 ε
1322 4023 1388 4084 ln
1428 4022 1689 4084 Hebraeo
1732 4021 1998 4103 (inquit)
2036 4022 2307 4084 habetur
2403 4027 2578 4102 peric
2625 4026 2688 4083 ei
2732 4025 3042 4085 Ahobban
3089 4033 3150 4084 et
3197 4025 3426 4086 Molid.
3477 4025 3646 4084 Filii
3687 4034 3906 4086 autem

816 4123 1165 4186 secundum
1215 4120 1549 4201 quosdam,
1604 4119 1925 4198 lngressus
1972 4129 2070 4181 est
2114 4121 2307 4183 Caleb
2415 4125 2650 4186 Nadab
2675 4124 2974 4199 fuerunt,
3005 4124 3208 4182 Saled
3247 4131 3310 4182 et
3340 4124 3695 4198 Apphaim.
3729 4125 3909 4184 Mor-

816 4220 1114 4302 Ephrata,
1148 4227 1213 4280 et
1242 4226 1339 4279 est
1376 4216 1652 4297 Ephrata
1684 4215 1789 4278 hic
1820 4235 2051 4279 nomen
2084 4219 2308 4282 civita·
2339 4225 2384 4286 D
2417 4231 2566 4281 tuus
2593 4229 2682 4280 est
2712 4229 2926 4280 autem
2948 4223 3148 4281 Saled
3167 4222 3398 4298 absque
3422 4221 3660 4280 liberis.
3689 4221 3909 4280 Filius

820 4318 923 4394 tis,
956 4337 1099 4399 quae
1137 4317 1263 4378 alio
1304 4315 1564 4376 nomine
1607 4313 1843 4375 dicitur
1881 4314 2249 4379 Bethlehem
2286 4339 2302 4383 :

818 4425 883 4480 et
909 4424 1007 4478 est
1035 4433 1281 4490 sensuS,
1306 4414 1477 4493 quod
1509 4419 1759 4474 mortuo
1787 4411 2027 4475 Hesron
2059 4414 2172 4494 qui
2203 4416 2310 4478 do-

818 4513 1181 4576 minabatur
1213 4511 1277 4573 in
1312 4509 1701 4584 Bethlehem,
1736 4509 1927 4572 Caleb
1960 4509 2137 4573 filius
2167 4513 2306 4592 ejus

818 4613 1141 4691 ingressus
1191 4618 1287 4671 est
1335 4608 1511 4684 illuc,
1556 4609 1901 4671 succedens
1954 4611 2139 4690 patri.
2187 4611 2306 4673 Sed

816 4709 987 4772 istud
1018 4707 1270 4771 videtur
1304 4707 1519 4787 inepte
1555 4704 1821 4783 dictum,
1855 4707 2160 4787 quoniam
2189 4708 2308 4771 He-

814 4826 963 4870 sron
1010 4805 1190 4868 silius
1230 4805 1483 4880 PhareS,
1530 4812 1716 4866 natus
1760 4813 1860 4866 est
1900 4803 1968 4866 in
2014 4806 2302 4886 AEgypt0‚

812 4915 876 4970 et
914 4902 1255 4968 defunctus
1296 4902 1557 4978 ibidem,
1595 4911 1661 4963 ut
1702 4921 1778 4964 ex
1816 4902 2095 4964 inductis
2125 4922 2308 4967 mon-

811 5013 1069 5066 stratur.
1116 5001 1228 5064 Vel
1280 5002 1427 5063 dato
1480 5001 1653 5082 quod
1701 5019 1847 5063 cum
1906 4999 2067 5062 siliis
2114 5000 2304 5064 lsrael

810 5102 1043 5166 exisset
1072 5101 1435 5181 AEgyptum,
1472 5117 1599 5161 non
1642 5107 1852 5160 tamen
1890 5097 2153 5161 intravit
2185 5107 2308 5161 ter-

812 5221 947 5263 ram
980 5197 1443 5282 promissioniS,
1478 5216 1677 5278 quum
1720 5195 1947 5258 fuisset
1990 5196 2057 5258 in
2098 5196 2308 5277 prima

814 5297 1253 5366 numeratione
1298 5295 1518 5378 populi
1560 5303 1954 5370 numeratuS,
1997 5294 2078 5356 de
2116 5295 2304 5375 cujus

2416 4338 2560 4378 vero
2599 4319 2955 4394 Apphaim,
2993 4321 3126 4379 Jesi
3154 4338 3177 4378 .·
3207 4320 3326 4397 qui
3361 4320 3494 4379 Jesi
3523 4322 3756 4395 genuit
3794 4323 3908 4381 Se-

2413 4437 2554 4477 san.
2602 4415 2785 4478 Circa
2825 4415 2946 4477 hoc
2993 4416 3151 4479 dicit
3195 4415 3616 4497 Hieronymus
3663 4433 3678 4477 :
3724 4417 3906 4480 Hunc

2415 4513 2608 4575 Sesan
2631 4511 2874 4574 Hebraei
2896 4513 3119 4576 dicunt
3146 4532 3286 4576 esse
3316 4512 3662 4576 Elimelech
3691 4513 3906 4576 virum
3959 4539 4118 4584 Rata
4139 4557 4186 4594 ι,
4209 4547 4266 4588 2.

2415 4611 2656 4686 Noemi‚
2682 4619 2926 4692 patrem
2947 4611 3234 4675 Mahalon
3264 4619 3325 4672 et
3355 4610 3642 4688 Chelion,
3667 4621 3733 4674 et
3759 4612 3906 4676 ideo

2417 4708 2724 4788 scriptum
2769 4707 2836 4768 in
2877 4708 3444 4789 consequentibuS,
3489 4709 3662 4789 quod
3707 4709 3904 4773 Sesan

2417 4823 2544 4866 non
2584 4804 2807 4866 habuit
2847 4803 3044 4883 filios,
3079 4805 3383 4886 quoniam
3427 4806 3555 4869 duo
3593 4805 3720 4868 filii
3763 4808 3909 4888 ejus

2414 4902 2656 4984 absque
2696 4902 2914 4965 liberis
2954 4904 3188 4966 mortui
3229 4913 3399 4966 sunt.
3447 4903 3568 4968 Sed
3606 4905 3758 4969 huic
3797 4905 3912 4968 ob-

2415 5001 2590 5064 viare
2621 5001 2892 5076 videtur,
2915 5002 3087 5082 quod
3119 5001 3411 5082 sequitur
3435 5005 3677 5065 :Porro
3699 5008 3909 5066 Sesan

2407 5100 2637 5175 ,qenait
2661 5101 2910 5160 Oholai.
2929 5098 3023 5159 Ad
3051 5099 3222 5180 quod
3259 5098 3528 5161 forsitan
3557 5100 3904 5180 diceretur,

2413 5196 2585 5278 quod
2630 5215 2799 5257 unus
2851 5195 3108 5258 illorum
3155 5197 3428 5260 duorum
3473 5197 3600 5260 alio
3645 5200 3910 5264 nomine

2414 5302 2819 5375 nuncupatus
2851 5293 2934 5356 sit
2960 5293 3202 5371 oholai,
3220 5303 3286 5356 et
3315 5296 3485 5375 quod
3515 5305 3738 5360 auctor
3767 5298 3912 5362 bre-
