4309 6259
65 2372 212 2414 locun.
221 2386 312 2423 xvi,

53 2436 112 2477 23:
125 2434 312 2478 Uoma-

1237 520 1587 567 ENARRATIO
1629 521 1690 566 m
1733 520 1869 567 cu.
1915 522 1977 567 ιν
2018 521 2144 568 soa.
2191 542 2271 552 —
2309 524 2453 571 aar.
2499 525 2602 571 xiv
3343 506 3461 571 369

355 697 592 752 nostrin
624 689 1066 772 intelligentiae
1086 710 1308 755 aurem
1339 691 1534 755 venit.
1560 691 1858 772 Aliquan·
1886 690 1939 753 Α
1970 692 2199 756 decoro
2230 692 2494 771 lumine,
2516 703 2765 757 noctem
2798 694 3043 777 soporis
3071 694 3294 775 gratia.
3320 693 3459 769 Qui-

350 788 432 849 do
461 788 644 851 enim
667 808 784 853 nos
815 808 1052 866 amore,
1079 790 1398 853 interdum
1423 798 1661 853 terrore
1691 808 1858 853 com-

352 887 604 967 pungit.
642 888 900 965 lterum,
950 887 1063 969 qui
1114 896 1424 963 susurrat,
1475 888 1722 951 occulte
1769 888 1858 950 lo-

347 984 592 1065 quitur,
629 995 692 1047 et
724 1005 944 1050 vocem
977 994 1196 1069 aperte
1227 1006 1353 1049 non
1386 986 1707 1067 exprimit.
1734 988 1855 1051 Nos

346 1091 564 1146 autem
595 1104 936 1167 quousque
965 1106 1156 1149 carne
1187 1085 1590 1168 corruptibili
1625 1085 1858 1166 premi-

348 1201 518 1259 mur,
555 1181 740 1245 nullo
771 1184 963 1246 modo
993 1184 1349 1247 claritatem
1380 1183 1731 1264 majestatis
1763 1184 1857 1245 di—

348 1280 543 1356 vinae,
579 1280 750 1344 sicut
782 1281 847 1343 in
880 1301 948 1345 se
980 1282 1120 1364 ipsa
1159 1281 1700 1345 incommutabilis
1731 1300 1857 1343 ma-

349 1386 482 1455 net,
517 1378 813 1441 videmus
853 1397 868 1441 :
901 1380 1210 1462 quoniam
1241 1379 1410 1443 acies
1454 1378 1856 1441 infirmitatis

349 1486 587 1539 nostrae
649 1497 776 1541 non
830 1479 1104 1542 sustinet
1155 1478 1297 1554 hoc,
1349 1479 1520 1559 quod
1577 1478 1655 1541 de
1715 1478 1854 1559 ejus

348 1574 730 1637 aeternitatis
762 1577 940 1640 radio
981 1596 1174 1659 super
1205 1595 1322 1639 nos
1364 1576 1855 1639 intolerabiliter

350 1672 580 1753 fulget.
613 1672 824 1747 Quum
852 1692 1003 1755 ergo
1035 1674 1222 1738 nobis
1253 1676 1658 1757 omnipotens
1689 1675 1854 1737 Deus

347 1790 465 1853 per
494 1772 694 1835 rimas
734 1773 1294 1856 contemplationis
1339 1792 1408 1835 se
1451 1773 1705 1851 indicat,
1745 1792 1855 1835 ne-

1968 788 2087 851 bus
2131 790 2367 867 verbiS‚
2422 792 2775 854 secundum
2826 792 3153 869 Thomam,
3196 792 3456 874 Eliphaz

1970 887 2179 951 innuit
2210 909 2279 951 se
2310 898 2459 953 tunc
2489 909 2615 953 non
2650 891 2981 953 dormisse.
3015 890 3305 972 Dicitque
3337 891 3457 953 hoc

1969 987 2107 1050 loco
2147 987 2446 1050 Albertus
2481 1006 2494 1050 :
2528 988 2731 1069 Sopor
2775 998 2870 1051 est
2900 989 3259 1071 profundus
3292 1009 3457 1053 som-

1969 1103 2110 1162 nuS,
2162 1084 2365 1165 ligans
2414 1106 2638 1149 sensus
2688 1096 2749 1149 et
2802 1088 3309 1167 imaginationeS,
3346 1087 3454 1149 sed

1967 1184 2046 1245 ad
2076 1184 2471 1247 intellectum
2505 1204 2631 1249 non
2666 1186 3065 1268 pervenienS‚
3092 1186 3248 1267 quia
3275 1185 3458 1248 intel-

1967 1281 2169 1344 lectus
2211 1302 2337 1345 non
2376 1292 2471 1346 est
2502 1284 2704 1348 virtus
2747 1284 2811 1346 in
2845 1302 3111 1365 corpore
3148 1300 3161 1345 z
3196 1291 3455 1366 propter

1965 1380 2137 1461 quod
2180 1380 2245 1442 in
2276 1400 2503 1464 sopore
2546 1383 2745 1461 magis
2790 1390 3110 1463 operatur,
3142 1382 3298 1464 quia
3337 1400 3454 1444 nec

1965 1480 2335 1560 operatione
2354 1500 2679 1557 sensuum,
2701 1499 2819 1543 nec
2837 1479 3291 1559 imaginatione
3310 1497 3456 1542 evo-

1965 1586 2143 1639 catur
2165 1578 2265 1640 vel
2290 1579 2647 1660 impeditur.
2666 1579 2936 1641 Somnus
2956 1587 3166 1641 autem
3187 1597 3456 1641 commu-

1966 1695 2046 1739 ne
2067 1684 2164 1739 est
2184 1676 2601 1756 ligamentum
2622 1696 2937 1749 sensuum,
2960 1694 3083 1739 non
3107 1676 3455 1758 phantasiae

1965 1792 2082 1837 nec
2123 1774 2620 1855 imaginationis,
2663 1775 2839 1838 Unde
2881 1774 3040 1838 dicit
3082 1774 3455 1837 Aristoteles

344 1888 678 1951 quaquam
729 1870 916 1935 nobis
983 1872 1289 1953 loquitur,
1343 1872 1454 1935 sed
1504 1880 1791 1934 susurrat
1835 1888 1848 1933 ε
1890 1872 1936 1932 Β
1966 1872 2173 1954 primo
2201 1874 2279 1935 de
2309 1873 2541 1935 Somno
2573 1882 2635 1935 et
2659 1872 2903 1955 vigilia,
2926 1872 3094 1953 quod
3120 1872 3455 1954 phantasia

345 1968 504 2049 quia
565 1970 688 2033 etsi
741 1989 808 2033 se
865 1970 1056 2052 plene
1111 1988 1241 2033 non
1290 1970 1558 2045 intimat,
1608 1970 1852 2052 aliquid

345 2074 570 2130 tamen
601 2068 682 2131 de
713 2088 782 2131 se
802 2068 1002 2131 menti
1032 2068 1330 2131 humanae
1352 2068 1650 2131 ostendit.
1677 2069 1855 2131 Tunc

347 2173 569 2230 autem
603 2186 1012 2250 nequaquam
1058 2176 1366 2245 susurrat,
1403 2168 1512 2230 sed
1543 2167 1850 2250 loquitur,

347 2283 560 2345 quum
609 2265 754 2347 ejus
800 2265 987 2329 nobis
1019 2274 1192 2329 certa
1234 2266 1478 2347 species
1512 2266 1851 2330 revelatur.

347 2362 518 2427 Hinc
545 2363 614 2425 in
645 2363 990 2443 Evangelio
1019 2364 1266 2427 Veritas
1297 2364 1452 2427 dicit
1488 2381 1502 2425 ε
1537 2364 1745 2425 Palam
1775 2364 1856 2426 de

345 2460 539 2523 Patre
585 2462 988 2525 annuntiabo
1039 2461 1243 2526 vobis,
1277 2462 1355 2524 Et
1400 2463 1670 2524 Joannes
1707 2479 1721 2523 z
1755 2461 1858 2525 Vi-

345 2558 656 2621 debimus
686 2578 834 2624 eum
863 2560 1054 2623 sicuti
1085 2568 1203 2622 est.
1241 2559 1380 2623 Haec
1408 2559 1769 2641 Gregorius.

455 2656 938 2739 consequenter
985 2658 1064 2721 de
1115 2666 1399 2739 tempore
1449 2658 1854 2721 revelationis

345 2754 695 2837 subjungit
729 2774 742 2818 ε
779 2762 862 2818 In
891 2760 1154 2818 horrore
1193 2758 1462 2816 visionis
1501 2766 1853 2827 nocturnoe,

343 2854 420 2915 id
468 2862 566 2917 est
613 2854 678 2916 in
729 2854 978 2919 visione
1027 2854 1345 2930 horribili,
1379 2873 1523 2935 quae
1572 2863 1856 2936 tempore

343 2952 567 3016 noctis
607 2962 1022 3017 monstratur.
1059 2952 1196 3029 Vel,
1231 2953 1296 3015 In
1346 2953 1628 3029 horrore,
1663 2952 1728 3014 id
1747 2952 1855 3015 'est

337 3150 552 3211 citius
604 3149 848 3227 timent,
884 3158 947 3213 et
995 3150 1418 3214 revelationes
1452 3148 1852 3231 frequentius

337 3247 510 3311 fieri
551 3247 778 3312 solent.
815 3249 1092 3330 Tempus
1143 3266 1420 3329 namque
1468 3255 1853 3310 nocturnum

335 3346 442 3409 ob
474 3366 656 3409 suam
695 3346 1004 3429 quietem,
1038 3346 1118 3409 ad
1161 3346 1646 3429 percipiendum
1679 3363 1857 3409 reve-

335 3444 634 3508 lationes
681 3445 884 3525 magis
931 3454 1028 3508 est
1074 3463 1451 3526 congruum,
1486 3445 1742 3526 quando
1792 3454 1854 3507 et

333 3542 702 3608 exteriores
759 3562 986 3606 sensus
1037 3562 1076 3605 a
1133 3543 1266 3605 suis
1325 3543 1854 3625 occupationibus

332 3650 633 3719 cessant,
694 3642 962 3725 ipsaque
1022 3642 1120 3705 vis
1180 3641 1594 3722 imaginativa
1652 3650 1857 3705 exstat

333 3741 660 3824 quietior,
711 3751 902 3822 atque
961 3740 1044 3804 ob
1095 3740 1159 3803 id
1207 3740 1284 3802 ad
1334 3738 1852 3803 informationem

333 3842 640 3920 desuper
686 3838 1159 3921 suscipiendam
1208 3838 1534 3901 habilior:
1584 3839 1856 3921 ideoque

335 3936 726 4001 intellectus
777 3938 855 4000 ad
905 3936 1510 4019 contemplationem
1559 3946 1656 3999 est
1707 3944 1856 4000 tunc

333 4039 570 4121 magis
609 4039 980 4125 dispositus.
1015 4039 1252 4120 ltaque,
1300 4040 1366 4100 in
1412 4056 1488 4101 eo
1531 4039 1702 4119 quod
1743 4040 1851 4116 ait,

335 4140 424 4203 ln
463 4136 746 4216 horrore,
791 4137 1078 4200 insinuat
1115 4136 1624 4217 magnitudinem
1681 4156 1856 4201 reve-

1967 1970 2031 2031 in
2062 1970 2284 2052 vigilia
2310 1979 2622 2047 movetur,
2642 1979 2705 2033 et
2734 1970 2933 2051 magis
2966 1970 3031 2032 in
3066 1989 3311 2033 somno.
3336 1972 3457 2033 Hu-

1963 2069 2066 2151 jus
2115 2069 2367 2149 signum
2410 2076 2525 2146 est,
2581 2069 2750 2150 quod
2801 2068 3034 2131 dicitur
3083 2068 3147 2130 in
3196 2068 3448 2146 Genesi,

1966 2167 2115 2248 quia
2165 2187 2365 2249 quum
2419 2167 2723 2230 Dominus
2774 2167 2968 2229 vellet
3030 2166 3310 2230 revelare
3359 2166 3455 2228 in·-

1965 2265 2314 2328 tellectuali
2360 2265 2770 2343 revelatione,
2816 2264 3090 2346 qualiter
3132 2265 3211 2327 de
3257 2264 3453 2328 latere

1966 2364 2199 2426 Christi
2244 2364 2611 2426 fabricanda
2655 2372 2821 2426 esset
2849 2363 3151 2441 Ecclesia,
3187 2364 3455 2427 immisit
3498 2386 3745 2439 Gen.n,2t.

1967 2481 2260 2545 soporem
2293 2463 2358 2525 in
2388 2463 2608 2540 Adam,
2631 2470 2702 2524 ut
2733 2462 2997 2538 scilicet,
3036 2481 3163 2525 non
3187 2463 3457 2545 impedi—

1968 2569 2030 2623 to
2062 2561 2414 2638 intellectu,
2441 2560 2707 2644 limpide
2738 2561 3095 2643 perciperet
3126 2561 3456 2625 revelatio-

1969 2679 2137 2723 nem.
2172 2661 2331 2723 Hinc
2376 2660 2684 2742 scriptum
2728 2666 2824 2722 est
2872 2660 2933 2721 in
2967 2658 3242 2722 Canticis
3278 2676 3293 2721 :
3325 2660 3454 2740 Ego
3504 2680 3747 2731 eanum.

1966 2759 2236 2835 dormio,
2272 2767 2336 2821 et
2378 2778 2487 2821 cor
2516 2777 2729 2820 meum
2776 2757 3017 2837 vigilat.
3053 2758 3118 2819 ln
3151 2758 3454 2821 Numero-

1967 2877 2110 2920 rum
2142 2877 2400 2940 quoque
2430 2858 2616 2933 libro,
2642 2856 2753 2918 ubi
2784 2857 3264 2919 commendatur
3295 2857 3457 2921 visio

1968 2956 2241 3033 Balaam,
2294 2964 2356 3018 et
2402 2955 2637 3018 dicitur
2697 2955 2868 3034 quod
2920 2954 3199 3019 visiones
3248 2952 3460 3016 Omni·
3504 2971 3758 3023 Numam,

343 3060 647 3133 tempore
701 3052 910 3115 noctis
971 3049 1334 3127 tenebroso,
1386 3068 1513 3132 quo
1561 3050 1852 3113 homines
1890 3052 1934 3115 C
1967 3054 2246 3135 potentis
2297 3053 2565 3115 intuitus
2610 3061 2728 3129 est,
2781 3051 3190 3134 praemittitur
3238 3068 3251 3113 ε
3293 3051 3462 3114 Dixit
3488 3036 3586 3085 ‘’3·

1967 3153 2157 3215 homo
2206 3151 2390 3234 cujus
2428 3151 2759 3214 obturatus
2802 3160 2898 3214 est
2938 3151 3185 3228 oculuS,
3220 3151 3327 3232 qui
3360 3170 3461 3213 ea-

1964 3251 2079 3328 dit,
2115 3260 2179 3313 et
2208 3251 2299 3313 sic
2330 3250 2703 3332 aperiuntur
2744 3249 2915 3313 oculi
2946 3250 3107 3331 ejus.
3142 3250 3217 3311 Et
3258 3250 3459 3312 inten-

1963 3350 2074 3426 dit,
2109 3349 2277 3430 quod
2304 3357 2544 3431 quanto
2585 3348 2918 3411 obturatus
2962 3357 3061 3411 est
3100 3348 3321 3411 oculus
3356 3367 3458 3410 ex-

1967 3446 2184 3523 terior,
2222 3456 2395 3510 tanto
2442 3447 2774 3528 limpidius
2823 3447 2995 3511 videt
3042 3447 3349 3523 interior,
3395 3456 3460 3510 et

1965 3555 2207 3628 quanto
2236 3544 2405 3609 cadit
2434 3545 2706 3607 exterior
2745 3543 3148 3626 profundiori
3189 3545 3457 3607 destitu-

1967 3655 2066 3708 tus
2110 3664 2357 3727 sopore,
2404 3651 2577 3706 tanto
2616 3643 2963 3725 apertiores
3003 3643 3193 3707 habet
3237 3644 3457 3706 oculos

1967 3744 2301 3807 interiores
2331 3743 2409 3805 ad
2430 3742 2714 3805 veritatis
2745 3742 3371 3829 contemplationem.

2053 3843 2195 3905 Haec
2236 3841 2429 3906 verba
2470 3840 2718 3903 Alberti
2766 3839 3071 3902 difficilia
3118 3848 3286 3917 sunt,
3338 3858 3458 3903 nec

1965 3941 2307 4003 admodum
2332 3939 2629 4003 resoluta.
2664 3938 2787 4001 Nec
2818 3938 3182 4014 asserendo,
3220 3937 3329 3999 sed
3362 3956 3459 4001 re·-

1966 4038 2231 4102 l'erendo
2259 4058 2334 4101 ea
2352 4054 2812 4101 commemoro:
2839 4056 3111 4118 quorum
3141 4035 3457 4099 discussio

1965 4147 2027 4200 et
2069 4137 2431 4219 explanatio
2474 4136 2692 4199 multis
2741 4136 2981 4216 indiget
3018 4134 3173 4198 verb
3192 4134 3266 4211 is,
3300 4154 3459 4217 prae·

337 4236 662 4302 lationis:
700 4237 926 4301 horror
953 4236 1193 4300 etenim
1227 4244 1323 4299 est
1363 4236 1442 4299 de
1481 4236 1698 4318 aliquo
1729 4256 1856 4300 ma·
1889 4236 1938 4297 D
1967 4237 2185 4299 sertim
2206 4256 2405 4318 quum
2436 4235 2634 4299 soleat
2653 4234 2795 4311 dici,
2822 4235 2992 4316 quod
3016 4253 3130 4317 per
3160 4252 3457 4298 somnum

336 4355 492 4421 gno
523 4354 596 4399 ac
627 4336 1022 4413 admirandO,
1055 4335 1228 4416 quod
1275 4341 1384 4397 aut
1421 4334 1548 4411 vix,
1581 4342 1690 4396 aut
1728 4354 1854 4423 non

336 4432 602 4499 suffert
629 4443 858 4497 natura
886 4433 1187 4496 humana.
1231 4433 1297 4494 ln
1337 4450 1412 4495 eo
1442 4440 1653 4495 autem
1684 4433 1855 4514 quod

334 4535 472 4610 ait,
509 4532 814 4609 VisioniS‚
859 4532 1074 4595 innuit
1129 4530 1576 4595 certitudinem
1629 4532 1857 4595 verita-

337 4633 444 4696 tis
478 4630 828 4711 :quoniam
885 4630 1056 4712 quod
1105 4629 1420 4707 videmuS,
1456 4639 1700 4693 certum
1749 4630 1857 4692 ha-

337 4732 614 4795 bemus,
646 4728 900 4792 Adde-ns
951 4747 1126 4805 vem,
1169 4728 1524 4803 Nocturnae,
1568 4728 1858 4808 designat

337 4826 692 4893 exterioris
734 4837 928 4908 atque
976 4826 1302 4889 sensibilis
1352 4825 1611 4889 luminis
1651 4828 1859 4891 occul-

339 4926 688 5003 tationem,
721 4925 866 4988 dum
897 4925 1199 5007 strepitus
1246 4943 1548 4987 sensuum
1585 4943 1713 4988 non
1747 4925 1858 4989 im—

341 5025 541 5110 pedit
572 5023 994 5087 intellectum.

437 5126 716 5193 Quando
743 5142 930 5200 sopor
948 5126 1101 5183 solet
1129 5142 1438 5199 occupare
1457 5124 1764 5194 homines,
1791 5122 1856 5185 id

341 5230 474 5299 est,
501 5221 765 5302 quando
787 5220 996 5283 solent
1014 5220 1316 5297 dormire,
1339 5219 1505 5283 sicut
1527 5220 1592 5281 in
1616 5220 1851 5302 hymno

342 5320 443 5385 ait
463 5318 846 5382 Ambrosius
871 5335 885 5379 ε
910 5319 1074 5381 Deus
1103 5326 1370 5394 creator,
1389 5318 1665 5383 vestiens
1685 5318 1856 5382 diem

613 5452 680 5503 T.
709 5453 762 5501 4.

1967 4354 2078 4399 seu
2109 4354 2410 4397 sensuum
2442 4334 2877 4415 ligamentum,
2904 4353 3057 4395 usus
3082 4332 3350 4397 rationis
3383 4351 3457 4395 ac

1968 4433 2154 4497 liberi
2203 4432 2450 4495 arbitrii
2509 4432 2911 4514 impediatur.
2964 4432 3223 4514 Propter
3285 4431 3457 4513 quod

1966 4532 2257 4614 quaedam
2297 4550 2437 4612 quae
2481 4529 2651 4593 fiunt
2694 4530 2758 4592 in
2790 4548 3036 4606 somno,
3070 4540 3456 4593 excusantur

1965 4650 2002 4693 a
2031 4630 2241 4711 culpa,
2274 4648 2417 4711 quae
2460 4628 2617 4692 alias
2648 4637 2861 4691 essent
2902 4647 3162 4711 prorsus
3206 4629 3453 4690 illicita.

1969 4727 2173 4791 Verba
2220 4746 2475 4809 quoque
2512 4727 2762 4789 Balaam
2802 4728 2880 4789 ad
2925 4726 3225 4803 litteram,
3263 4726 3453 4788 aliam

1967 4826 2204 4890 habent
2223 4826 2813 4908 interpretationem
2833 4824 3415 4889 convenientiorem
3436 4848 3463 4899 ς.

1969 4944 2084 4988 nec
2115 4924 2254 5007 ipse
2283 4924 2532 4987 Balaam
2561 4942 2788 5005 sopore
2816 4931 2925 4986 aut
2953 4940 3175 4986 somno
3208 4922 3329 4985 fuit
3349 4941 3457 5003 op·

1968 5042 2245 5105 pressus,
2293 5021 2546 5103 quando
2584 5021 2863 5085 visiones
2905 5020 3047 5083 illas
3085 5020 3243 5082 duas
3282 5038 3453 5082 aece-

1968 5122 2083 5204 pit,
2121 5130 2380 5204 propter
2429 5139 2587 5201 quas
2626 5120 2897 5199 allegata
2940 5118 3205 5200 protulit
3235 5118 3451 5195 verba,

1969 5219 2503 5302 quemadmodum
2553 5216 2953 5281 intuentibus
3000 5225 3239 5280 textum
3302 5216 3455 5279 libri

1969 5318 2387 5381 Numerorum
2436 5335 2576 5379 reor
2622 5325 2859 5398 patere.
2911 5317 3128 5398 ltaque
3193 5324 3455 5399 propter

3150 5450 3213 5501 24
