4309 6259
589 1760 736 1806 Μανο.
749 1764 852 1813 ιιι,5.

597 3635 788 3743 ιΙΞΤΙιεεσ.
801 3655 856 3693 w,

879 474 998 538 316
1761 500 2106 547 mannam-10
2147 500 2211 546 m
2252 500 2387 546 car.
2436 501 2457 544 1
2495 500 2621 547 soa.
2666 521 2749 533 --
2787 488 2949 549 aar(
2978 506 3037 551 ιν

881 772 945 825 et
967 782 1092 826 non
1113 764 1373 846 affligas
1397 776 1455 830 te
1478 768 1686 851 ipsum
1718 770 1782 832 in
1805 772 2075 834 consilio
2098 781 2227 835 tuo.
2252 773 2367 835 Μο-

881 862 1094 924 derata
1119 882 1268 927 vero
1289 866 1547 929 tristitia
1579 886 1705 931 non
1737 878 1832 931 est
1859 869 2254 951 abjicienda:
2286 873 2363 934 de

611 965 850 1019 Recte-vn.
882 980 1006 1041 qua
1048 961 1113 1023 in
1142 962 1518 1027 Ecclesiaste
1558 966 1781 1044 fertur,
1824 969 1942 1031 Cor
1980 970 2363 1052 sapientium

799 1120 805 1125 .
883 1060 992 1123 ubi
1025 1061 1312 1138 tristitia3
1335 1082 1444 1127 cor
1473 1066 1811 1129 stultorum
1844 1069 1953 1131 ubi
1983 1069 2223 1131 laetitia.
2246 1070 2365 1132 Sed

879 1166 944 1219 et
974 1158 1052 1221 de
1082 1159 1328 1223 Christo
1358 1162 1757 1243 Evangelista
1791 1173 2052 1229 testatur
2071 1169 2242 1249 quod
2274 1169 2369 1230 di-

653 1270 821 1377 Μαὸιέιι.
884 1256 994 1333 xit,
1028 1257 1249 1321 Tristis
1283 1268 1379 1322 est·
1417 1262 1626 1323 anima
1665 1282 1804 1325 mea
1847 1285 2050 1346 usque
2085 1268 2165 1329 ad
2206 1286 2370 1329 mor-

588 1347 700 1384 xxvi,
778 1368 789 1378 .

886 1363 1033 1417 tem.
1067 1356 1194 1419 lmo
1225 1360 1394 1439 quod
1425 1360 1718 1426 Salomon
1747 1363 1857 1440 ait,
1881 1363 2014 1426 Non
2044 1366 2371 1427 contrista-

884 1452 980 1515 bit
1007 1455 1250 1534 justum
1290 1458 1602 1539 quidquid
1641 1460 1701 1522 ei
1737 1461 2062 1541 acciderit,
2095 1464 2173 1525 de
2203 1466 2369 1529 malo

884 1553 1088 1635 culpae
1118 1555 1390 1638 intelligi
1429 1560 1674 1640 nequit,
1714 1561 1837 1623 nisi
1887 1564 2094 1643 quoad
2143 1564 2370 1627 immo-

883 1652 1233 1721 derantiam
1284 1659 1622 1737 quamdam
1674 1660 1966 1739 tristitiae,
2019 1664 2367 1743 praesertim

884 1770 1072 1831 quum
1095 1753 1173 1816 de
1188 1754 1436 1819 Christo
1458 1756 1521 1818 in
1543 1757 1741 1821 Marco
1764 1760 2063 1843 scriptum
2085 1762 2202 1824 sit:
2224 1764 2371 1827 Con-

588 677 854 783 goetmxx,
885 681 958 726 60
986 664 1243 743 dicitur,
1269 667 1615 731 Tristitiam
1655 689 1782 734 non
1814 672 1924 734 des
1953 672 2183 737 animae
2212 680 2355 747 tuae,
2393 670 2441 733 A
2475 670 2640 735 bona
2670 673 2883 736 minus
2922 676 3304 759 principalia
3340 697 3415 740 ac
3445 674 3969 740 instrumentalia

2473 773 2551 834 ad
2602 772 2889 851 virtuteS,
2924 775 3089 837 sicut
3125 784 3188 837 et
3226 795 3457 859 corpus
3502 776 3837 840 ordinatur
3886 775 3969 836 ad

2474 870 2749 933 animam
2788 890 2801 933 ε
2835 872 2977 935 ί(160
3006 875 3084 936 (16
3113 893 3333 938 eorum
3362 875 3707 938 amissione
3747 874 3973 936 mode-

2475 978 2689 1030 ranter
2717 987 2902 1051 posse
2934 970 3193 1049 tristari,
3228 973 3483 1053 quando
3512 971 3814 1035 videlicet
3854 970 3973 1033 ho-

2475 1086 2579 1129 mo
2610 1067 2701 1130 sic
2729 1068 2820 1129 eis
2842 1069 3149 1151 privatur,
3175 1071 3345 1151 quod
3372 1072 3546 1152 juxta
3578 1070 3676 1132 sui
3704 1069 3975 1150 exigen-

2476 1166 2629 1241 tiam
2660 1176 2859 1229 status
2890 1187 3017 1231 non
3048 1169 3277 1232 retinet
3304 1169 3820 1253 competentiam.

2558 1264 2786 1346 Sicque
2830 1267 2946 1330 Job
2990 1267 3054 1329 in
3102 1268 3533 1333 contristando
3572 1288 3637 1331 se
3684 1267 3970 1330 habuit:

2479 1383 2666 1444 quem
2690 1365 2880 1427 etiam
2902 1366 3175 1429 arbitror
3195 1368 3391 1430 Deum
3410 1368 3730 1431 adorando
3752 1386 3975 1431 orasse

2479 1481 2594 1544 pro
2624 1464 2756 1526 suis
2785 1464 3127 1543 defunctiS,
3160 1474 3225 1527 et
3262 1485 3342 1528 ne
3383 1465 3699 1529 laberetur
3729 1467 3875 1549 ipse
3908 1466 3975 1526 in

2478 1562 2758 1643 aliquam
2788 1564 3064 1646 culpam.
3098 1564 3174 1627 Et
3212 1565 3536 1646 quoniam,
3570 1566 3733 1629 sicut
3773 1565 3979 1648 paulo

2480 1672 2623 1745 post
2644 1663 2952 1740 subditur,
2969 1665 3201 1744 gratias
3222 1665 3350 1745 egit
3369 1665 3509 1742 Dec,
3526 1674 3773 1728 constat
3795 1666 3977 1747 quod

2479 1763 2827 1824 secundum
2858 1762 3122 1825 rationis
3152 1783 3281 1827 suae
3322 1782 3708 1845 supremum,
3742 1764 3977 1845 aliquo

884 1850 1169 1914 tristatus
1207 1862 1304 1916 est
1342 1875 1533 1938 super
1561 1859 1840 1922 caecitate
1878 1861 2084 1923 cordis
2122 1881 2365 1927 eorum.
2408 1860 2453 1921 B
2480 1861 2668 1924 modo
2696 1859 2951 1940 gavisus
2974 1862 3055 1924 sit
3084 1862 3149 1924 in
3180 1861 3461 1945 praefatis
3488 1863 3798 1941 adversiS,
3818 1882 3981 1926 con-

964 1949 1154 2013 Porro
1184 1955 1502 2033 quomodo
1531 1956 1720 2020 timor
1740 1967 1802 2020 et
1832 1959 2085 2022 tristitia
2113 1980 2189 2023 ac
2216 1969 2372 2022 cete-

887 2067 971 2110 rae
1002 2050 1329 2130 passiones
1359 2054 1586 2118 cadant
1617 2055 1681 2117 in
1712 2056 1918 2120 virum
1949 2067 2366 2135 constantem,

885 2164 995 2207 seu
1018 2146 1300 2212 virtuoso
1322 2150 1449 2213 sint·
1466 2155 1882 2233 assumendae,
1905 2157 1967 2217 B.
1985 2157 2371 2237 Augustinus

886 2244 952 2305 in
984 2244 1164 2308 libris
1195 2247 1273 2309 de
1301 2248 1566 2313 Civitate
1595 2252 1701 2314 Dei
1735 2253 1978 2335 prolixe
2005 2263 2369 2337 pertractat,

887 2344 1162 2406 recitans
1209 2346 1490 2411 diversas
1547 2351 1624 2412 de
1671 2351 1791 2414 hoc
1845 2353 2372 2435 philosophorum

886 2442 1241 2524 opiniones,
1263 2445 1452 2509 Stoici
1474 2448 1646 2510 enim
1667 2450 1984 2528 dicebant,
2005 2453 2173 2533 quod
2196 2453 2374 2516 nullo

887 2543 1076 2604 modo
1115 2546 1351 2606 cadunt
1389 2546 1454 2607 in
1495 2547 1704 2610 virum
1754 2558 2146 2612 constantem
2186 2560 2249 2613 et
2286 2572 2375 2613 sa-

890 2640 1192 2721 pientem.
1224 2642 1622 2726 Peripatetici
1662 2664 1812 2709 vero
1851 2647 2168 2727 dicebant,
2202 2651 2372 2731 quod

891 2739 1218 2820 passiones
1246 2742 1324 2803 de
1363 2760 1430 2804 se
1461 2761 1588 2806 non
1629 2754 1780 2807 sunt
1808 2746 2106 2810 virtuosae
2143 2756 2254 2810 aut
2282 2748 2375 2810 vi-

893 2838 1088 2915 tiosae,
1113 2841 1222 2902 sed
1254 2843 1571 2904 naturales
1595 2844 1881 2924 quaedam
1910 2844 2291 2910 affectiones
2312 2857 2376 2909 et

889 2946 1097 2999 mot-ns
1133 2956 1146 3001 ε
1183 2939 1324 3001 ideo
1372 2943 1721 3004 secundum
1763 2944 2026 3007 rationis
2056 2946 2373 3009 dictamen

2482 1959 2819 2023 siderando
2856 1980 2929 2023 ea
2971 1970 3041 2024 ut
3070 1964 3417 2025 secundnm
3448 1962 3557 2025 Dei
3603 1962 3981 2044 beneplaci-

2484 2066 2615 2120 tum
2649 2059 2773 2121 sibi
2805 2058 3078 2137 inflicta,
3111 2070 3175 2123 et
3204 2070 3273 2123 ut
3300 2061 3561 2123 materia
3592 2062 3809 2141 magni
3842 2080 3984 2123 me-

2483 2157 2590 2219 riti
2612 2158 3001 2221 exstiterunt.
3014 2158 3321 2222 Gaudium
3346 2178 3573 2241 nempe
3590 2168 3685 2221 est
3704 2158 3987 2224 diffusio

2478 2256 2681 2318 animi
2712 2256 2779 2318 in
2806 2265 3117 2340 conceptu
3147 2258 3324 2320 boni.

2561 2358 2647 2416 Et
2672 2357 2851 2417 dixit
2881 2376 2903 2415 .·
2936 2358 3165 2419 Nudus
3192 2376 3473 2434 eyressus
3500 2378 3643 2417 sum
3680 2360 3761 2418 de
3790 2368 3982 2419 utero

2482 2456 2712 2514 matris
2742 2474 2893 2515 πιθα)
2922 2475 2944 2513 .·
2976 2455 3145 2535 quod
3192 2455 3271 2517 (16
3318 2455 3591 2538 propriae
3636 2455 3983 2536 genitricis

2484 2561 2662 2614 utero
2708 2552 2912 2635 accipi
2960 2561 3194 2635 posset,
3237 2554 3361 2615 nisi
3407 2572 3553 2616 mox
3596 2555 3885 2631 adderet,
3920 2566 3984 2616 et

2482 2654 2700 2711 nudus
2736 2662 3025 2712 revertar
3062 2653 3243 2713 illuc,
3276 2652 3511 2733 ltaque,
3556 2670 3669 2734 per
3714 2660 3983 2715 uterum

2482 2749 2702 2811 matris
2743 2768 2895 2827 suae,
2940 2749 3251 2811 intellexit
3289 2758 3541 2813 uterum
3588 2759 3793 2827 terrae,
3828 2771 3986 2833 quae

2482 2848 2767 2911 omnium
2800 2849 3163 2912 mortalium
3192 2850 3549 2913 communis
3586 2857 3683 2913 est
3712 2859 3929 2913 mater
3964 2869 3979 2913 ε

2481 2966 2557 3009 cu
2563 2947 2664 3027 jus
2688 2954 2904 3009 uterus
2924 2956 3022 3009 est
3039 2948 3299 3028 aliquod
3322 2950 3789 3030 receptaculum
3808 2951 3979 3031 ejus,

889 3046 1156 3117 possunt
1176 3038 1312 3099 sine
1334 3039 1519 3121 culpa
1543 3040 1748 3104 inesse
1767 3052 1956 3123 atque
1976 3046 2205 3107 assumi
2228 3066 2372 3109 cum
2407 3042 2451 3105 C
2483 3046 2547 3106 in
2579 3046 2749 3126 quod
2779 3046 2944 3108 redit
2961 3047 3151 3109 homo
3182 3065 3296 3128 per
3316 3047 3707 3129 sepulturam
3734 3068 3813 3111 ac
3842 3068 3984 3112 cor-

887 3136 1341 3215 moderamine,
1375 3138 1462 3200 ita
1491 3141 1659 3220 quod
1691 3142 1998 3205 rationem
2028 3162 2155 3206 non
2186 3146 2375 3208 obru-

885 3242 998 3296 ant
1032 3251 1048 3296 :
1080 3236 1370 3317 hancque
1402 3239 1779 3301 sententiam
1813 3240 2020 3303 fassus
2048 3252 2146 3305 est
2173 3244 2375 3324 Augu·

887 3334 1093 3395 stinus
1124 3354 1314 3398 sacrae
1338 3336 1674 3419 Scripturae
1705 3342 2255 3405 consonantiorem
2280 3360 2375 3403 es-

886 3451 954 3493 se
973 3452 1046 3495 ac
1067 3452 1303 3496 veram.
1317 3434 1487 3496 idem
1509 3455 1763 3518 quoque
1785 3437 1904 3502 hoc
1927 3440 2064 3502 loco
2085 3439 2375 3503 affirmat

886 3530 1242 3610 Gregorius,
1276 3533 1664 3613 Augustinus
1695 3536 1976 3619 insuper,
2003 3558 2194 3621 super
2213 3538 2371 3601 illud

887 3629 1170 3711 Apostoli
1199 3631 1278 3692 ad
1300 3630 1912 3713 ThessalonicenseS,
1936 3636 2239 3699 Nolumus
2261 3657 2374 3701 vos

891 3728 1179 3808 ignorare
1199 3730 1276 3792 de
1296 3731 1781 3809 dormientibus,
1809 3742 2024 3797 utnon
2056 3736 2378 3799 contriste-

887 3826 1044 3889 mini
1075 3827 1241 3890 sicut
1267 3836 1330 3890 et
1358 3829 1549 3892 ceteri
1591 3830 1702 3911 qui
1742 3850 1918 3913 spem
1948 3851 2074 3894 non
2115 3834 2371 3911 habent,

885 3927 1041 3989 dicit
1089 3927 1154 3989 in
1195 3929 1468 4008 quodam
1510 3947 1798 3992 sermone
1843 3948 1858 3993 ε
1900 3931 2034 3994 Νο6
2081 3933 2377 4013 prohibet

886 4025 1221 4108 Apostolus
1269 4027 1347 4088 de
1396 4036 1596 4089 morte
1644 4047 1932 4091 carorum
1991 4049 2063 4092 ac
2119 4032 2377 4113 propin-

886 4144 1159 4205 quorum
1190 4125 1470 4200 tristari3
1524 4127 1632 4188 sed
1673 4127 1970 4209 prohibet
2008 4129 2098 4192 sic
2137 4130 2375 4192 tristari

2482 3144 2654 3225 poris
2685 3144 3160 3221 resolutionem,
3192 3146 3371 3225 juxta
3399 3146 3568 3226 quod
3597 3146 3843 3208 dictum
3876 3157 3983 3209 est

2480 3242 2627 3305 Adae
2662 3260 2675 3303 :
2709 3242 2775 3304 In
2824 3243 3051 3305 sudore
3098 3243 3311 3305 vultus
3359 3232 3462 3305 tui'
3490 3244 3763 3307 vesceris
3802 3265 3982 3327 pane
4015 3272 4259 3320 Gemmas.

2481 3352 2613 3419 tuo,
2638 3341 2837 3403 donec
2866 3342 3201 3404 revertaris
3223 3342 3289 3403 in
3312 3351 3540 3405 terram
3560 3343 3638 3405 de
3657 3362 3785 3424 qua
3806 3364 3985 3406 sum-

2482 3450 2629 3523 ptus
2659 3460 2747 3517 eS,
2783 3441 2931 3521 quia
2964 3440 3175 3522 pulvis
3204 3460 3294 3518 eS,
3328 3450 3391 3503 et
3422 3442 3487 3503 in
3518 3441 3847 3524 pulverem
3882 3464 3987 3507 rc-

2482 3539 2767 3603 verteriS.
2802 3538 2920 3599 Sed
2968 3558 3165 3619 quum
3212 3538 3658 3602 defunctorum
3704 3560 3985 3624 corpora

2483 3637 2727 3699 soleant
2764 3636 2981 3716 aliquo
3031 3637 3425 3718 operimento
3477 3646 3637 3701 tecta
3686 3640 3981 3721 sepeliri,

2484 3734 2801 3816 quomodo
2830 3733 2945 3797 Job
2966 3734 3153 3797 rediit
3174 3736 3381 3797 nudus
3412 3736 3478 3820 in
3500 3745 3753 3813 terram,
3778 3758 3985 3819 quem

2483 3842 2727 3897 constat
2776 3853 2921 3895 cum
2960 3834 3233 3895 maxima
3272 3834 3649 3897 solennitate
3692 3844 3759 3897 et
3806 3835 3985 3900 forte

2484 3931 2777 4014 pretiosis
2798 3941 3091 4013 opertum
3121 3931 3187 3993 in
3217 3940 3629 3995 monumento
3649 3933 3935 3997 locatum
3960 3939 3985 3996 ἓ

2483 4031 2560 4092 Et
2589 4032 3123 4113 respondendum,
3157 4033 3328 4112 quod
3356 4050 3470 4113 per
3508 4031 3860 4094 nuditatem
3894 4032 3987 4093 εἰ-

2482 4138 2713 4210 gnatur
2741 4129 3019 4192 carentia
3057 4148 3249 4211 opum
3278 4149 3353 4193 66
3394 4149 3625 4206 rerum,
3660 4139 3983 4211 quantum

882 4224 1049 4285 sicut
1098 4222 1393 4285 infideles
1440 4224 1794 4302 tristantur,
1828 4245 1939 4307 spe
1978 4229 2377 4291 resurrectio—
2407 4225 2456 4288 D
2484 4229 2561 4290 ad
2592 4227 3101 4311 possessionem3
3134 4236 3377 4291 certum
3405 4237 3500 4290 est
3528 4236 3763 4304 autem,
3799 4230 3985 4309 quod

883 4322 984 4383 nis
1008 4328 1314 4397 carenteS,
1336 4322 1556 4402 sicque
1576 4323 1861 4387 dolentes
1884 4326 2066 4407 quasi
2087 4326 2374 4391 defuncti

883 4418 1145 4481 omnino
1177 4438 1315 4481 esse
1345 4421 1670 4484 desierint.
1704 4423 1779 4485 Et
1809 4424 2037 4487 iterum
2069 4424 2159 4488 ait
2192 4444 2206 4487 :
2239 4426 2373 4489 Non

885 4535 1222 4599 possumus
1244 4518 1408 4581 caris
1427 4539 1503 4583 ac
1526 4521 1904 4602 propinquis
1927 4522 2249 4587 defunctis
2270 4544 2377 4605 pe-

887 4615 1059 4677 nitus
1102 4634 1227 4678 non
1276 4617 1538 4680 tristari.
1571 4619 1873 4682 Praeterea
1906 4622 2100 4684 Stoici
2137 4642 2377 4685 asscre-

885 4714 1059 4789 bant,
1079 4714 1240 4777 bona
1269 4716 1579 4778 exteriora
1601 4718 1778 4780 nullo
1801 4720 1987 4781 modo
2015 4739 2152 4782 esse
2174 4721 2373 4783 homi-

888 4812 986 4874 nis
1035 4812 1222 4889 bona,
1260 4812 1400 4876 ideo
1440 4815 1518 4876 de
1557 4833 1775 4877 eorum
1815 4816 2158 4881 amissione
2197 4820 2376 4883 nullo

887 4914 1074 4975 modo
1103 4932 1241 4975 esse
1270 4913 1612 4975 dolendum
1640 4932 1655 4975 ε
1679 4916 1868 4995 cujus
1895 4916 2217 4998 opinionis
2250 4918 2373 4981 fuit

885 5021 951 5075 ct
977 5011 1204 5074 Craton
1236 5011 1679 5094 philosophus,
1712 5021 2054 5095 antequam
2082 5036 2118 5077 a
2137 5016 2376 5081 Ioanne

885 5111 1174 5192 apostolo
1196 5119 1691 5187 converteretur,
1719 5122 1906 5193 prout
1929 5114 1992 5175 in
2022 5114 2374 5179 beatissimi

887 5209 1145 5273 Ioannis
1203 5208 1566 5272 continetur
1613 5210 1923 5290 Legenda.
1975 5212 2377 5295 Peripatetici

895 5326 1045 5370 vero
1074 5307 1372 5372 dicebant
1400 5306 1565 5371 bona
1594 5310 1904 5373 exteriora
1931 5330 2070 5373 esse
2097 5310 2376 5375 hominis

2484 4345 2713 4408 corpus
2732 4325 3022 4388 exanime
3043 4326 3206 4388 nihil
3229 4327 3560 4408 possideat.
3574 4328 3779 4401 Porr0‚
3800 4330 3985 4408 quod

2486 4433 2650 4489 terra
2681 4432 2883 4486 mater
2911 4423 3242 4487 hominum
3282 4425 3661 4506 appelletur,
3696 4433 3871 4507 patet
3900 4446 3987 4489 ex

2483 4522 2927 4586 Ecclesiastico
2975 4522 3039 4584 in
3089 4542 3215 4603 quo
3262 4523 3531 4585 habetur
3574 4542 3587 4585 :
3630 4523 3986 4607 Occupatio
4051 4556 4269 4605 aedan,

2484 4640 2710 4701 magna
2751 4630 2960 4683 creata
3006 4631 3103 4684 est
3140 4620 3438 4684 omnibus
3486 4622 3879 4698 hominibm,
3916 4633 3989 4685 et
4021 4623 4063 4662 ¹·

2482 4721 2705 4803 jugum
2752 4738 2943 4799 grave
2982 4740 3173 4803 super
3220 4739 3440 4783 omnes
3480 4720 3653 4783 filios
3683 4720 3909 4796 Adam,
3946 4743 3989 4785 a

2484 4819 2587 4882 die
2614 4818 2819 4881 exitus
2858 4820 2937 4882 de
2977 4828 3199 4883 ventre
3237 4820 3455 4881 matris
3494 4838 3734 4895 eorum,
3772 4840 3987 4901 usque

2485 4919 2550 4980 in
2573 4918 2741 4980 diem
2766 4918 3107 4999 sepulturae
3130 4919 3193 4980 in
3216 4927 3481 4981 matrem
3502 4917 3807 4981 omnium.
3824 4918 3991 4983 1²1·ae-

2485 5015 2703 5079 habito
2752 5034 3009 5097 quoquc
3053 5015 3169 5079 Job
3218 5015 3413 5080 verbo
3459 5025 3766 5079 consonat
3814 5016 3985 5080 illud

2485 5114 2769 5198 Apostoli
2809 5115 2887 5176 ad
2936 5115 3336 5179 Timotheum
3371 5132 3384 5176 :
3418 5115 3586 5177 Nihil
3640 5114 3987 5179 intulimus
4024 5142 4269 5185 {rm-25,

2458 5216 2553 5275 'in
2586 5213 2758 5276 hunc
2786 5214 3094 5276 mundum
3121 5237 3135 5287 3
3171 5213 3341 5276 haud
3378 5212 3644 5275 dubium
3676 5212 3827 5294 quia
3860 5234 3987 5278 nec

2486 5310 2741 5375 auferre
2772 5312 2924 5393 quid
2948 5332 3307 5394 possumus.
3333 5312 3781 5375 Verumtamen
3812 5312 3991 5377 vide-
