4309 6259
113 5156 290 5212 leonem!
299 5171 332 5211 3.

1253 533 1599 581 zumulo
1641 535 1704 581 m
1745 534 1882 581 cAP.
1916 536 2002 581 vll
2039 536 2168 583 1013.
2211 554 2292 568 -·-
2331 538 2473 585 ART.
2518 538 2606 583 XX

3346 516 3461 581 411

375 702 520 780 buS,
546 710 610 765 et
641 722 770 767 non
800 710 898 767 est
926 704 1166 767 sanitas
1194 702 1261 766 in
1290 723 1481 767 carne
1509 724 1670 768 mea.
1695 707 1872 767 Cutis
1899 702 1951 765 A
1982 704 2299 768 internam
2338 704 2661 783 diminuit,
2698 704 2751 767 si
2794 703 2951 768 foris
2991 723 3106 787 per
3136 705 3329 767 verba
3366 721 3468 766 or·-

375 824 538 876 mea,
561 804 626 865 id
647 812 745 866 est
773 803 1280 867 conversationis
1309 822 1467 867 meae
1494 804 1870 888 superficies

369 903 833 985 apparentiave
879 903 1176 981 exterior,
1209 906 1418 975 aruit,
1456 905 1520 968 id
1567 914 1685 983 est,
1727 905 1870 968 aliis

369 1002 760 1089 exemplaris
799 1010 863 1065 et
903 1001 1233 1065 fructuosa
1271 1022 1397 1066 non
1441 1003 1584 1079 fuit,
1619 1006 1728 1067 sed
1760 1024 1872 1088 po-

367 1102 500 1163 tius
528 1100 1046 1177 scandalizativa,
1077 1112 1140 1161 ec
1164 1113 1490 1164 contracta
1525 1114 1636 1176 est,
1670 1104 1735 1166 id
1774 1113 1870 1167 est

366 1199 558 1283 plicis
605 1200 1005 1281 duplicitatis
1045 1209 1108 1263 et
1145 1202 1320 1280 rugis
1365 1208 1662 1266 tortuosae
1702 1203 1870 1285 inju-

365 1298 558 1361 stitiae
589 1298 966 1362 deformata.
992 1299 1444 1363 Verumtamen
1473 1302 1608 1364 haec
1636 1302 1867 1385 exponi

365 1390 616 1477 qu‘eunt
645 1396 714 1458 in
744 1396 936 1474 bono,
961 1405 1030 1459 ut
1049 1416 1196 1461 caro
1226 1398 1598 1481 poenitentis
1621 1396 1868 1463 dicatur

368 1495 714 1577 putredine
748 1514 826 1559 ac
864 1495 1161 1559 sordibus
1205 1497 1490 1577 pulveris
1535 1498 1719 1579 quasi
1761 1517 1869 1562 ve-

365 1596 540 1671 stita,
564 1594 629 1657 id
659 1604 758 1657 est
785 1614 918 1677 prae
945 1596 1156 1677 rigore
1184 1596 1589 1660 abstinentiae
1618 1617 1690 1661 ac
1719 1616 1868 1681 ope-

365 1712 510 1755 rum
541 1694 940 1775 poenitentiae
962 1694 1237 1757 naturali
1259 1695 1476 1776 vigore
1503 1696 1868 1778 aliqualiter

363 1794 696 1868 destituta,
730 1801 794 1856 et
830 1794 912 1856 ab
951 1794 1313 1875 aequalitate
1358 1795 1706 1859 harmoniae
1752 1796 1868 1858 ali-

1979 804 2198 867 dinata
2235 812 2527 889 erumpat
2561 823 2575 867 τ
2611 804 2783 867 intus
2814 804 3051 868 etenim
3083 822 3465 886 permanens

1979 903 2217 982 clausa,
2259 904 2403 987 plus
2453 903 2715 967 cruciat.
2764 902 2922 966 Hinc
2970 902 3177 986 primo
3226 902 3463 983 Regum

1980 1010 2199 1066 sancta
2238 1003 2419 1065 Anna
2459 1001 2694 1066 fatetur
2726 1020 2740 1065 :
2775 1002 2865 1064 Ex
2908 1000 3319 1064 multitudine
3360 1001 3467 1065 do·
3496 1022 3637 1079 1⁸09.
3652 1024 3754 1075 ωε.

1979 1101 2131 1164 loris
2158 1108 2221 1165 et
2249 1102 2539 1165 moeroris
2572 1102 2698 1165 mei
2728 1102 2939 1165 locuta
2969 1120 3133 1163 sum.
3158 1101 3468 1177 Consabu-

1981 1203 2158 1261 labor
2186 1222 2333 1263 cum
2360 1204 2808 1263 amaritudine
2834 1204 3075 1263 animoe
3104 1220 3279 1271 meae,
3298 1217 3467 1262 com-

1977 1301 2260 1381 parando
2284 1318 2420 1362 eam
2447 1301 2525 1362 ad
2552 1318 2625 1363 ea
2645 1319 2788 1381 quae
2813 1299 2983 1382 passi
3014 1306 3165 1361 sunt
3182 1298 3464 1361 Christus

1976 1406 2040 1461 et
2071 1406 2378 1481 martyres
2410 1417 2484 1462 ac
2512 1398 2621 1461 alii
2656 1398 2883 1475 sancti,
2908 1414 3183 1480 quorum
3214 1415 3466 1479 compa·

1977 1498 2225 1561 ratione
2270 1498 2511 1562 nullius
2558 1507 2654 1561 est
2703 1495 3026 1581 ponderiS‚
3063 1496 3463 1577 faciliterque

1977 1595 2311 1659 suffertur.
2356 1596 2825 1661 Confabulabor
2867 1614 3122 1677 quoque
3168 1613 3315 1657 cum
3364 1613 3459 1672 ea,

1975 1715 2051 1758 ex
2095 1696 2402 1777 qualitate
2452 1716 2606 1759 meae
2648 1694 3027 1759 afflictionis
3078 1712 3189 1757 seu
3233 1711 3459 1777 poenae,

1975 1795 2436 1858 considerando
2474 1795 2849 1876 qualitatem
2885 1802 2947 1857 et
2986 1792 3462 1857 multitudinem

362 1910 494 1971 quo
519 1891 710 1953 modo
739 1900 1038 1974 corrupta
1065 1911 1142 1954 ac
1174 1891 1524 1955 infirmata.
1547 1894 1712 1957 Inter
1731 1894 1867 1957 ahs-
1901 1895 1947 1956 B
1974 1900 2377 1976 peccatorum
2410 1912 2721 1957 meorum.
2755 1893 3017 1957 Vexatio
3048 1910 3325 1973 namque
3353 1893 3463 1954 dat
3528 1908 3749 1957 nan-111.

363 1990 706 2053 tinentiam
754 1990 998 2073 quippe
1040 1991 1342 2054 virtutem
1381 1992 1762 2073 acquisitam
1790 2013 1864 2057 ac

361 2089 748 2166 naturalem,
783 2098 848 2152 et
881 2089 1046 2151 inter
1075 2089 1530 2154 abstinentiam
1561 2092 1864 2156 virtutem

363 2188 674 2264 infusam,
718 2189 840 2250 ista
885 2188 1214 2253 distinctio
1259 2189 1640 2271 assignatur,
1693 2192 1863 2273 quod

361 2289 440 2350 ad
487 2286 947 2350 abstinentiam
996 2287 1353 2351 naturalem
1399 2288 1676 2370 pertinet
1722 2298 1864 2351 >tan-

367 2393 500 2448 tum
551 2384 846 2467 accipere
893 2384 1207 2461 alimenti,
1250 2394 1558 2468 quantum
1610 2388 1866 2470 expedit

361 2485 442 2547 ad
475 2484 795 2546 naturalia
825 2502 1016 2566 opera
1049 2484 1314 2547 rationis
1335 2487 1762 2567 exsequenda,
1781 2495 1866 2549 at-

364 2602 492 2664 que
520 2583 602 2644 ad
636 2582 872 2645 bonam
902 2582 1052 2645 vitae
1084 2584 1394 2645 naturalis
1422 2583 1861 2648 habitudinem

363 2682 428 2744 in
451 2700 726 2763 corpore
746 2682 1247 2745 conservandam
1267 2706 1281 2758 3
1313 2683 1390 2744 ad
1411 2683 1864 2747 abstinentiam

359 2798 512 2851 vero
548 2779 835 2842 infusam
866 2788 1132 2861 spectat,
1158 2780 1348 2843 etiam
1379 2781 1626 2863 aliquid
1659 2802 1867 2846 neces-

359 2879 679 2943 sariorum
726 2878 1098 2941 abstrahere
1146 2880 1421 2962 corpori,
1464 2888 1723 2963 propter
1772 2901 1866 2944 re-

359 2962 914 3061 compensandum
943 2976 1083 3058 ejus
1122 2978 1189 3040 in
1229 2978 1550 3041 alimentis
1591 2979 1865 3061 aliisque

1973 1990 2366 2054 intellectum
2406 2009 2420 2053 :
2456 1992 2599 2055 ideo
2630 1991 2815 2054 multi
2849 1990 3338 2055 infirmitatibus
3362 1991 3463 2053 de-

1975 2090 2295 2173 prehensi,
2342 2098 2633 2172 pensant,
2674 2089 3067 2154 confitentur
3104 2109 3177 2173 ac
3217 2088 3463 2152 deflent

1973 2189 2129 2251 vitia
2176 2208 2310 2252 sua.
2344 2189 2521 2253 Unde
2559 2188 2885 2252 tribulatio
2926 2189 3073 2252 vitae
3103 2189 3457 2272 praesentis,

1974 2289 2140 2351 inter
2172 2288 2447 2351 maxima
2478 2289 2589 2351 Dei
2620 2308 2883 2351 munera
2914 2295 3317 2370 computatur
3354 2304 3368 2349 ε
3401 2296 3464 2350 et

1975 2386 2101 2449 nisi
2131 2387 2265 2450 haec
2295 2396 2481 2464 esset,
2506 2387 2877 2469 paucissimi
2911 2387 3323 2463 salvarentur,
3350 2386 3465 2449 sic-

1974 2494 2043 2548 ut
2072 2494 2134 2549 et
2165 2486 2225 2547 S.
2258 2485 2521 2566 Brigitta
2552 2485 2674 2547 sihi
2704 2485 2930 2549 asserit
2962 2486 3331 2567 revelatum.

2057 2584 2295 2647 Deinde
2324 2583 2539 2646 anima
2570 2585 2649 2646 ad
2680 2585 3240 2666 contemplationis
3276 2586 3466 2649 liber-

1974 2690 2170 2745 tatem
2202 2683 2603 2765 patriamque
2622 2683 2945 2747 coelestem
2975 2684 3303 2761 anhelanS,
3324 2683 3466 2747 sub-

1972 2781 2221 2864 jungit:
2246 2783 2591 2862 Numquid
2618 2804 2797 2843 mare
2814 2802 2923 2860 eye
2944 2803 3086 2843 sum
3108 2792 3225 2844 aut
3250 2786 3465 2845 cetus?

1975 2881 2325 2944 secundum
2377 2880 2807 2962 expositiones
2848 2881 3263 2964 praehabitas3
3305 2886 3463 2963 quia

1973 2981 2460 3041 circumdedisti
2491 3000 2589 3039 mc
2616 3000 2887 3051 carcere,
2922 2980 2987 3042 id
3020 2988 3117 3042 est
3154 2981 3465 3063 corrupti-

355 3094 715 3151 excessum‚
769 3084 832 3139 et
879 3084 951 3139 ut
996 3075 1248 3140 Christo
1295 3068 1859 3159 concrucifigatur,
1899 3082 1942 3146 C
1972 3078 2085 3141 bili
2136 3096 2403 3160 corpore
2444 3097 2547 3141 me
2587 3086 2889 3158 gravante
2931 3098 3004 3143 ac
3045 3079 3460 3162 deprimente,

361 3182 470 3237 aut
499 3194 616 3257 per
643 3175 768 3238 hoc
797 3175 942 3257 plus
970 3176 1190 3255 gratias
1219 3184 1556 3240 mereatur.
1590 3177 1722 3252 Quo
1773 3177 1866 3240 fa-

363 3284 488 3350 cto,
521 3274 692 3336 cutis
720 3283 856 3337 aret
883 3282 1076 3355 atque
1107 3275 1526 3352 contrahitur,
1561 3276 1649 3338 ita
1693 3278 1860 3357 quod

361 3373 611 3456 pallore
649 3392 726 3436 ac
765 3374 989 3450 macie,
1023 3393 1166 3455 quae
1205 3382 1356 3436 sunt
1395 3374 1574 3456 signa
1603 3375 1860 3450 amoriS,

363 3473 559 3536 homo
605 3470 924 3535 afficitur.
979 3472 1081 3535 Sic
1128 3472 1300 3534 enim
1346 3474 1438 3535 ait
1481 3473 1810 3536 Psalmista
1847 3492 1860 3536 :

253 3590 288 3635 z,
327 3620 336 3631 .
362 3572 516 3637 Ossa
547 3592 691 3635 mea
722 3571 888 3634 sicut
919 3572 1228 3635 cremium
1257 3581 1601 3646 aruerunt3
1645 3592 1684 3635 a
1710 3592 1866 3637 voce

361 3673 642 3753 gemitus
675 3670 802 3734 mei
835 3671 1101 3734 adhaesit
1128 3690 1199 3734 os
1229 3690 1442 3734 meum
1473 3672 1649 3735 carni
1681 3691 1859 3736 meae.

443 3775 876 3848 Quapropter,
917 3770 979 3831 id
1019 3778 1137 3846 est,
1180 3790 1379 3851 quum
1422 3778 1596 3833 tanta
1638 3770 1721 3833 sit
1760 3789 1866 3852 ge-

363 3869 536 3933 neris
580 3867 850 3932 humani
895 3887 968 3932 ac
1015 3888 1159 3932 mea
1199 3868 1526 3931 calamitas
1568 3868 1635 3931 in
1679 3869 1864 3932 malis

361 3968 570 4051 culpae
601 3986 782 4045 meae,
805 3977 865 4028 et
892 3987 1004 4045 eqo
1029 3988 1161 4028 non
1183 3988 1455 4047 parcam
1485 3970 1590 4029 ori
1619 3990 1772 4042 mec,
1798 3969 1865 4031 id

361 4076 481 4143 est,
525 4066 858 4149 propriam
897 4065 1210 4128 vilitatem
1242 4085 1314 4128 ac
1344 4065 1502 4129 vitia
1532 4067 1864 4149 propalare

361 4175 424 4228 et
458 4164 1012 4228 sacramentaliter
1042 4162 1342 4227 confiteri
1373 4182 1502 4227 non
1532 4165 1818 4228 desinam
1844 4190 1858 4241 3

1973 3177 2236 3259 suisque
2286 3176 2681 3257 indigentiiS,
2718 3176 3179 3242 infectionibus
3220 3196 3294 3240 ac
3332 3198 3467 3243 mo-

1973 3276 2167 3352 tibus,
2233 3274 2413 3338 mille
2472 3276 2947 3358 contemplandi
3006 3276 3465 3359 impedimenta

1972 3374 2310 3458 praebente‚
2330 3376 2863 3463 quemadmodum
2893 3376 3066 3439 Plato
3096 3378 3461 3460 comprobat

1972 3474 2038 3535 in
2085 3473 2415 3535 Phaedone.
2459 3472 2701 3555 Corpus
2750 3473 2922 3536 enim
2973 3476 3183 3556 quoad
3233 3478 3455 3556 multa,

1971 3571 2209 3636 carceri
2248 3571 2659 3633 assimilat-ur.
2692 3572 2954 3654 Propter
2984 3575 3153 3655 quod
3194 3584 3331 3638 orat
3360 3578 3459 3639 vir

1973 3677 2227 3732 sanctus
2276 3685 2290 3731 :
2337 3668 2510 3731 Educ
2560 3670 2639 3731 de
2684 3670 2973 3733 custodia
3021 3672 3173 3750 (vel,
3216 3681 3288 3734 ut
3332 3674 3459 3736 alia

1971 3768 2164 3831 habet
2188 3768 2529 3841 translatio,
2547 3768 2627 3831 de
2646 3771 2923 3849 carcere)
2942 3770 3220 3834 animam
3252 3792 3455 3835 meam

1971 3868 2048 3929 ad
2097 3867 2539 3930 confitendum
2590 3866 2834 3930 nomini
2883 3876 3013 3932 tuo.
3050 3869 3264 3951 ltaque
3302 3872 3459 3933 viris

1970 3966 2245 4029 heroicis
2292 3985 2404 4029 seu
2448 3966 2687 4029 divinis
2729 3968 3068 4030 molestum
3108 3977 3204 4032 est
3242 3969 3350 4032 diu
3392 3968 3457 4031 in

1971 4084 2223 4128 carcere
2265 4064 2385 4127 isto
2430 4065 2653 4143 teneri,
2690 4074 2879 4148 atque
2916 4086 2953 4129 a
2992 4067 3298 4131 felicitate
3337 4066 3461 4130 dif-

1972 4163 2147 4227 ferri.

361 4266 472 4328 sed
503 4272 736 4346 sponte
765 4271 830 4326 et
858 4264 1115 4345 copiose
1157 4283 1259 4326 me
1301 4263 1610 4327 accusabo
1649 4273 1712 4327 et
1748 4266 1864 4328 hu-
1895 4276 1943 4339 1)
2037 4264 2118 4324 Si
2135 4263 2381 4330 dioeero,
2400 4264 2843 4324 Consolabitur
2862 4284 2959 4324 me
2982 4268 3251 4332 lectulus
3274 4288 3463 4336 meus,

361 4362 652 4439 miliab0,
674 4380 754 4424 ne
785 4362 1051 4425 vulnera
1081 4362 1310 4425 animae
1341 4382 1496 4425 meae
1525 4362 1698 4425 intus
1729 4363 1864 4427 abs-

361 4462 616 4525 condite
660 4460 1122 4542 permanentia,
1161 4461 1606 4544 periculosiuS,
1641 4462 1768 4525 imo
1799 4471 1862 4525 et

361 4559 830 4639 incurabiliter,
865 4558 1238 4641 putrefiant,
1275 4580 1474 4641 quum
1504 4560 1675 4623 dicat
1703 4560 1862 4625 Scri-

361 4668 548 4742 ptura
583 4677 598 4721 :
631 4657 752 4733 Qui
793 4657 1126 4721 abscondit
1164 4659 1406 4721 scelera
1438 4677 1572 4736 sua,
1609 4679 1734 4723 non
1767 4662 1862 4724 di-

301 4770 312 4780 ·
361 4758 642 4839 rigetur3
689 4755 803 4838 qui
833 4763 1044 4818 autem
1077 4755 1412 4819 confessus
1449 4756 1645 4820 fuerit
1673 4765 1735 4820 et
1765 4778 1860 4822 re-

364 4854 630 4937 liquerit
688 4873 786 4931 ea,
841 4852 1346 4917 misericordiam
1405 4864 1854 4937 consequetur,

361 4956 624 5033 Loquar
644 4955 714 5014 in
745 4954 1166 5013 tribulatione
1191 4954 1468 5031 spiritus
1499 4956 1649 5023 mei,
1667 4953 1860 5017 verba

359 5049 577 5113 divina
603 5070 682 5113 ac
713 5048 1143 5113 consolatoria
1172 5048 1558 5131 proferendo
1593 5069 1607 5113 :
1641 5070 1860 5133 quem-

359 5150 704 5213 admodum
751 5148 1022 5210 Jacobus
1074 5149 1297 5212 edocet
1340 5166 1354 5210 z
1391 5150 1701 5213 Tristatur
1747 5151 1860 5213 ali-

359 5247 502 5327 quis
531 5250 860 5311 vestrumt
891 5254 1027 5308 oret
1058 5263 1242 5327 aequo
1262 5248 1478 5310 animo
1499 5256 1572 5310 et
1602 5248 1853 5330 psallat..

355 5342 508 5407 Nam
559 5352 624 5407 et
674 5344 797 5407 hoc
855 5343 1337 5407 tribulationem
1397 5345 1855 5428 tristitiamque

1972 4360 2034 4423 id
2069 4368 2164 4423 est
2205 4360 2413 4424 cordis
2452 4360 2665 4425 cubile
2703 4380 2814 4424 seu
2854 4362 3153 4443 cogitatio
3192 4365 3330 4446 ejus
3369 4386 3466 4429 se-

1969 4468 2154 4535 creta,
2183 4459 2822 4542 contemplationisve
2849 4461 3049 4543 quies,
3064 4472 3123 4523 et
3142 4466 3465 4525 relevabor

1967 4578 2004 4619 a
2042 4558 2351 4639 gravitate
2398 4557 2778 4621 afflictionis
2817 4579 2995 4637 meae,
3042 4565 3301 4642 loquens
3340 4584 3466 4626 me-

1967 4678 2114 4719 cum
2151 4658 2227 4717 in
2262 4666 2474 4719 stratu
2516 4678 2673 4728 meo,
2714 4657 2778 4719 id
2817 4666 2914 4721 est
2960 4659 3133 4722 intus
3178 4661 3465 4726 conside-

1969 4756 2167 4818 rando
2207 4775 2281 4819 ea
2319 4774 2433 4838 per
2472 4775 2745 4837 quorum
2782 4758 3199 4822 attentionem
3239 4760 3464 4823 minui·

1969 4861 2072 4915 tur
2102 4854 2325 4934 dolor3
2370 4858 2630 4916 terrebis
2668 4876 2769 4917 me
2802 4876 2918 4934 per
2953 4860 3233 4929 somnia,
3264 4868 3323 4919 et
3343 4880 3463 4937 per

1968 4954 2241 5013 visiones
2270 4954 2532 5014 horrore
2560 4957 2895 5016 concuties,
2920 4954 3461 5028 Quemadmodum

1967 5051 2136 5114 enim
2172 5051 2462 5114 homines
2494 5051 2771 5114 timorati
2804 5052 2869 5114 in
2900 5053 3004 5116 die
3030 5062 3223 5134 atque
3242 5054 3463 5134 vigilia

1969 5150 2213 5213 intente
2247 5151 2652 5231 perpendunt
2691 5150 3051 5214 districtum
3088 5151 3197 5214 Dei
3231 5153 3462 5233 judici-

1970 5268 2098 5324 um,
2125 5248 2449 5327 angustias
2480 5247 2723 5323 mortis,
2754 5256 3062 5310 aeternum
3096 5250 3254 5312 illud
3302 5251 3460 5315 into·

1965 5345 2230 5410 lerabile
2276 5345 3003 5429 metuendissimumque
3044 5348 3455 5431 supplicium,

3490 1976 3557 2017 19.

3504 3694 3579 3737 Pa.
3591 3706 3695 3745 exn,
3710 3696 3750 3736 8.
