4309 6259
569 1009 679 1052 Luc.
690 1022 747 1060 m,
758 1011 827 1050 23-

560 1073 765 1178 38ἑίααή.
794 1147 824 1186 ι,

560 1198 672 1240 1-16.

570 2839 668 2883 Jer.
680 2840 819 2890 m‚u;

556 2900 611 3008 gx
616 2902 819 2958 Royan,

855 482 971 546 106
2223 504 2565 552 rnocmumi

850 689 1055 752 usque
1112 673 1188 735 ad
1251 671 1599 736 sedeciam.
1660 673 1903 737 Idcirco
1952 673 2021 736 in
2068 672 2334 756 praefata
2387 672 2661 754 epistola
2717 672 2896 735 addit
2953 672 3375 753 Hieronymus
3439 689 3452 733 :
3510 672 3626 734 Per
3683 671 3942 752 singula

849 777 1091 860 quippe
1140 779 1401 842 nomina
1438 780 1903 862 juncturasque
1944 781 2309 857 verborum,
2353 778 2796 863 praetermissae
2832 779 2901 841 in
2946 778 3130 842 libris
3171 779 3408 859 Regum
3448 787 3793 859 tanguntur
3837 779 3942 842 hi-

850 885 1081 962 storiae,
1125 893 1189 949 et
1231 886 1735 950 innumerabiles
1776 886 2108 969 Evangelii
2150 887 2553 970 explicantur
2588 885 2990 969 quaestiones.
3034 887 3186 949 Nam
3231 886 3400 950 circa
3439 887 3938 968 descriptionem

847 991 1232 1072 genealogiae
1260 992 1517 1071 Christi,
1552 1013 1742 1075 quam
1776 1002 2031 1058 sanctus
2068 995 2270 1058 Lucas
2309 994 2711 1058 ascendendo
2749 993 3158 1077 prosequitur
3185 1012 3392 1075 usque
3429 994 3508 1056 ad
3539 993 3757 1070 Adam,
3793 1013 3939 1056 san-

848 1108 987 1164 ctus
1037 1118 1189 1164 vero
1238 1101 1562 1166 Matthaeus
1611 1103 2054 1166 descendendo
2104 1103 2187 1166 ab
2228 1102 2546 1166 Abraham
2594 1119 2800 1184 usque
2833 1101 3087 1184 Joseph,
3131 1110 3400 1182 possunt
3445 1101 3940 1184 quamplurima

847 1207 1225 1289 quaestiones
1267 1209 1533 1287 moveri,
1576 1228 1719 1291 quae
1763 1228 1839 1272 ex
1882 1208 2047 1274 libro
2091 1210 2212 1274 boc
2254 1209 2780 1291 Paralipomenon
2829 1208 3060 1291 partim
3103 1217 3367 1271 sumunt
3413 1209 3829 1287 occasionem,
3870 1217 3940 1273 et

849 1315 1083 1398 partim
1112 1315 1518 1380 solutionem.
1550 1317 1873 1380 Interdum
1904 1337 2182 1400 namque
2213 1317 2624 1380 nominantur
2651 1315 2764 1379 alii
2796 1324 3009 1399 patres
3037 1335 3076 1378 a
3104 1317 3293 1393 Luca,
3329 1325 3394 1380 et
3420 1316 3531 1379 alii
3561 1336 3598 1379 a
3623 1316 3934 1394 Matthaeo,

848 1431 912 1486 et
949 1429 1197 1504 patrum
1230 1422 1485 1488 illorum
1516 1423 1643 1486 alia
1680 1425 2123 1507 exprimuntur
2162 1424 2472 1488 vocabula
2514 1424 2582 1486 in
2613 1424 2734 1488 hoc
2772 1423 2959 1501 libro,
2993 1423 3160 1487 sicut
3196 1424 3320 1488 hoc
3355 1443 3548 1507 super
3579 1423 3936 1487 Matthaeum

846 1538 911 1593 et
952 1530 1183 1593 Lucam
1225 1531 1481 1614 plenius
1522 1531 1773 1615 scripsi,
1808 1532 2126 1598 declaravi
2165 1551 2238 1597 ac
2276 1531 2460 1596 solvi.

966 1638 1294 1716 Praeterea,
1329 1637 1492 1702 liber
1522 1639 1643 1703 iste
1672 1639 1977 1703 Hebraico
2007 1639 2374 1704 nominatur
2401 1656 2582 1702 mnas
2613 1655 2899 1716 nauum,
2927 1638 2991 1701 id
3024 1647 3120 1703 est
3149 1640 3346 1702 verba
3374 1639 3645 1716 dierum,
3669 1657 3783 1701 seu
3809 1665 3940 1725 χρο-

850 1753 1026 1820 νικόν,
1053 1745 1117 1807 id
1147 1753 1243 1808 est
1272 1746 1640 1829 temporale,
1666 1745 1773 1810 ἀπὸ
1800 1759 1901 1810 τοῦ
1932 1756 2160 1834 χρόνου,
2184 1748 2355 1830 quod
2387 1755 2483 1810 est
2513 1755 2787 1830 tempuS,
2807 1747 2960 1830 quia
2983 1747 3428 1830 complectitur
3449 1756 3654 1811 totum
3683 1755 3936 1830 tempus

850 1853 932 1916 ab
962 1853 1158 1917 Adam
1205 1872 1409 1935 usque
1446 1855 1526 1917 ad
1573 1853 1773 1918 finem
1804 1855 2041 1938 Regum
2072 1856 2253 1918 Juda.
2287 1848 2691 1919 Terminatur
2729 1873 2985 1938 quoque
3028 1855 3148 1920 hoc
3187 1873 3421 1919 nomen
3449 1871 3630 1918 mans
3667 1871 3938 1918 mlum

852 1960 922 2024 in
952 1983 1043 2032 m,
1073 1979 1199 2025 non
1234 1961 1300 2023 in
1330 1983 1397 2024 η.
1433 1961 1538 2024 Ait
1566 1962 1739 2026 enim
1768 1963 2212 2046 Hieronymus,
2237 1971 2302 2026 et
2330 1962 2599 2026 habetur
2629 1962 2696 2024 in
2727 1963 2938 2044 glossa
2969 1982 3160 2046 super
3188 1962 3482 2026 Genesim
3519 1979 3534 2023 :
3568 1961 3795 2023 Errant
3819 1961 3936 2042 qui

851 2076 1099 2152 putant,
1133 2070 1305 2152 quod
1336 2069 1688 2152 BenJamin,
1726 2069 1904 2133 filius
1947 2070 2200 2134 dierum
2240 2070 2712 2153 interpretetur.
2745 2071 3012 2134 Dextera
3049 2089 3326 2153 namque
3363 2069 3600 2134 dicitur
3636 2087 3838 2146 sum,
3871 2076 3940 2132 et

850 2176 1228 2240 terminatur
1257 2177 1325 2239 in
1355 2197 1423 2239 n.
1448 2177 1591 2240 Dies
1622 2196 1774 2242 vero
1804 2178 2159 2261 appellatur
2185 2195 2394 2255 suni,
2419 2185 2484 2240 et
2513 2176 2742 2240 finitur
2769 2178 2837 2240 in
2868 2198 2955 2240 m.
2977 2177 3180 2252 Quum
3215 2177 3429 2259 it‘aque
3459 2194 3639 2240 mans
3669 2194 3938 2240 flammi

850 2285 1322 2367 interpretetur,
1355 2284 1552 2348 verba
1578 2285 1850 2364 dierum,
1884 2293 1949 2348 et
1977 2304 2129 2364 non,
2164 2284 2360 2349 verba
2388 2287 2682 2362 dexterae,
2717 2293 2968 2349 constat
2992 2285 3164 2368 quod
3195 2285 3573 2348 terminetur
3601 2285 3668 2348 in
3699 2306 3786 2346 m.

956 2392 1289 2469 Quaeritur,
1314 2391 1461 2474 quis
1494 2392 1728 2455 librum
1759 2392 1953 2455 istum
1985 2392 2278 2457 ediderit.
2302 2392 2395 2455 Ad
2427 2392 2550 2456 hoc
2577 2392 2779 2474 aliqui
2807 2393 3052 2470 dicunt,
3077 2393 3394 2456 incertum
3423 2411 3564 2455 esse
3595 2392 3742 2474 quis
3767 2409 3940 2455 com-

853 2501 1139 2583 posuerit
1180 2519 1350 2564 eum.
1395 2500 1573 2564 Unde
1616 2509 1679 2564 et
1721 2499 2025 2583 praefatus
2063 2501 2260 2565 Adam
2299 2517 2312 2562 ε
2345 2499 2495 2575 Quis
2537 2500 2802 2584 (inquit)
2845 2501 3173 2583 scripserit
3209 2517 3392 2563 mnas
3437 2517 3726 2578 nam,
3761 2499 3940 2580 igno-

851 2616 1068 2683 ratur;
1120 2614 1381 2690 propter
1425 2608 1620 2690 quod,
1663 2607 1831 2671 inter
1871 2608 2236 2692 apocrypha
2283 2607 2543 2672 deberet
2589 2608 2968 2691 computari.
3004 2608 3240 2671 Tamen
3287 2607 3456 2670 inter
3499 2606 3942 2689 Hagiographa

850 2721 1274 2798 computatur.
1304 2714 1429 2776 Alii
1472 2733 1625 2778 vero
1666 2714 1912 2793 dicunt,
1946 2716 2119 2798 quod
2161 2715 2327 2779 sicut
2362 2715 2664 2779 Jeremias
2709 2715 3069 2798 composuit
3108 2733 3222 2778 seu
3262 2714 3332 2777 in
3371 2733 3574 2777 unum
3619 2713 3940 2796 compegit

851 2823 1051 2886 libros
1082 2823 1346 2902 Regum,
1383 2823 1551 2903 quod
1594 2822 1742 2886 inde
1783 2830 1977 2905 patet,
2011 2823 2316 2904 quoniam
2346 2823 2515 2887 idem
2543 2831 2642 2887 est
2673 2822 2828 2884 finis
2861 2822 3009 2885 libri
3035 2821 3323 2887 Jeremiae
3365 2830 3430 2886 et
3473 2820 3620 2884 libri
3652 2821 3934 2902 Regum3

851 2933 943 2997 sic
992 2939 1213 2996 auctor
1257 2930 1783 3013 Paralipomenon
1829 2929 2025 2995 fuerit
2067 2932 2320 2994 Esdras,
2369 2932 2523 2995 Nam
2569 2931 2723 2994 sinis
2767 2932 3031 2996 secundi
3074 2932 3226 2996 libri
3271 2931 3795 3014 Paralipomenon
3841 2937 3940 2994 est

850 3041 1017 3104 idem
1064 3059 1209 3103 cum
1248 3038 1569 3123 principio
1612 3038 1762 3102 libri
1806 3039 2041 3103 Esdrae.
2073 3039 2234 3102 Hinc
2274 3039 2498 3104 scribit
2527 3040 2686 3123 Lyra
2723 3057 2736 3103 ε
2771 3039 3068 3114 Quamvis
3113 3039 3312 3123 aliqui
3351 3039 3568 3102 dicant
3612 3047 3934 3102 auctorem

848 3148 1041 3230 hujus
1073 3146 1223 3210 libri
1264 3146 1521 3224 nesciri,
1554 3154 1763 3210 tamen
1804 3146 2005 3210 Rabbi
2047 3146 2344 3210 Salomon
2375 3145 2673 3210 Hebraeus
2718 3146 2897 3224 dicit,
2930 3148 3102 3230 quod
3132 3148 3363 3210 Esdras
3406 3147 3619 3228 ipsum
3659 3145 3939 3210 conscri-

849 3254 998 3338 psit,
1045 3255 1124 3318 ad
1174 3254 1631 3338 perfectionem
1681 3254 1914 3318 veteris
1964 3255 2372 3318 Testamenti.
2419 3254 2762 3332 Postremo,
2816 3273 2932 3337 pro
2979 3264 3152 3318 certo
3199 3254 3544 3318 tenendum
3593 3263 3711 3331 est,
3763 3254 3936 3336 quod

848 3361 1223 3445 principalis
1266 3370 1486 3425 auctor
1523 3360 1715 3444 huius
1758 3361 2105 3425 voluminis
2137 3360 2333 3425 fuerit
2363 3361 2637 3444 Spiritus
2683 3360 2970 3438 SanctuS‚
3004 3362 3118 3444 qui
3162 3379 3276 3444 per
3317 3361 3600 3444 aliquem
3644 3369 3936 3424 sanctum

847 3471 1055 3536 virum
1088 3470 1287 3534 edidit
1317 3469 1551 3532 librum
1582 3470 1797 3548 istum,
1831 3471 1944 3552 qui
1977 3470 2142 3532 inter
2173 3470 2532 3552 Scripturas
2563 3470 2901 3534 canonicas
2931 3470 3012 3533 ab
3042 3470 3325 3534 Ecclesia
3365 3477 3792 3552 computatur.
