4309 6259
148 1890 225 1931 lob
244 1904 357 1933 xxix.

108 1954 204 1993 t-w:
220 1956 357 1994 21-2’3.

138 3454 233 3496 Gen.
244 3470 353 3501 xvui.

116 3518 191 3556 1-8.

134 3748 253 3792 Ηοὸν.
272 3766 307 3793 ιιι
313 3768 351 3802 ιι

116 3814 133 3835 ,ι

116 3874 305 3919 wercum
312 3881 350 3919 9.

128 5120 269 5169 John.
288 5130 346 5177 ¹2

124 5188 169 5223 ll.

1224 521 1569 567 ENARRATIO
1612 524 1672 567 IN
1715 523 1850 567 CAP.
1898 523 2046 569 XXXI
2088 524 2212 569 1013.
2259 545 2339 554 —
2379 526 2522 571 ΛΒΤ.
2568 526 2668 571 ux

3331 598 3338 604 .
3363 506 3476 569 651

391 688 533 769 ejus
566 699 771 752 morte
806 692 1003 753 laetari
1041 710 1054 753 z
1088 700 1150 753 et
1184 701 1391 754 tamen
1427 692 1541 753 hos
1570 692 1885 774 patienter
1915 692 1965 753 A
1996 693 2244 774 linquet
2294 694 2474 769 illud,
2525 704 2587 757 et
2635 695 2865 757 celabit
2915 696 2978 756 in
3027 704 3280 773 gutture
3337 714 3474 758 suo.

390 787 720 849 sustinuit.
768 789 1039 851 Thomas
1088 808 1237 854 vero
1284 790 1544 871 exponit
1590 790 1883 871 opposito

391 904 609 962 sensu,
644 888 817 968 quod
849 889 1249 952 conversatio
1278 896 1341 951 et
1368 889 1703 970 praesentia
1744 908 1885 949 san-

390 985 473 1047 cti
516 985 635 1047 Job
682 985 801 1048 fuit
843 988 975 1047 suis
1018 988 1383 1049 domesticis
1432 996 1557 1049 tam
1608 996 1785 1067 grata
1822 997 1879 1051 et

392 1083 648 1163 placita,
687 1085 857 1165 quod
891 1086 1207 1160 dixerunt,
1241 1086 1391 1159 Quis
1422 1086 1526 1148 det
1564 1087 1641 1147 de
1680 1087 1885 1148 carni-

387 1181 511 1243 bus
543 1181 725 1261 ejus?
757 1183 821 1244 id
852 1191 967 1259 est,
988 1185 1133 1264 quis
1163 1185 1269 1245 det
1297 1194 1362 1246 ut
1397 1203 1585 1245 carne
1604 1203 1880 1266 praesens

388 1280 472 1341 sit
522 1280 711 1342 nobis
762 1282 1059 1343 dominus
1108 1291 1321 1345 noster
1362 1282 1499 1357 soh,
1534 1291 1603 1343 ut
1646 1292 1881 1344 sature-

389 1396 556 1453 mur,
594 1379 657 1439 id
702 1388 818 1454 est,
854 1381 929 1441 ad
978 1380 1230 1442 libitum
1281 1400 1425 1442 eum
1476 1382 1877 1442 intueamur?

388 1476 461 1537 Et
502 1476 818 1557 expositio
860 1479 977 1539 ista
1019 1478 1456 1541 rationabilior
1500 1479 1656 1540 mihi
1708 1480 1881 1542 vide-

387 1584 514 1635 tur.
568 1574 705 1637 Non
753 1576 923 1637 enim
984 1586 1267 1659 apparet,
1319 1578 1486 1658 quod
1538 1577 1634 1641 vir
1691 1586 1879 1639 tantae

388 1674 927 1750 mansuetudiniS‚
980 1676 1409 1756 simplicitatis
1456 1696 1527 1737 ac
1580 1676 1880 1739 iunocen-

390 1770 517 1844 tiae,
536 1770 907 1832 domesticis
936 1770 1129 1833 fuerit
1157 1791 1461 1834 onerosus
1489 1792 1501 1834 :
1527 1773 1878 1854 praesertim

1994 792 2164 855 Hanc
2211 793 2508 855 virtutem
2563 794 2726 856 beati
2775 794 2892 857 Job
2939 794 3283 869 imitemur,
3327 793 3479 874 quia

1992 892 2087 967 (ut
2120 890 2412 953 Salomon
2444 891 2560 971 ait)
2588 893 2799 954 Iustus
2841 893 2904 953 in
2947 892 3263 973 principio
3300 912 3476 953 accu-

1992 997 2162 1051 sator
2214 998 2310 1051 cst
2357 988 2478 1050 sui.
2528 990 2600 1049 Εῐ
2653 990 2838 1051 lsaias
2884 989 3220 1052 hortatur.
3257 990 3364 1052 Dic
3409 976 3522 1050 tu¹

1994 1085 2361 1165 iniquitates
2392 1096 2551 1162 tuaS,
2580 1096 2644 1147 ut
2674 1086 3074 1167 justificeris

2071 1187 2151 1244 Si
2169 1204 2400 1261 expavi
2437 1188 2523 1243 ad
2555 1188 3045 1245 multi'tudemm
3079 1188 3394 1246 σῖιἫτηιαΦη.
3413 1186 3475 1247 id

1994 1290 2109 1356 est,
2146 1282 2387 1343 nullam
2422 1282 2753 1344 homiuum
2790 1282 3061 1359 turbam,
3098 1282 3480 1363 quantumli-

1996 1380 2099 1441 bet
2143 1397 2457 1457 magnam‚
2495 1379 2854 1441 inordinato
2886 1381 3111 1442 timore
3144 1381 3234 1441 sic
3270 1380 3473 1454 timui,

1994 1484 2062 1538 ut
2093 1485 2352 1557 propter
2383 1496 2523 1538 eam
2559 1478 2782 1539 timore
2821 1478 3168 1559 corporalis
3209 1477 3476 1559 periculi

1992 1574 2072 1635 ab
2102 1574 2400 1655 aequitate
2432 1576 2814 1646 recederem,
2849 1585 2958 1637 aut
2989 1584 3248 1657 peccata
3279 1576 3482 1637 incur-

1992 1692 2219 1747 rerem,
2266 1681 2486 1754 utpote
2541 1675 2783 1735 maleus
2835 1674 2994 1736 mori
3043 1694 3234 1756 quam
3287 1675 3477 1735 Deum

1992 1770 2347 1833 offendere.
2382 1772 2710 1834 Peccatum
2742 1772 2912 1834 euim
2945 1782 3042 1834 est
3075 1772 3481 1851 fugibilitatis

389 1870 544 1950 quia
596 1871 891 1951 superius
942 1872 1123 1948 dixit,
1175 1882 1485 1953 quantum
1537 1874 1675 1953 ejus
1724 1892 1881 1954 prae-
1920 1867 1963 1927 B
1994 1869 2341 1942 immensae,
2364 1888 2438 1931 eo
2461 1872 2628 1950 quod
2662 1871 2823 1931 Deus
2857 1871 2939 1931 sit
2970 1870 3480 1932 honorabilitatis

388 1969 597 2030 sentia
640 1969 721 2031 ab
762 1970 1079 2031 extraneis
1122 1971 1559 2051 appetebatur,
1594 1980 1655 2032 et
1689 1991 1878 2051 quam

386 2066 761 2127 avidissime
804 2067 997 2129 verba
1047 2069 1187 2148 ejus
1230 2069 1584 2131 audierant.
1623 2070 1881 2131 Verum-

389 2172 624 2239 tamen,
677 2165 935 2246 utrique
977 2167 1359 2247 expositioni
1405 2166 1875 2241 satisfaciend0‚

386 2262 516 2323 dici
567 2261 838 2324 forsitan
889 2272 1119 2344 posset,
1160 2266 1327 2344 quod
1368 2266 1535 2327 inter
1585 2265 1882 2327 domesti-

387 2378 497 2422 cos
526 2360 667 2440 ejus
699 2369 760 2423 et
794 2360 1143 2423 familiares
1177 2362 1417 2425 fuerint
1448 2364 1706 2444 quidam
1743 2383 1882 2444 per-

386 2458 575 2533 versi,
613 2458 847 2538 quibus
889 2468 1148 2541 propter
1181 2480 1327 2521 suas
1361 2462 1639 2541 justitias
1678 2462 1883 2523 suerat

384 2555 689 2629 odiosus3
736 2557 905 2637 quod
948 2567 1159 2619 autem
1211 2559 1426 2640 plures
1468 2577 1685 2622 eorum
1731 2560 1879 2621 boni

388 2652 673 2729 fuerunt,
708 2664 953 2717 certum
995 2675 1157 2717 reor.

482 2755 673 2812 Foris
720 2756 1143 2813 non·wza22.sit
1183 2757 1593 2831 perefsrz'nus,
1647 2756 1708 2818 id
1761 2766 1876 2831 est,

383 2869 863 2933 quemcumque
904 2853 1313 2933 peregrinum
1357 2854 1514 2914 mihi
1546 2873 1883 2916 occurren—

388 2958 537 3022 tem,
574 2949 674 3011 vel
705 2950 782 3010 ad
824 2969 925 3011 mc
956 2950 1341 3027 venientem,
1372 2952 1700 3013 caritative
1747 2971 1884 3012 sus-

1991 1966 2532 2047 amabilitatisque
2576 1968 2870 2029 infinitae.
2907 1968 3050 2029 Ideo
3083 1967 3260 2029 nullo
3293 1969 3481 2029 modo

1990 2065 2174 2126 debe-t
2209 2066 2354 2144 quis
2385 2065 2465 2127 ad
2496 2076 2754 2146 peccata
2796 2066 3035 2127 induci.
3073 2065 3175 2128 Sic
3216 2074 3278 2128 et
3315 2066 3482 2127 Psal-

1992 2162 2180 2224 mista
2214 2171 2478 2224 testatur
2513 2182 2526 2225 ε
2563 2164 2696 2226 Non
2735 2164 2973 2226 timebo
3015 2164 3218 2225 millia
3259 2164 3477 2245 populi

1991 2261 2444 2323 circumdantis
2477 2282 2600 2323 me.
2636 2263 2916 2343 Itemque
2955 2280 2967 2323 ε
3003 2262 3308 2324 Dominus
3344 2262 3480 2322 illu-

1991 2358 2257 2420 minatio
2289 2378 2429 2420 mea
2461 2368 2524 2421 et
2555 2360 2725 2421 salus
2755 2378 2934 2421 mea:
2971 2379 3160 2441 quem
3195 2360 3480 2422 timebo?

1992 2457 2053 2519 Si
2088 2457 2442 2520 consistant
2479 2458 2810 2520 adversum
2847 2478 2946 2519 me
2977 2468 3198 2535 castra,
3239 2478 3363 2521 nou
3407 2460 3484 2521 ti-

1992 2556 2192 2617 mebit
2222 2574 2331 2617 cor
2362 2576 2595 2618 meum.
2620 2558 2806 2618 lsaias
2826 2576 3080 2637 quoque
3112 2558 3263 2619 dicit
3292 2575 3305 2618 :
3331 2556 3480 2631 Quis

1994 2662 2059 2715 tu
2092 2662 2164 2715 ut
2199 2654 2418 2716 timeas
2459 2655 2539 2716 ab
2570 2656 2828 2717 homine
2871 2656 3146 2731 mortali,
3180 2664 3243 2717 et
3271 2674 3308 2717 a
3343 2656 3480 2718 l'ilio

1990 2752 2270 2815 hominis
2303 2753 2412 2833 qui
2445 2754 2625 2833 quasi
2651 2753 2894 2815 l'oenum
2925 2756 3202 2815 arescet?
3222 2754 3482 2835 Propter

1992 2850 2232 2912 nullius
2264 2867 2414 2928 ergo
2446 2852 2736 2913 timore-m
2769 2872 2806 2913 a
2837 2852 2946 2914 Dei
2987 2852 3211 2914 timore
3250 2860 3344 2913 est
3385 2871 3480 2912 re-

1991 2949 2368 3023 cedendum,
2405 2951 2940 3029 quemadmodum
2981 2950 3286 3031 scriptum
3330 2958 3425 3011 est
3461 2967 3475 3011 :

384 3047 553 3127 cepi,
586 3056 649 3109 et
695 3048 759 3107 in
799 3048 1059 3110 domum
1090 3068 1296 3110 meam
1325 3050 1579 3125 deduxi,
1614 3070 1686 3111 ac
1718 3050 1880 3112 bene
1916 3040 1959 3103 C
1992 3048 2168 3108 Time
2200 3048 2420 3123 Deum,
2453 3058 2681 3128 praeter
2709 3068 2856 3110 eum
2891 3067 3040 3111 vero
3073 3068 3152 3110 nc
3193 3049 3479 3111 timueris

386 3145 654 3207 tractavi
682 3164 698 3223 3
740 3149 977 3206 ostiam
1010 3168 1220 3207 meum
1252 3150 1492 3207 viatori
1518 3152 1761 3225 patuit,
1796 3149 1883 3210 ita

384 3243 559 3323 quod
611 3242 886 3324 quilibet
933 3245 1137 3308 viator
1181 3245 1436 3307 facilem
1480 3255 1539 3307 et
1586 3266 1879 3309 securum

385 3342 463 3401 ad
496 3360 599 3402 me
633 3340 963 3403 introitum
991 3341 1236 3404 habuit.
1256 3343 1485 3425 Sicque
1506 3343 1728 3405 beatus
1748 3345 1880 3420 Iob,
1918 3356 1936 3374 ⁰

386 3439 553 3500 sicut
584 3447 648 3499 et
677 3439 1017 3515 Abraham,
1054 3440 1469 3521 hospitalitati
1514 3440 1882 3503 liberalissi-

388 3557 489 3599 me
517 3538 775 3600 dcditus
808 3537 951 3615 suit,
988 3539 1152 3601 sicut
1182 3548 1243 3601 et
1274 3540 1499 3602 ceteris
1530 3541 1881 3603 misericor—

384 3636 507 3697 diae
538 3635 811 3698 actibuS.
846 3636 1021 3699 Unde
1059 3638 1139 3698 ad
1181 3638 1470 3699 Hebraeos
1502 3638 1590 3699 ait
1619 3638 1881 3719 Aposto-

384 3733 555 3795 lus:
609 3734 1118 3845 Hospitalitatem
1181 3736 1377 3797 nolite
1434 3735 1751 3800 oblivisci.
1807 3737 1849 3797 E
1859 3746 1879 3798 t

382 3831 656 3893 Petr.us
690 3832 1044 3913 Hospitales
1094 3833 1364 3897 invicem
1417 3834 1554 3895 sin(
1598 3854 1879 3896 murmu-

383 3930 653 3993 ratione.

446 4031 530 4089 Si
548 4031 855 4088 abscondi
874 4032 1067 4107 quasi
1086 4033 1268 4089 homo
1282 4041 1611 4107 peecatum
1639 4052 1843 4091 meum
1856 4080 1871 4103 ,

380 4126 443 4187 id
474 4135 592 4202 est,
622 4126 779 4189 false
812 4147 911 4188 me
942 4129 1262 4202 excusavi,
1294 4135 1351 4189 ct
1383 4128 1635 4209 culpam
1670 4148 1873 4191 meam

1990 3146 2294 3207 alie-num.
2344 3150 2421 3207 Ec
2462 3149 2772 3222 despec‘teo
2804 3151 3322 3226 10)·’οριηῳιονιωη
3369 3157 3480 3208 ter-

1990 3247 2127 3303 ruit
2159 3266 2258 3303 mc
2288 3244 2405 3305 :id
2446 3252 2564 3320 est,
2600 3264 2636 3304 a
2668 3244 3048 3325 propinquis
3080 3253 3142 3305 et
3165 3245 3480 3354 proximis

1992 3359 2116 3402 non
2152 3340 2242 3400 ita
2275 3338 2454 3400 timui
2492 3340 2731 3421 sperni,
2760 3349 2823 3401 ut
2859 3360 2934 3401 ex
2969 3341 3084 3402 hoc
3118 3342 3287 3404 viam
3321 3342 3482 3403 veri-

1994 3438 2139 3499 tatis
2171 3447 2229 3500 et
2264 3438 2582 3518 aequitatis
2614 3438 3065 3518 relinquerem.
3101 3440 3270 3500 Beati
3306 3442 3475 3501 enim

1988 3536 2101 3617 qui
2153 3535 2659 3616 persecutionem
2717 3536 3043 3616 patiuntur
3087 3546 3348 3618 propter
3387 3540 3482 3619 ju-

1991 3634 2252 3695 stitiam.
2287 3634 2414 3696 Hoc
2457 3633 2656 3696 sancti
2699 3642 3005 3715 martyres
3046 3635 3317 3696 maxime
3364 3637 3482 3696 im-

1989 3732 2347 3813 pleverunt,
2385 3732 2619 3812 quibus
2658 3740 2722 3792 et
2752 3732 3040 3793 Christus
3078 3733 3168 3793 ait
3205 3751 3216 3793 :
3252 3734 3482 3795 Trade-

1988 3830 2146 3892 mini
2195 3839 2403 3892 autem
2451 3850 2488 3891 a
2529 3830 2921 3910 parentibuS,
2959 3839 3016 3891 et
3054 3830 3379 3907 fratribuS,
3415 3842 3480 3894 et

1986 3928 2296 4010 cognatiS,
2347 3938 2407 3989 et
2459 3928 2702 3990 amiciS.
2751 3928 2868 3990 Sed
2919 3929 3046 4008 jam
3099 3929 3282 3991 multi
3329 3938 3478 3991 sunt

1986 4027 2096 4107 qui
2147 4026 2360 4107 potius
2411 4027 2634 4089 volunt
2683 4027 2885 4088 multa
2934 4027 3156 4089 illicita
3199 4029 3472 4108 operari,

1986 4145 2175 4206 quam
2209 4125 2289 4186 ab
2321 4123 2690 4187 hominibus
2720 4125 2984 4207 despici,
3019 4134 3077 4185 ct
3123 4125 3474 4207 praesertim

377 4244 493 4305 per
521 4223 912 4305 hypocrisim
957 4225 1237 4306 palliavi,
1266 4226 1364 4287 vel
1399 4226 1525 4287 alio
1558 4228 1744 4289 modo
1776 4247 1875 4289 ce-
1906 4227 1954 4287 D
1985 4243 2176 4304 quam
2213 4224 2414 4287 velint
2455 4224 2961 4301 consanguineos
3001 4242 3148 4285 suos
3193 4222 3478 4286 offende-

376 4322 527 4399 lavi,
561 4324 819 4403 quando
854 4322 974 4384 fuit.
1003 4324 1334 4404 pandenda
1367 4333 1429 4385 et
1461 4323 1825 4386 confitenda
1855 4344 1867 4386 :

374 4421 543 4483 sicut
588 4420 879 4483 homines
923 4422 1130 4483 facere
1170 4422 1377 4483 solent
1405 4441 1479 4483 ex
1513 4422 1872 4485 inordinato

374 4528 440 4579 et
470 4518 668 4579 stulto
702 4518 948 4593 timore,
985 4519 1050 4579 in
1091 4518 1325 4599 quibus
1366 4519 1553 4581 timor
1589 4520 1698 4582 Dei
1746 4540 1869 4582 nou

374 4624 513 4693 est3
554 4625 613 4675 et
644 4620 850 4675 celavi
881 4618 949 4676 in
982 4620 1157 4687 sinu,
1193 4617 1255 4677 id
1287 4623 1382 4678 est
1420 4617 1486 4678 in
1519 4618 1709 4680 corde
1740 4639 1870 4679 meo

376 4717 797 4793 iniquitatem
828 4736 1035 4775 meam
1067 4734 1090 4776 .·
1124 4715 1184 4776 id
1226 4723 1341 4791 est,
1378 4734 1496 4777 nec
1540 4725 1871 4797 peccatum

376 4812 789 4873 commissum
825 4812 890 4873 in
922 4812 1305 4893 proximum,
1328 4832 1443 4875 nec
1468 4813 1869 4894 iniquitatem

378 4909 443 4969 in
477 4909 675 4970 Deum
709 4908 1067 4971 inordinate
1106 4909 1433 4985 abscondi,
1471 4911 1580 4973 sed
1618 4911 1873 4972 humili-

378 5016 475 5068 ter
527 5006 735 5068 fassus
787 5027 951 5068 sum.
986 5008 1161 5069 Unde
1210 5009 1289 5070 de
1336 5009 1595 5070 homine
1643 5010 1872 5072 vitioso

380 5123 507 5166 non
557 5105 895 5167 confitenti
947 5105 1186 5167 dictum
1238 5114 1333 5167 est
1377 5124 1390 5168 :
1437 5105 1638 5179 Quum
1688 5108 1871 5170 dulce

380 5202 578 5265 fuerit
616 5203 681 5264 in
714 5222 823 5265 ore
854 5205 993 5283 ejus
1025 5204 1285 5279 malum,
1321 5205 1666 5267 abscondet
1711 5205 1869 5267 illud

376 5300 497 5365 sub
547 5301 761 5380 lingua
815 5321 968 5375 sua;
1012 5311 1223 5388 parcet
1279 5302 1394 5381 illi,
1428 5312 1489 5364 et
1532 5321 1654 5365 non
1697 5305 1870 5365 dere-

1984 4342 2072 4397 re,
2094 4330 2204 4382 aut
2233 4320 2474 4402 despici
2506 4321 2588 4382 ab
2613 4322 2851 4383 eisdem
2882 4340 2895 4383 ε
2932 4322 2993 4383 ἰιι
3029 4322 3263 4402 quibus
3285 4322 3478 4385 timor

1982 4420 2256 4481 carnalis
2299 4428 2358 4481 et
2401 4419 2723 4481 saecularis
2771 4421 3214 4501 praeponderat
3255 4421 3476 4485 divino

1984 4517 2220 4579 timori.
2261 4522 2342 4578 Et
2373 4538 2505 4577 non*
2533 4520 2742 4593 maffl's
2773 4521 2975 4588 lacui,
3010 4519 3071 4580 id
3103 4529 3222 4590 est,
3256 4528 3478 4581 contu-

1981 4615 2247 4676 meliosa
2286 4614 2538 4676 illorum
2581 4614 2774 4677 verba
2819 4616 3133 4696 patienter
3185 4616 3476 4678 silenter-

1982 4732 2105 4793 que
2136 4732 2361 4793 passus
2391 4732 2528 4774 sum
2569 4730 2581 4773 :
2615 4712 2794 4793 juxta
2829 4714 2984 4775 illud
3016 4715 3268 4789 Psalmi,
3289 4714 3471 4776 Posui

3525 911 3592 951 Ρι
3593 924 3654 953 ου.
3665 924 3773 963 xviu,

3525 976 3774 1085 1⁷⁸.x1.m,23,

3509 1102 3573 1139 26.

3547 2182 3622 2223 Ρε.
3639 2194 3696 2229 ιιι,
3714 2185 3753 2223 7.

3527 2280 3601 2322 Ps.
3617 2283 3775 2329 xxv1‚l,

3511 2346 3549 2384 3.

3539 2574 3597 2615 Is.
3621 2588 3670 2623 ι.ι,
3694 2578 3757 2616 12.

3511 3068 3561 3111 lv
3573 3070 3772 3123 Regias-u,

3509 3134 3582 3173 35-
3589 3134 3657 3173 37.

3544 3461 3709 3503 ‚llaffln
3731 3475 3770 3509 v,

3513 3527 3574 3565 10.

3549 3754 3656 3797 Luc.
3687 3768 3770 3805 xxi,

3513 3820 3577 3858 16.

3519 4734 3590 4776 Ρε.
3607 4748 3766 4780 xxxviii,

1981 4812 2074 4873 ori
2109 4830 2251 4873 meo
2281 4812 2656 4887 custodiam,
2678 4812 2828 4873 dum
2859 4811 3234 4873 consisteret
3263 4830 3476 4893 pecca·
3503 4800 3542 4838 ²·

1984 4919 2078 4972 tor
2117 4911 2454 4972 adversum
2496 4929 2618 4970 me.
2665 4910 2822 4971 Hinc
2867 4910 2930 4970 in
2976 4909 3330 4971 Proverbiis
3365 4910 3475 4970 ha-

1980 5009 2215 5071 betur:
2251 5007 2462 5069 Gloria
2496 5007 2639 5081 viri,
2675 5008 2896 5088 iniqua
2934 5007 3360 5087 praetergredi.
3401 5008 3472 5067 Et

1981 5104 2274 5217 sequenti
2324 5104 2413 5165 ibi
2467 5104 2796 5185 capitulo:
2831 5104 3042 5166 Honor
3085 5112 3182 5164 est
3226 5104 3468 5167 homiui
3505 5085 3568 5124 ¹¹

1982 5204 2089 5285 qui
2127 5210 2377 5283 separat
2409 5222 2476 5262 se
2515 5220 2551 5263 a
2581 5202 3120 5264 contentionibus
3156 5202 3279 5263 Et
3264 5221 3328 5263 in
3361 5202 3473 5264 Ec-

1980 5300 2387 5365 clesiastico:

3527 5019 3664 5063 Pron.
3681 5032 3764 5063 xix.

3516 5145 3632 5187 Ιὸιᾛιὶ
3651 5160 3718 5193 xx
3725 5149 3764 5187 3.

3527 5260 3674 5303 Eccli.
3681 5275 3764 5311 viu,

2423 5300 2556 5363 Non
2604 5299 2813 5378 litiges
2857 5318 3002 5363 cum
3057 5300 3316 5362 homine
3363 5319 3470 5381 po-
3506 5326 3542 5375 ι
3561 5326 3602 5365 4.
