4309 6259
883 500 1003 565 460

1733 524 2078 570 ENARRATIO
2121 524 2183 569 IN
2226 524 2362 569 cAP.
2409 522 2452 568 X
2488 523 2616 570 1013.
2662 542 2742 553 —
2780 523 2925 570 Am.
2972 524 3118 571 xxv!

878 688 1090 753 ctione
1129 710 1230 755 me
1266 695 1343 756 ad
1385 694 1778 777 loquendum
1819 693 2232 757 intellectuali
2272 693 2364 755 lo-
2392 691 2445 753 A
2476 694 2626 755 dum
2690 693 3062 774 quaestionis
3121 703 3184 757 et
3242 692 3719 769 affirmationiS,
3776 691 3960 773 quasi

878 789 1135 853 cutione
1183 801 1500 857 movente.
1556 794 1744 857 Dolor
1793 794 1962 856 enim
2013 794 2236 855 incitat
2282 794 2361 855 ad

876 887 1289 970 loquendum,
1342 892 1494 973 quia
1553 911 1667 975 per
1717 892 1910 955 verba
1960 893 2363 974 evaporando

877 1006 989 1049 seu
1019 991 1433 1070 erumpendo,
1469 992 1939 1072 quodammodo
1972 991 2359 1064 minoratur-3

877 1094 940 1148 et
971 1094 1146 1149 tanto
1173 1088 1386 1150 minus
1418 1090 1630 1151 anima
1670 1089 1942 1171 percipit
1981 1108 2203 1165 unum,
2239 1106 2365 1169 quo

881 1184 1024 1265 plus
1057 1184 1332 1248 intendit
1362 1187 1441 1248 ad
1473 1187 1668 1249 aliud.

963 1286 1190 1344 Dicam
1231 1288 1357 1346 Deo
1389 1306 1410 1344 .·
1444 1288 1600 1346 Nola·
1631 1307 1727 1345 me
1757 1290 2203 1346 condemnare.
2239 1286 2366 1348 Hoc

878 1379 1133 1443 videtur
1161 1381 1495 1445 animabus
1537 1383 1603 1445 in
1652 1381 2017 1465 purgatorio
2053 1401 2180 1444 non
2218 1400 2367 1445 con-

875 1478 1116 1555 venire,
1151 1498 1349 1560 quum
1393 1481 1522 1543 sint
1566 1489 1753 1544 certae
1792 1482 1871 1544 de
1911 1481 2151 1561 gloria3
2196 1500 2367 1561 quae-

876 1577 1021 1638 dam
1073 1586 1283 1640 tamen
1328 1580 1425 1658 (ut
1475 1580 1738 1659 dicitur)
1785 1588 1935 1641 sunt
1983 1580 2242 1642 incertas
2288 1580 2367 1641 dc

880 1676 1021 1752 hoc,
1057 1677 1209 1757 quia
1253 1677 1344 1739 sic
1394 1678 1602 1760 poenis
1645 1679 1910 1742 addictae
1955 1687 2126 1755 sunt,
2165 1686 2234 1739 ut
2264 1697 2369 1741 ne-

877 1773 1082 1837 sciant
1123 1794 1198 1836 an
1245 1774 1528 1838 finaliter
1569 1777 1695 1838 sint
1737 1778 2054 1839 salvandae
2093 1796 2172 1839 an
2219 1796 2369 1839 con-

877 1874 1252 1937 demnandae
1289 1892 1302 1935 :
1339 1894 1478 1955 quae
1523 1875 1744 1956 utique
1787 1882 2008 1957 optant
2049 1894 2176 1937 non
2220 1893 2369 1937 con-

875 1972 1188 2049 demnari,
1215 1972 1408 2054 idque
1438 1983 1778 2055 precantur
1807 1975 2157 2037 secundum
2196 1974 2368 2055 quod

878 2071 1080 2133 oratio
1123 2081 1219 2134 est
1263 2072 1578 2155 interpres
1626 2072 1947 2135 desiderii.
1981 2071 2240 2154 Proprie
2284 2081 2369 2133 ta-

877 2189 1023 2233 men
1055 2188 1236 2233 orare
1277 2172 1370 2233 eis
1414 2189 1539 2234 non
1579 2171 1903 2253 competit,
1939 2179 2126 2253 prout
2167 2171 2368 2233 oratio

877 2276 974 2329 est
1016 2268 1341 2331 meritoria
1387 2287 1496 2331 seu
1547 2268 1973 2350 impetrativa,
2006 2289 2208 2351 quum
2239 2287 2367 2331 non

877 2365 1006 2427 sint
1040 2366 1105 2427 in
1138 2374 1304 2428 statu
1335 2368 1643 2443 merendi,
1665 2369 1772 2429 sed
1795 2368 1962 2431 viam
1989 2367 2364 2442 finiverunt,

879 2482 995 2526 nec
1045 2464 1258 2526 valent
1306 2466 1530 2545 juvare
1578 2486 1646 2527 se
1691 2465 1884 2547 ipsaS.
1918 2465 2152 2528 Verum
2196 2466 2367 2546 quod

878 2562 989 2640 ait,
1023 2562 1162 2625 Noli
1215 2582 1317 2626 me
1366 2565 1813 2640 condemnare,
1850 2571 2059 2646 potest
2108 2564 2200 2626 sic
2253 2564 2369 2624 im-

879 2661 1136 2743 proprie
1165 2661 1514 2742 explanari,
1542 2662 1602 2723 id
1627 2670 1744 2738 est,
1766 2661 1898 2725 noli
1928 2680 2030 2725 me
2063 2662 2127 2723 in
2160 2662 2367 2744 poenis

878 2759 979 2821 his
1011 2768 1139 2821 tam
1179 2760 1316 2821 dire
1356 2760 1606 2841 punire,
1643 2760 1824 2841 quasi
1864 2779 2068 2823 essem
2113 2762 2368 2822 damna—

882 2867 962 2921 ta.
1011 2861 1247 2921 Indica
1295 2860 1486 2927 mihi,
1530 2879 1648 2919 cur
1697 2880 1794 2919 me
1841 2862 1934 2919 ita
1969 2861 2254 2937 judices,
2303 2859 2366 2921 id

878 2966 994 3035 est,
1052 2965 1176 3018 tam
1229 2957 1504 3037 graviter
1553 2958 1804 3040 punias,
1857 2958 2086 3020 Dicunt
2138 2957 2361 3039 aliqui,

2474 793 2689 855 anima
2734 793 2799 854 in
2844 793 3212 874 purgatorio
3258 793 3399 869 sita,
3434 793 3511 855 ad
3556 800 3805 853 tantum
3848 809 3963 871 per

2475 908 2697 971 poenas
2724 891 3098 953 devolvatur
3127 908 3431 967 errorem,
3454 897 3523 951 ut
3552 897 3733 971 putet
3764 889 3959 951 Deum

2476 988 2573 1049 sui
2616 1008 2756 1051 esse
2799 990 3323 1052 calumniatorem
3364 996 3427 1051 et
3464 1005 3903 1069 oppressorem
3942 1004 3958 1047 ε

2477 1088 2645 1167 quod
2680 1106 3080 1168 nequaquam
3114 1088 3465 1168 putandum
3506 1094 3622 1149 est.
3657 1085 3801 1148 Ideo
3844 1085 3966 1147 sci-

2478 1185 2742 1247 scitatur
2772 1185 2905 1247 haec
2937 1194 3127 1266 atque
3158 1185 3511 1266 sequentia,
3549 1184 3636 1246 ita
3671 1192 3742 1246 ut
3782 1192 3969 1265 neget

2480 1283 2573 1347 sic
2618 1302 2777 1359 esse,
2813 1283 2981 1346 sicut
3016 1282 3371 1365 expositum
3416 1291 3531 1345 est.
3568 1283 3783 1364 ltaque
3812 1281 3969 1345 dicit

2476 1383 2611 1445 haec
2652 1383 2730 1444 ad
2775 1383 3249 1463 provocandum
3290 1381 3793 1444 misericordiam
3833 1381 3965 1455 Dei,

2475 1482 2655 1563 juxta
2674 1480 3135 1561 expositionem
3172 1481 3509 1542 inductam.
3528 1479 3811 1561 Denique
3832 1480 3971 1541 sub-

2477 1580 2669 1656 ditur,
2704 1590 2763 1639 ec
2790 1580 3137 1639 consilium
3168 1580 3522 1655 impiorum
3549 1579 3823 1656 adjuves
3842 1582 3873 1637 ?
3902 1577 3967 1639 id

2478 1686 2595 1755 est,
2631 1678 2940 1759 numquid
2986 1676 3103 1738 tibi
3146 1677 3382 1739 bonum
3427 1677 3699 1751 videtur,
3736 1684 3809 1737 ut
3845 1676 3971 1738 dae-

2479 1795 2736 1839 monum
2771 1775 3131 1857 coopereris
3152 1774 3443 1851 consilio,
3461 1774 3573 1855 qui
3604 1794 3707 1837 me
3736 1775 3813 1836 ad
3846 1774 3967 1837 hoc

2406 1878 2451 1940 Β
2484 1882 2905 1950 tentaverunt,
2940 1883 3255 1954 quatenus
3296 1892 3397 1936 me
3436 1874 3517 1935 ad
3554 1892 3779 1955 poenas
3812 1872 3967 1935 istas

2479 1975 2921 2056 perducerent,
2957 1972 3085 2034 imo
3136 1980 3198 2034 et
3245 1973 3324 2034 ad
3370 1970 3741 2047 infernaleS,
3774 1972 3829 2032 si
3861 1990 3970 2053 po-

2477 2072 2747 2135 tuissent
2798 2079 2861 2133 et
2905 2071 3347 2153 permisisses?
3379 2071 3853 2147 Verumtamen,
3888 2071 3971 2132 is-

2478 2171 2591 2235 tud
2612 2170 2828 2251 aliquo
2854 2169 3042 2232 modo
3062 2168 3457 2232 affirmative
3475 2178 3685 2251 potest
3712 2169 3965 2251 exponi.

2478 2271 2545 2332 In
2590 2270 2711 2331 hoc
2761 2268 2931 2331 enim
2981 2269 3143 2330 Deus
3188 2267 3505 2331 consentit
3545 2267 3675 2329 illis
3716 2267 3973 2331 tortori-

2478 2368 2621 2444 buS,
2641 2375 2711 2429 ut
2734 2367 3053 2448 peccatrix
3083 2366 3296 2428 anima
3327 2367 3661 2447 puniatur3
3696 2367 3807 2429 sed
3843 2384 3971 2428 non

2480 2486 2553 2530 eo
2591 2467 2781 2529 modo
2820 2464 3141 2527 consentit
3178 2464 3243 2526 id
3282 2462 3452 2539 fieri,
3486 2481 3615 2546 quo
3650 2466 3975 2527 daemones

2480 2564 2639 2627 illud
2690 2570 3013 2643 exoptant.
3047 2562 3172 2645 Ipsi
3223 2562 3391 2625 enim
3444 2561 3787 2625 crudeliter
3835 2582 3975 2644 per-

2476 2680 2789 2743 versoque
2840 2660 2973 2723 fine
3032 2660 3154 2723 hoc
3202 2668 3635 2741 exsequuntur
3694 2679 3809 2722 seu
3858 2681 3970 2723 cu-

2478 2761 2685 2843 piunt,
2721 2759 2891 2840 quod
2942 2760 3105 2821 Deus
3152 2758 3321 2839 juste
3362 2767 3423 2820 et
3474 2757 3607 2820 fine
3658 2758 3967 2821 laudabili

2478 2858 2771 2941 praecipit
2802 2857 2969 2921 fieri.

2559 2959 2903 3035 Numquid
2928 2957 3105 3016 oculi
3140 2958 3364 3016 carnei
3404 2957 3522 3016 tibi
3561 2966 3715 3017 sunt
3736 2958 3767 3015 ,ἓ
3796 2956 3967 3018 Istud

876 3056 1048 3138 quod
1099 3054 1326 3119 animae
1371 3056 1735 3137 purgatorio
1785 3058 2120 3138 deputatae,
2168 3057 2365 3118 inter·
2402 3060 2447 3124 C
2479 3074 2679 3136 usque
2718 3056 2795 3117 ad
2830 3054 2916 3131 id,
2952 3074 3155 3135 quum
3182 3057 3267 3115 sic
3297 3074 3479 3115 nemo
3508 3056 3624 3134 qui
3654 3056 3734 3115 de
3765 3076 3971 3115 marm

877 3155 1028 3216 dum
1061 3172 1136 3216 ex
1166 3154 1607 3235 magnitudine
1645 3174 1772 3217 suae
1813 3174 2017 3237 poenae
2054 3154 2368 3217 arbitran-

880 3261 981 3315 tur
1011 3272 1078 3315 se
1109 3253 1274 3314 ultra
1303 3252 1688 3333 condignum
1721 3261 1783 3315 et
1813 3254 1953 3315 sine
1977 3254 2366 3315 admixtione

879 3350 1331 3413 misericordiae
1353 3351 1645 3427 cruciari,
1664 3351 1962 3432 quoniam
1997 3353 2142 3434 plus
2172 3360 2370 3415 atten-

879 3451 1041 3514 dunt
1087 3449 1494 3512 acerbitatem
1555 3468 1757 3532 poenae
1808 3470 1998 3531 quam
2055 3452 2363 3529 sentiunt,

877 3567 1070 3629 quam
1103 3548 1343 3629 peccati
1377 3547 1474 3609 sui
1507 3548 1946 3611 enormitatem
1979 3568 2090 3611 seu
2121 3551 2369 3630 quanti-

881 3654 1092 3709 tatem.
1128 3646 1270 3709 Ideo
1301 3655 1525 3727 petunt
1557 3646 1677 3708 sibi
1720 3647 1988 3709 indicari
2028 3646 2362 3725 divinituS,

881 3764 995 3827 pro
1044 3763 1172 3826 qua
1219 3744 1406 3826 culpa
1458 3744 1551 3808 sic
1599 3753 2032 3826 torqueantur.
2072 3745 2191 3807 Sed
2238 3765 2367 3809 non

878 3843 1149 3920 videtur,
1185 3843 1355 3923 quod
1405 3843 1720 3905 aestiment
1768 3843 1962 3904 Deum
2013 3862 2150 3906 esse
2202 3844 2368 3925 inju-

881 3946 1072 4016 stum,
1106 3938 1203 4002 vel
1237 3939 1376 4020 ejus
1412 3939 1723 4020 judicium
1765 3960 1903 4003 esse
1942 3960 2313 4022 perversum
2350 3963 2363 4006 :

879 4037 1048 4116 quod
1100 4045 1490 4117 sequeretur,
1527 4038 1580 4100 si
1625 4046 1922 4118 putarent
1961 4056 2102 4100 eum
2139 4038 2370 4120 punire

878 4134 1045 4196 ultra
1075 4135 1938 4217 condignum.Verumtamen
1964 4157 2103 4200 esse
2134 4146 2363 4219 potest,

2479 3164 2591 3215 cua
2632 3155 2833 3231 possit
2882 3173 3126 3221 eruere,
3170 3152 3515 3232 interrogat
3574 3172 3647 3216 ac
3696 3152 3971 3233 denegat

2476 3253 2710 3328 anima,
2746 3260 2813 3314 ut
2848 3251 3119 3314 fateatur
3150 3253 3347 3314 Deum
3389 3249 3685 3332 perfectae
3729 3249 3973 3312 infalli-

2476 3353 2755 3433 bilisque
2795 3351 3100 3427 scientiae,
3137 3369 3253 3412 nec
3294 3368 3481 3432 posse
3521 3349 3585 3410 in
3620 3348 3973 3431 judicando

2477 3470 2708 3527 errare,
2744 3450 3097 3513 secundum
3146 3447 3535 3512 intellectum
3584 3448 3969 3529 expositum.

2557 3549 2819 3631 Insuper
2848 3548 2937 3611 ait
2972 3566 2985 3609 ε
3032 3551 3273 3608 Manus
3305 3556 3449 3618 tuce,
3482 3550 3783 3617 Domine,
3810 3549 3975 3623 fece-

2477 3658 2635 3709 νιιηι
2689 3668 2805 3717 me,
2851 3658 2908 3706 ec
2951 3651 3443 3723 plasmaverunt
3496 3666 3593 3705 me
3644 3654 3847 3705 totum
3900 3648 3973 3705 in

2477 3748 2782 3806 circuitu.
2815 3745 2951 3806 Jam
2992 3742 3287 3805 litteralis
3316 3751 3376 3805 et
3418 3742 3683 3824 mystica
3720 3744 3975 3825 exposi-

2476 3842 2567 3906 tio
2599 3842 2889 3906 lectionis
2923 3842 3104 3903 istius
3136 3839 3485 3922 praehabita
3514 3848 3626 3903 est.
3641 3840 3975 3914 Quomodo

2477 3950 2687 4004 autem
2719 3940 2948 4002 animae
2979 3939 3045 4001 in
3080 3938 3464 4021 purgatoriis
3504 3938 3711 4019 poenis
3750 3940 3975 4003 deten-

2480 4049 2557 4103 tae
2587 4039 2707 4101 ista
2737 4038 3143 4113 conveniant,
3177 4058 3251 4100 ex
3284 4037 3694 4119 praeinductis
3724 4043 3975 4123 exposi-

2480 4138 2763 4203 tionibus
2794 4138 2947 4200 satis
2980 4155 3121 4200 reor
3137 4144 3397 4217 ·pate-re.
3432 4136 3551 4199 Sed
3596 4156 3975 4218 percurren-

883 4234 1049 4313 quod
1083 4234 1454 4314 magnitudo
1488 4254 1689 4315 poenae
1731 4234 2036 4317 impediat
2076 4236 2371 4317 aliquali·
2400 4234 2449 4296 D
2478 4239 2581 4313 do,
2636 4236 2956 4299 modicum
3017 4236 3265 4297 addam.
3317 4235 3533 4316 Itaque
3590 4234 3803 4297 anima
3854 4258 3974 4300 seu

882 4338 976 4393 ter
1027 4331 1091 4393 in
1143 4333 1236 4394 eis
1285 4333 1550 4395 rat-ionis
1593 4334 1930 4416 judicium,
1975 4343 2036 4396 et
2087 4335 2371 4398 scientiae

878 4450 1064 4492 usum
1109 4431 1609 4513 diligentemque
1650 4432 2249 4509 considerationem,
2286 4434 2371 4497 ita

881 4538 952 4591 ut
982 4529 1074 4591 eis
1107 4536 1428 4611 appareat,
1465 4532 1632 4611 quod
1668 4532 1831 4593 Deus
1862 4531 2054 4593 nimis
2087 4552 2199 4594 seu
2232 4533 2372 4614 plu-

883 4626 1116 4689 rimum
1169 4628 1448 4708 rigorose
1494 4628 1718 4710 puniat
1761 4648 1887 4706 eaS,
1924 4628 2016 4693 sic
2056 4631 2226 4711 quod
2267 4632 2375 4693 ad-

885 4725 1179 4788 mirative
1223 4726 1439 4788 dicant
1477 4727 1672 4790 verba
1713 4726 1994 4805 inducta,
2030 4728 2373 4809 quaerendo

888 4822 1010 4885 sibi
1057 4843 1308 4887 causam
1355 4824 1638 4906 apertius
1677 4824 2011 4888 insinuari.
2047 4827 2372 4908 Tanquam

889 4921 1153 4985 dicant:
1199 4922 1421 4985 Mirum
1471 4920 1746 5002 videtur,
1785 4942 1822 4987 o
1865 4924 2150 5002 Domine,
2204 4928 2373 5007 quod

888 5028 1015 5083 tam
1049 5020 1440 5084 horribiliter
1471 5040 1585 5085 nos
1624 5021 1891 5103 affligis.

969 5122 1312 5200 Numquid
1340 5122 1572 5182 bonu-m
1610 5123 1727 5182 tibi
1755 5124 2038 5193 videtur,
2057 5126 2116 5183 si
2135 5128 2377 5183 calum-

887 5220 1092 5278 nieris
1119 5229 1177 5279 et
1205 5222 1536 5297 opprimas
1565 5241 1664 5281 me
1691 5240 1848 5297 opus
1879 5242 2195 5283 manuum
2238 5231 2376 5282 tua-

889 5336 1068 5387 rum,
1096 5325 1215 5379 etc.
1241 5320 1265 5378 Ζ
1296 5317 1562 5391 Quidam
1592 5328 1918 5401 exponunt
1947 5319 2068 5383 hoc
2096 5338 2212 5401 per
2242 5338 2375 5383 mo-

2480 4336 2743 4418 spiritus
2774 4333 3126 4408 rationalis,
3146 4352 3346 4413 quum
3380 4333 3461 4394 sit
3492 4332 3761 4415 simplex
3790 4342 3855 4395 et
3886 4335 3979 4397 in-

2479 4452 2843 4515 corporeuS,
2881 4450 3011 4494 non
3042 4440 3137 4493 est
3168 4430 3429 4513 aliquod
3461 4439 3662 4493 totum
3704 4432 3981 4513 integra-

2482 4532 2561 4609 le,
2599 4550 2715 4594 nec
2764 4531 3155 4613 corporalem
3202 4529 3393 4593 habet
3438 4529 3817 4611 circuitum;
3860 4534 3979 4595 sed

2482 4638 2579 4693 est
2608 4630 2761 4710 quid
2795 4637 2998 4692 totum
3030 4628 3370 4691 essentiale
3399 4629 3463 4690 in
3496 4647 3609 4692 suo
3640 4630 3886 4709 ordine,
3914 4640 3975 4695 et

2482 4737 2687 4792 totum
2718 4727 3169 4809 potestativum
3198 4735 3509 4808 quantum
3540 4728 3618 4789 ad
3652 4729 3979 4792 naturales

2482 4827 2673 4904 vircS,
2719 4846 2828 4890 seu
2875 4826 3191 4908 potentias
3230 4845 3389 4907 quas
3421 4826 3609 4889 habet
3639 4826 3707 4888 in
3737 4846 3805 4889 se
3832 4846 3979 4909 per-

2484 4934 2814 4989 manentes
2850 4942 2865 4987 :
2902 4924 3121 5006 sicque
3160 4943 3227 4987 se
3267 4933 3468 4988 totum
3506 4923 3662 4988 dicit
3689 4933 3977 4989 creatum

2483 5044 2520 5087 a
2550 5025 2697 5101 DeO,
2732 5032 2795 5086 et
2830 5023 2895 5085 in
2928 5022 3201 5087 circuitu
3240 5023 3557 5105 spirituali
3598 5021 3969 5101 formatum,

2483 5122 2635 5205 quia
2674 5122 2813 5203 ejus
2856 5121 3132 5185 essentia
3172 5129 3267 5185 est
3313 5120 3521 5199 finita,
3555 5130 3747 5204 atque
3774 5142 3813 5185 a
3840 5123 3975 5188 Deo

2481 5219 2903 5283 determinata
2952 5240 3062 5282 seu
3108 5220 3397 5297 limitata,
3432 5220 3541 5301 qui
3574 5219 3641 5281 in
3675 5240 3967 5299 numero,
4003 5248 4219 5303 swan

2483 5320 2763 5402 pondere
2805 5327 2867 5382 et
2916 5337 3215 5382 mensura
3263 5318 3597 5382 constituit
3642 5319 3969 5384 universa.
