4309 6259
585 2764 636 2809 Ν
647 2768 752 2821 Rea.
764 2780 830 2817 xv,

583 3747 637 3791 ΙΙΙ
648 3749 756 3804 Περ.
765 3762 835 3801 xu,

861 490 944 558 68

1421 506 1767 553 ENARRA'rlo
1811 506 1871 549 m
1914 504 2050 551 cAP.
2098 503 2227 550 xvll
2268 496 2427 548 unm
2468 498 2693 557 QUAR'rl
2735 502 2957 549 REGUM.
3004 522 3085 531 —-
3124 500 3268 547 ΛΒΤ.
3313 498 3398 545 XX

863 684 1034 760 quod
1060 682 1367 740 rebellare
1396 678 1632 745 nitens,
1663 676 1934 737 misisset
1965 676 2231 735 nuntios
2259 676 2348 734 ad
2376 672 2428 735 A
2458 678 2791 735 incensum
2819 695 3013 751 super
3052 694 3203 733 aras
3242 675 3313 733 in
3356 691 3595 733 morem
3616 668 3939 745 yentz‘um,

863 782 1004 840 Sua
1031 796 1236 854 reqem
1269 776 1569 852 AEqypti,
1611 796 1692 834 ne
1719 782 2058 850 proestaret
2104 774 2347 832 tributa

862 879 1002 953 reyi
1027 877 1473 953 Assyriorum,
1505 876 1674 933 sieut
1715 874 1995 949 sinyulis
2026 874 2224 931 annis
2254 891 2349 930 so-

866 976 1021 1035 litus
1063 983 1226 1045 erat,
1259 974 1499 1033 obsedit
1525 992 1694 1042 eum,
1734 980 1794 1031 et
1838 973 2130 1030 vinctum
2170 971 2349 1030 misit

865 1076 936 1133 in
958 1092 1297 1133 carcerem.
1321 1070 1602 1143 Qualiter
1630 1077 1842 1131 autem
1874 1076 1936 1131 et
1954 1068 2263 1150 quamdiu
2286 1075 2351 1131 et

865 1170 977 1233 ubi
1008 1169 1328 1233 obsederit
1360 1188 1433 1232 ac
1463 1168 1741 1231 vinxerit
1775 1186 1944 1243 eum,
1979 1166 2176 1248 paulo
2208 1174 2350 1248 post

864 1268 1157 1331 subditur
1181 1267 1456 1330 :idcirco
1487 1266 1655 1327 istud
1685 1284 1798 1347 per
1826 1264 2347 1346 anticipationem

861 1366 968 1429 hic
997 1366 1252 1429 dicitur.
1281 1368 1808 1443 Pervayatusque
1837 1374 1926 1423 est
1955 1384 2207 1424 omne-m
2232 1373 2351 1423 ter-

862 1487 1026 1537 ram,
1060 1465 1124 1527 id
1153 1473 1270 1541 est,
1307 1472 1536 1526 terram
1570 1463 1757 1526 lsrael
1787 1482 1933 1525 cum
1967 1480 2082 1525 suo
2113 1461 2352 1525 exerci—

863 1573 932 1627 tu
963 1563 1376 1647 percurrebat
1403 1572 1468 1625 et
1495 1561 1854 1642 affligebat,
1899 1561 2076 1625 nullo
2107 1560 2232 1622 sibi
2262 1579 2352 1623 re-

863 1664 1127 1727 sistente
1153 1687 1169 1737 ;
1217 1672 1277 1722 et
1307 1666 1649 1723 ascendens
1681 1664 2080 1731 Samariam,
2111 1662 2349 1721 obsedit

861 1784 1006 1823 eam
1038 1764 1240 1823 tribus
1275 1762 1494 1822 annis.
1527 1764 1719 1821 Anno
1757 1770 1973 1821 autem
2003 1778 2171 1819 nono
2205 1761 2350 1819 Osee

2456 794 2617 852 quas
2646 777 3064 834 transtulerat
3086 775 3401 834 Dominus
3428 792 3473 830 a
3497 770 3665 849 facie
3690 786 3939 827 eorum.

2456 875 2891 952 Feceruntque
2923 876 3115 933 verba
3139 873 3419 948 pessima
3456 869 3789 928 irritantes
3818 867 3945 925 Do-

2458 972 2713 1030 minum
2736 993 2759 1031 .·
2779 970 2933 1053 quia
2960 980 3023 1033 et
3052 970 3331 1053 pessima
3370 966 3561 1032 verba
3590 963 3942 1047 loqueban-

2459 1077 2583 1145 tur,
2619 1069 2788 1132 idola
2833 1070 3175 1146 adorando,
3222 1076 3285 1130 et
3328 1063 3737 1132 vitiosissima
3774 1060 3945 1123 facta

2460 1167 2823 1247 significata
2851 1188 2965 1251 per
2996 1168 3209 1245 verba,
3244 1174 3530 1248 egerunt.
3556 1164 3946 1244 Frequenter

2458 1265 2695 1328 etenim
2729 1266 2795 1327 in
2830 1266 3173 1349 Scripturis
3202 1264 3514 1347 accipitur
3544 1260 3801 1327 verbum
3826 1276 3941 1321 seu

2458 1383 2689 1441 sermo,
2723 1384 2838 1447 pro
2872 1386 2938 1428 re
2970 1363 3335 1445 significata
3370 1382 3481 1445 per
3512 1360 3795 1425 verbum.
3818 1357 3942 1419 Un-

2459 1463 2537 1525 de
2569 1462 2999 1545 subjungitur,
3021 1475 3079 1524 et
3098 1468 3433 1523 coluerunt
3456 1458 3938 1526 immunditias,

2460 1561 2522 1623 id
2555 1570 2651 1625 est
2681 1562 3119 1624 sordidissima
3157 1561 3326 1624 idola
3356 1568 3417 1623 et
3446 1577 3664 1623 eorum
3697 1554 3943 1637 spurci-

2460 1660 2601 1736 tias,
2638 1664 2719 1721 de
2758 1664 2993 1741 quibus
3021 1661 3329 1739 praecepit
3368 1660 3685 1721 Dominus
3721 1657 3813 1714 eis
3858 1673 3943 1712 ne

2456 1760 2745 1835 facerent
2788 1762 3051 1819 verbum
3098 1762 3233 1831 hoc,
3286 1758 3350 1819 id
3408 1764 3505 1819 est
3552 1750 3941 1817 idololatrias

861 1863 1027 1937 cepit
1049 1881 1168 1920 γεω
1195 1861 1620 1937 Assyriorum
1648 1860 2024 1920 Samariam
2055 1879 2077 1917 .·
2104 1865 2168 1919 et
2199 1864 2347 1919 tunc
2384 1856 2432 1919 B
2460 1858 2639 1920 tales,

866 1956 932 2019 in
962 1976 1037 2020 ea
1063 1976 1208 2020 cum
1235 1954 1379 2018 aliis
1408 1955 1576 2037 cepit
1595 1953 1750 2017 Osee
1780 1972 1990 2035 regem
2019 1979 2034 2029 ;
2066 1965 2127 2015 et
2147 1965 2350 2015 trans-

866 2058 1019 2116 tulit
1049 2059 1256 2117 Israel
1299 2058 1370 2115 in
1403 2055 1731 2131 Assyrios,
1757 2056 2100 2133 posuitque
2125 2073 2251 2123 eos,
2283 2052 2346 2114 id

862 2162 960 2216 est
989 2153 1194 2216 tribus
1225 2152 1405 2233 regni
1450 2151 1637 2214 lsrael
1669 2152 1951 2215 nondum
1984 2151 2346 2227 translatas,

861 2252 1132 2317 inJIala
1157 2262 1218 2311 et
1241 2254 1314 2311 in
1337 2250 1768 2327 Haborjuoeta
1786 2251 2069 2325 fluvium
2101 2252 2350 2318 Gozan,

860 2353 934 2410 in
981 2352 1355 2411 civitatibus
1404 2352 1763 2409 Medorum.
1816 2348 1993 2409 Unde
2047 2347 2113 2408 in
2164 2347 2353 2409 Scho-

859 2448 1084 2511 lastica
1131 2449 1432 2511 recitatur
1479 2446 1767 2522 historia,
1803 2447 1975 2527 quod
2021 2446 2350 2508 transtulit

861 2556 1102 2629 septem
1135 2547 1338 2609 tribus
1365 2564 1511 2627 quae
1551 2554 1936 2608 manserant.
1971 2545 2219 2607 Dictum
2253 2554 2348 2607 est

859 2645 1030 2707 enim
1065 2664 1278 2727 supra,
1304 2644 1581 2726 qualiter
1600 2643 2208 2726 Theglathphalasar
2240 2663 2349 2706 rex

861 2744 1262 2826 Assyriorum
1290 2743 1461 2825 cepit
1491 2751 1553 2805 et
1593 2743 1916 2805 transtulit
1945 2744 2102 2805 duas
2142 2741 2347 2804 tribus

861 2862 1008 2906 cum
1054 2841 1344 2918 dimidia,
1395 2849 1459 2903 et
1516 2849 1722 2903 tantos
1771 2842 1850 2903 de
1895 2841 2232 2923 Nephthali
2285 2851 2349 2904 et

859 2941 1052 3004 etiam
1072 2942 1152 3003 de
1172 2940 1474 3017 Zabulon,
1495 2948 1564 3002 ut
1585 2939 1836 3019 legitur,
1855 2940 2026 3022 quod
2053 2949 2347 3021 poterant

2539 1960 2623 2019 Et
2662 1961 3035 2035 testificatus
3076 1968 3166 2018 est
3196 1959 3536 2025 Dominus,
3566 1954 3629 2015 id
3661 1959 3757 2015 est
3786 1969 3943 2034 prae-

2422 2055 2617 2117 -dixit
2645 2056 2737 2119 eis
2768 2065 2959 2137 atque
2990 2057 3276 2119 hortatus
3308 2063 3425 2131 est,
3450 2058 3524 2115 in
3544 2056 3750 2115 Israel
3774 2061 3833 2111 et
3862 2052 3937 2109 in

2454 2158 2631 2216 Iuda
2672 2176 2793 2234 per
2836 2177 3103 2216 manum
3149 2157 3440 2215 omnium
3468 2156 3941 2230 Prophetarum

2455 2262 2515 2311 et
2553 2253 2946 2321 videntium,
2970 2253 3188 2311 dicens
3208 2268 3232 2310 .·
3251 2250 3684 2312 Revertimini
3702 2252 3814 2328 pei·
3836 2264 3943 2307 ve-

2458 2367 2591 2411 ram
2622 2347 3094 2423 contritionem,
3128 2370 3171 2408 a
3202 2350 3327 2407 viis
3372 2347 3596 2407 vestris
3620 2345 3939 2423 pessimis,

2457 2445 2586 2508 imo
2615 2455 2679 2508 et
2707 2446 2787 2508 ab
2819 2445 3156 2508 itineribus
3187 2445 3266 2508 ad
3289 2445 3601 2509 idolorum
3624 2442 3939 2506 culturam

2457 2544 2859 2621 ducentibuS‚
2892 2555 2951 2605 et
2997 2546 3307 2605 custodite
3326 2553 3647 2622 praecepta
3696 2562 3835 2601 mea
3882 2550 3944 2599 et

2456 2646 2889 2712 caerimonias,
2920 2645 3129 2720 Juxta
3187 2663 3438 2704 omnem
3495 2646 3691 2719 leyem
3746 2660 3945 2720 quam

2449 2743 2729 2818 proecepi
2750 2744 3052 2819 patribus
3086 2744 3326 2810 vestris,
3366 2752 3426 2803 et
3462 2743 3629 2801 siout
3674 2741 3825 2800 misi
3854 2740 3945 2799 ad

2460 2860 2564 2899 vos
2615 2843 2688 2900 in
2733 2862 2937 2901 manu
2978 2862 3309 2902 servorum
3361 2860 3641 2901 meorum
3662 2840 3943 2917 Prophe-

2460 2947 2696 2999 tarum.
2736 2941 2862 3007 Qui
2909 2960 3039 3001 non
3086 2941 3470 3009 audierunt,
3514 2941 3623 2998 sed
3664 2939 3942 2997 indura-

857 3038 984 3101 dici
1031 3037 1484 3118 aequivalenter
1535 3046 1658 3099 tres
1705 3036 1947 3111 tribus;
1982 3036 2176 3117 idque
2222 3036 2349 3098 fuit
2382 3036 2427 3099 C
2459 3047 2691 3098 verunt
2748 3039 3055 3098 cervicem
3114 3059 3328 3107 suam,
3370 3040 3579 3115 juatta
3634 3038 3943 3096 cervicem

857 3138 1187 3203 exordium
1216 3136 1603 3219 captivitatis
1632 3136 1852 3199 decem
1885 3136 2190 3198 tribuum.

934 3237 1406 3317 consequenter
1435 3235 1502 3296 in
1544 3243 1716 3298 textu
1756 3233 2002 3296 diffuse
2041 3235 2345 3298 describi-

860 3343 961 3397 tur
991 3354 1183 3398 causa
1210 3333 1598 3416 captivitatis
1642 3332 1921 3396 tribuum
1954 3334 2143 3396 Israel
2172 3358 2186 3409 ;
2231 3354 2347 3397 nec

860 3442 958 3496 est
984 3431 1341 3496 difficultas
1374 3432 1440 3493 in
1472 3431 1704 3494 littera.
1740 3435 2014 3493 Factum
2052 3444 2142 3493 est
2171 3435 2347 3495 enim

861 3552 1064 3612 quum
1093 3542 1452 3609 peccassent
1491 3533 1626 3607 filii
1657 3534 1860 3590 Israel
1905 3530 2348 3613 multipliciter

863 3649 977 3711 per
1017 3628 1828 3710 idololatriam‚praesertim
1868 3648 1905 3689 a
1943 3637 2229 3710 tempore
2259 3631 2349 3693 Je

865 3727 1147 3805 roboam,
1181 3727 1293 3809 qui
1333 3728 1541 3809 primo
1573 3726 1794 3789 statuit
1825 3726 2058 3791 vitulos
2095 3746 2343 3805 aurem,

862 3830 1139 3889 Domino
1159 3830 1288 3889 Deo
1316 3847 1452 3897 su0,
1478 3828 1596 3906 qui
1613 3830 1927 3887 eduoeerat
1947 3846 2046 3886 eos
2073 3830 2154 3887 de
2177 3838 2348 3889 terra

862 3927 1161 4003 AEyypti,
1200 3928 1280 3985 de
1309 3946 1514 3986 manu
1547 3927 1917 3986 Pharaonis
1956 3928 2124 4002 reyis
2141 3928 2350 4003 AE'yy-

853 4026 982 4101 pti,
1021 4028 1358 4085 coluerunt
1392 4027 1541 4083 deos
1579 4026 1849 4093 alienos,
1889 4033 1949 4084 et
1985 4026 2349 4084 ambulave—

859 4131 1018 4182 runt
1025 4124 1228 4199 juoeta
1250 4123 1456 4181 ritum
1468 4123 1769 4199 gentium,
1787 4142 1948 4201 quas
1961 4141 2349 4199 consumpse-

2448 3145 2718 3211 patrum
2774 3156 3067 3207 suorum,
3115 3138 3234 3215 qui
3286 3140 3640 3197 noluerunt
3688 3137 3942 3195 obedire

2456 3236 2733 3293 Domino
2777 3238 2905 3296 Deo
2950 3255 3092 3304 suo,
3131 3244 3190 3295 et
3231 3236 3602 3312 abjecerunt
3652 3235 3941 3310 leqitima

2454 3332 2620 3409 ejus,
2660 3331 2724 3393 id
2774 3341 2871 3395 est
2912 3332 3148 3395 divinae
3197 3332 3353 3411 legis
3399 3340 3737 3414 praecepta,
3784 3348 3942 3412 prae·

2458 3430 2675 3491 sertim
2726 3429 3180 3493 caerimonialia
3228 3438 3291 3492 et
3336 3430 3687 3512 judicialia,
3730 3440 3790 3490 et
3826 3448 3946 3505 pa-

2456 3539 2655 3599 ctum,
2677 3529 2740 3590 id
2771 3537 2866 3591 est
2896 3529 3297 3610 Decalogum‚
3318 3532 3489 3609 quod
3507 3529 3762 3607 pepiqit
3788 3547 3936 3587 cum

2451 3630 2753 3705 patribus
2796 3648 3043 3699 eorum,
3094 3637 3155 3688 et
3207 3630 3675 3705 testificationes
3712 3627 3945 3706 quibus

2463 3728 2837 3803 testificatus
2874 3736 2964 3787 esc
3002 3747 3126 3796 eos,
3161 3725 3224 3788 id
3274 3734 3370 3789 est
3417 3724 3946 3789 comminationes

2460 3831 2524 3884 et
2552 3824 3117 3904 praenuntiationes
3142 3843 3471 3906 poenarum
3492 3843 3651 3906 quas
3671 3824 3763 3886 eis
3794 3842 3949 3906 prae-

2458 3922 2639 4000 dixit,
2657 3925 2979 4003 secutique
2996 3933 3150 3983 sunt
3172 3925 3512 3996 vanitates,
3534 3934 3593 3983 et
3626 3943 3787 3983 vane
3814 3942 3947 3999 eye-

2460 4031 2639 4093 runt,
2672 4032 2731 4081 et
2758 4024 2961 4082 secuti
2986 4032 3140 4082 sunt
3171 4032 3391 4099 qentes
3431 4042 3576 4102 quce
3616 4031 3804 4082 erant
3822 4041 3945 4099 per

2456 4119 2806 4181 circuitum
2862 4141 3105 4191 eorum,
3148 4141 3341 4199 super
3369 4123 3604 4200 quib-us
3636 4140 3945 4197 praecepe-

858 4230 964 4280 rat
993 4220 1310 4281 Dominus
1339 4221 1413 4278 in
1432 4229 1762 4295 conspectu
1791 4221 2083 4296 filiorum
2115 4224 2342 4292 Israel,
2376 4220 2426 4281 D
2458 4228 2562 4277 rat
2591 4221 2909 4280 Dominus
2938 4220 3055 4289 eis,
3086 4229 3159 4279 ut
3189 4239 3321 4281 non
3348 4221 3658 4296 facerent,
3689 4221 3857 4279 sicut
3884 4228 3947 4279 et

857 4328 918 4378 et
937 4336 1160 4393 reyum
1181 4320 1411 4385 Israel,
1429 4318 1588 4395 quia
1605 4318 1912 4377 similiter
1929 4318 2231 4395 fecerant.
2263 4322 2346 4380 Et

860 4415 1292 4475 irritaverunt
1333 4416 1468 4489 filii
1497 4417 1706 4474 Israel
1733 4415 1939 4472 verbis
1981 4435 2110 4475 non
2160 4420 2347 4476 rectis

859 4514 1213 4574 Dominum
1243 4514 1450 4573 Deum
1497 4532 1711 4583 suum,
1753 4522 1811 4571 et
1857 4513 2348 4589 (edificaverunt

859 4613 986 4672 sibi
1011 4614 1254 4671 ecccelsa
1289 4611 1360 4670 in
1391 4612 1638 4670 cunctis
1669 4612 1932 4669 urbibus
1961 4614 2122 4681 suis,
2142 4634 2185 4672 a
2218 4624 2349 4673 tur-

860 4731 932 4769 re
957 4710 1314 4779 custodum,
1339 4708 1402 4769 id
1442 4715 1538 4770 est
1578 4726 1615 4769 a
1657 4706 1960 4784 turribuS,
1997 4708 2063 4770 in
2112 4710 2348 4792 quibus

860 4806 1164 4889 perpauci
1215 4813 1564 4881 morantur,
1599 4805 1752 4885 quia
1800 4805 1866 4867 in
1918 4815 2092 4870 turre
2139 4818 2349 4871 custo-

859 4906 1010 4968 dum
1059 4904 1266 4967 solent
1307 4922 1445 4967 esse
1490 4903 1608 4966 soli
1649 4905 1964 4982 custodeS‚
2015 4927 2213 4986 usquc
2260 4912 2348 4969 ad

857 5005 1186 5065 civitatem
1237 5004 1583 5073 munitam,
1637 5002 1756 5065 hoc
1804 5011 1901 5064 est
1956 5023 2071 5086 per
2128 5006 2344 5068 omnia

859 5103 996 5166 loca
1025 5100 1328 5165 territorii
1352 5100 1472 5163 sui.
1499 5106 1935 5181 Feceruntque
1952 5104 2078 5162 sibi
2093 5113 2345 5164 statuas

854 5214 913 5263 et
958 5206 1130 5262 lucos
1171 5203 1245 5260 in
1278 5202 1461 5261 omni
1507 5204 1663 5260 colle
1707 5202 1998 5273 sublimi,
2029 5212 2088 5262 et
2130 5204 2343 5263 subter

856 5320 1040 5373 omne
1070 5303 1324 5376 liynum
1355 5318 1780 5369 nemorosum,
1801 5308 1859 5359 et
1889 5302 2229 5361 adolebant
2251 5303 2343 5360 ibi

2459 4316 2591 4377 illae
2644 4319 2992 4393 faciebant.
3042 4320 3127 4378 Et
3183 4320 3669 4397 dereliquerunt
3716 4318 3939 4378 omnia

2447 4425 2769 4492 proeoepta
2790 4416 3057 4477 Domini
3086 4417 3208 4477 Dei
3242 4418 3352 4475 sui
3364 4440 3392 4487 ,·
3419 4419 3832 4495 feceruntque
3866 4415 3947 4475 si-

2456 4512 2521 4570 bi
2538 4515 2890 4589 conflatiles
2918 4517 3079 4574 duos
3114 4516 3349 4573 vitulos
3380 4525 3438 4575 et
3478 4518 3668 4586 lucos,
3692 4524 3752 4574 et
3789 4517 3943 4575 ado—

2458 4622 2769 4672 raverunt
2804 4614 3179 4673 universam
3218 4614 3532 4673 militiam
3579 4615 3743 4674 coeli.
3790 4616 3940 4673 Ser-

2458 4711 2842 4788 vieruntque
2870 4714 3063 4781 Baal,
3094 4722 3155 4771 et
3190 4722 3720 4772 consecraverunt
3768 4713 3943 4789 filios

2455 4828 2600 4869 suos
2642 4817 2700 4869 et
2727 4810 2904 4886 filias
2945 4830 3098 4869 suas
3132 4829 3253 4887 per
3296 4811 3533 4886 ionem.
3568 4812 3654 4870 Et
3680 4812 3943 4871 divina—

2459 4909 2624 4968 tioni
2665 4908 3123 4976 inserviebant,
3152 4917 3211 4967 et
3254 4910 3578 4983 auyuriis.
3613 4910 3699 4969 Et
3740 4910 3943 4969 tradi-

2454 5010 2693 5067 derunt
2719 5027 2808 5075 se,
2840 5004 2903 5066 id
2933 5012 3050 5081 est,
3088 5014 3338 5087 paratos
3382 5006 3834 5085 exhibuerunt,
3875 5016 3939 5070 et

2456 5103 2877 5166 tentatoribus
2906 5104 3303 5166 daemonibus
3342 5124 3455 5187 per
3487 5105 3756 5187 impium
3786 5124 3940 5169 con-

2456 5222 2713 5265 sensum
2736 5221 2803 5264 se
2833 5200 3265 5283 subjecerunt,
3295 5214 3364 5265 ue
3382 5207 3669 5281 facerent
3692 5209 3937 5265 matum

2452 5322 2665 5362 coram
2698 5304 2995 5373 Domin0,
3028 5312 3087 5362 et
3120 5304 3552 5366 irritaverunt
3578 5326 3751 5365 eum.
