4309 6259
886 483 965 548 90
1403 498 1749 545 mam-rto
1792 501 1853 545 m
1896 502 2032 548 car.
2080 500 2236 548 xxm
2276 499 2434 546 unm
2477 501 2702 556 oman
2745 500 2970 548 Rasum.
3011 519 3097 530 —
3135 500 3279 546 aar.
3325 501 3447 547 xxv

888 677 985 735 ibi
1018 679 1311 752 sepulcra
1354 674 1854 748 idololatrarum,
1888 695 2030 754 quoe
2065 683 2254 738 erant
2301 675 2372 733 in
2403 672 2456 734 A
2566 678 2998 755 Reversusque
3027 687 3118 737 est
3152 679 3534 744 Jerusalem,
3569 685 3630 736 et
3664 680 3972 756 praecepit

888 775 1445 854 monte,misitque
1474 783 1533 833 et
1568 774 1745 841 tulit,
1766 771 1828 833 id
1860 779 1955 834 est
1983 772 2227 834 extrahi
2247 773 2376 853 jus·
2486 775 2667 834 omni
2705 779 2946 851 populo
2993 796 3132 846 suc,
3173 776 3391 835 dicens
3430 797 3452 834 .·
3493 776 3713 835 Facite
3759 777 3974 837 Pha-se

886 873 991 950 sit,
1026 893 1163 933 ossa
1196 872 1450 936 illorum
1472 876 1551 932 cle
1580 874 1913 950 sepulcris,
1946 882 2006 931 et
2034 874 2374 932 combussit
2485 875 2761 933 Domino
2790 875 2920 933 Deo
2965 885 3188 945 vestre,
3221 877 3572 934 seeundum
3605 877 3776 953 quod
3814 876 3974 934 seri·

885 993 959 1034 ea
989 992 1183 1049 super
1211 977 1419 1033 altare
1452 970 1785 1054 prael'atum
1816 970 2149 1034 Jerohoam
2182 970 2370 1048 regis,
2476 981 2668 1048 ptum
2697 981 2786 1031 est
2819 974 2890 1031 in.
2924 974 3085 1032 libro
3113 972 3377 1050 foederis
3406 973 3628 1047 hujus,
3645 971 3709 1033 id
3739 981 3858 1048 est,
3883 971 3974 1034 l'e-

864 1073 954 1134 ¹in
986 1071 1469 1135 detestationem
1517 1069 1989 1133 idololatrarum
2023 1077 2083 1131 et
2115 1069 2379 1132 idolola-
2485 1077 2651 1129 stum
2686 1069 2982 1150 paschale
3012 1069 3326 1132 celebrate
3355 1069 3532 1150 juxta
3561 1069 3794 1147 omnia,
3828 1089 3973 1151 quae

890 1171 1027 1232 triae
1056 1169 1424 1233 eorumdem
1452 1193 1466 1243 ;
1498 1179 1557 1229 et
1580 1171 1819 1246 polluit
1842 1170 2013 1228 illud
2018 1169 2226 1244 jzcoeta
2249 1189 2377 1227 ver·
2484 1167 2566 1230 de
2613 1166 2734 1229 hoc
2785 1167 2850 1228 in
2895 1167 3106 1230 Exodo
3155 1168 3612 1250 praeoipiuntur
3647 1189 3660 1232 :
3695 1169 3864 1249 quod
3907 1177 3972 1231 et
4021 1184 4243 1229 Steti-1:¹-

890 1272 1039 1330 bum
1070 1271 1363 1338 Domini,
1395 1272 1567 1347 quod
1598 1273 1843 1328 locutus
1870 1277 1960 1326 est
1990 1269 2094 1327 vir
2132 1269 2280 1336 Dei,
2312 1267 2376 1328 id
2487 1265 2697 1328 statim
2731 1265 3143 1328 celeberrime
3173 1267 3622 1348 impleverunt.
3649 1271 3780 1329 Nec
3795 1271 3971 1328 em'm
4000 1249 4120 1290 ¹⁴⁰·

607 1377 861 1434 Ulmo-xm,
892 1377 986 1430 est
1018 1368 1327 1449 Propheta
1356 1367 1469 1449 qui
1497 1366 1675 1430 venit
1717 1366 1795 1428 de
1826 1383 2020 1445 regno
2048 1365 2228 1440 suda,
2261 1367 2377 1444 qui
2484 1368 2736 1442 factum
2777 1376 2866 1426 est
2909 1370 3032 1426 tale
3059 1369 3292 1437 Phase,
3343 1366 3406 1428 id
3451 1374 3548 1428 est
3588 1365 3820 1428 festum
3865 1385 3972 1448 pa-

599 1444 638 1492 ¹'
661 1443 699 1486 ²·
883 1469 1291 1546 praedixerat
1322 1467 1511 1526 verba
1552 1467 1705 1536 haec,
1740 1464 1816 1527 ad
1846 1463 2178 1526 Jeroboam
2209 1471 2378 1525 stan·
2487 1463 2702 1526 sehale
2732 1463 2820 1526 ita
2849 1464 3135 1540 solenne,
3161 1467 3232 1526 in
3263 1468 3486 1526 diebus
3499 1467 3838 1542 judicum,
3857 1469 3975 1544 qui

894 1575 1019 1628 tem
1054 1583 1245 1646 super
1287 1563 1485 1626 altare
1535 1563 1719 1638 illud,
1754 1570 1823 1624 ut
1852 1562 2096 1624 dictum
2140 1570 2258 1624 est.
2295 1565 2377 1624 Ec
2472 1565 2950 1641 judica-verunt
2998 1567 3222 1636 Israel,
3267 1575 3326 1625 et
3376 1567 3669 1626 omnium
3714 1567 3973 1626 dierum

890 1666 1030 1726 ait:
1058 1666 1212 1732 Quis
1240 1671 1329 1722 est
1362 1664 1593 1723 titulus
1622 1662 1739 1721 iste
1758 1681 1944 1739 quem
1968 1662 2148 1719 video
2171 1663 2200 1719 ἒ
2230 1658 2380 1740 Spe-
2489 1681 2716 1738 reyum
2746 1664 2975 1730 Israel,
3005 1671 3064 1722 et
3094 1681 3318 1738 re9u7n
3343 1665 3542 1733 Iuda,
3575 1663 3742 1723 sicut
3772 1663 3845 1722 in
3879 1682 3976 1722 oc-

890 1762 1137 1825 cialiter
1168 1760 1580 1842 interrogavit
1609 1761 1687 1822 de
1718 1759 1903 1822 titulo
1933 1757 2067 1833 illo,
2102 1757 2257 1839 quia
2281 1759 2380 1837 (ut
2491 1761 2878 1820 tavodeeimo
2926 1780 3097 1821 anno
3146 1761 3314 1836 re92‘s
3355 1761 3547 1821 Josice
3591 1761 3840 1838 factum
3885 1771 3976 1820 est

892 1861 959 1922 in
1007 1858 1289 1922 historiis
1336 1857 1425 1920 ait
1452 1857 1769 1938 Magister)
1798 1857 1936 1938 ipse
1975 1856 2176 1918 sosias
2226 1855 2378 1935 legit.
2416 1856 2462 1917 B
2491 1860 2700 1920 Phase
2727 1860 2907 1918 istud
2933 1861 3210 1920 Domino
3251 1861 3323 1918 in
3349 1862 3726 1920 Jerusalem.
3763 1859 3848 1922 De
3881 1877 3977 1922 so-

893 1960 959 2022 in
992 1957 1283 2040 sepulcro
1308 1956 1555 2039 praet'ati
1577 1956 1903 2038 Prophetae
1924 1954 2178 2017 titulum
2212 1953 2374 2035 ejus,
2491 1955 2798 2019 lennitate
2829 1956 2949 2018 ista
2977 1965 3040 2020 et
3078 1958 3219 2038 ejus
3249 1957 3565 2040 expensiS,
3599 1977 3674 2020 ac
3711 1977 3976 2022 numero
4061 1979 4096 2021 u
4125 1979 4222 2020 rar.

624 2174 743 2218 laid.
767 2178 833 2221 31.

892 2059 968 2120 Et
997 2056 1195 2139 aliqui
1229 2056 1472 2132 dieunt,
1509 2055 1677 2138 quod
1728 2053 1929 2116 falsus
1960 2054 2272 2135 propheta
2300 2053 2380 2115 de

893 2155 1195 2231 Samaria,
1221 2153 1331 2235 qui
1362 2173 1429 2216 se
1457 2155 1733 2235 jusserat
1754 2152 2011 2235 sepeliri
2039 2151 2217 2232 juxta
2247 2171 2382 2212 san-

892 2264 1064 2318 ctum
1098 2255 1282 2316 illum
1311 2253 1711 2335 Prophetam,
1746 2251 2069 2314 ordinavit
2100 2250 2190 2312 ibi
2235 2249 2379 2312 fieri

892 2355 1145 2435 signum
1194 2352 1514 2434 quoddam
1562 2351 1953 2433 praecipuum
2000 2357 2062 2411 et
2110 2348 2382 2430 scriptu-

893 2474 1050 2528 ram,
1084 2471 1198 2534 per
1238 2469 1381 2532 quae
1420 2458 1639 2532 postea
1677 2449 2061 2511 recoleretur
2099 2448 2273 2528 quod
2310 2447 2383 2508 il—

894 2552 1002 2615 lud
1035 2557 1201 2613 esset
1232 2549 1594 2630 sepulcrum
1628 2547 1831 2610 sancti
1860 2547 2384 2627 Prophetae‚qua-

895 2659 1079 2714 tenus
1111 2667 1253 2712 ossa
1284 2667 1398 2710 sua
1417 2666 1563 2710 cum
1584 2646 1837 2709 ossibus
1860 2644 2033 2707 illius
2054 2653 2385 2708 manerent

895 2749 1152 2811 intacta.
1178 2749 1794 2824 Responderuntque
1822 2746 1884 2804 ei
1912 2747 2077 2804 cives
2108 2746 2288 2804 urbis
2309 2746 2385 2803 il-

896 2849 1047 2918 lz'uS,
1080 2845 1323 2908 scilicet
1354 2843 1567 2907 Bethel
1594 2860 1607 2904 :
1634 2846 2018 2920 Sepulcrum
2038 2852 2153 2911 est,
2176 2841 2239 2903 id
2262 2851 2377 2918 est,

894 2945 1117 3006 titulus
1140 2943 1248 3006 ille
1277 2951 1371 3006 est
1402 2942 1651 3022 signum
1685 2941 1856 3022 quod
1888 2940 2046 3002 illud
2078 2939 2162 3002 sit
2183 2940 2386 3022 sepul-

2489 2053 2863 2118 animalium
2896 2075 3038 2136 quae
3065 2055 3264 2118 Josias
3305 2065 3368 2119 et
3399 2056 3722 2138 principes
3757 2077 3832 2119 ac
3871 2077 3978 2119 su—

2489 2154 2772 2237 periores
2793 2155 3148 2218 sacerdotes
3178 2156 3504 2219 dederunt·
3520 2156 3758 2238 populo
3775 2176 3850 2218 ac
3870 2156 3981 2218 Le-

2492 2253 2662 2329 vitis,
2688 2253 2888 2316 multa
2918 2252 3231 2317 habentur
3261 2255 3538 2318 secundo
3559 2254 3984 2336 Paralipome-

2491 2371 2642 2415 non.
2676 2351 2852 2415 Unde
2896 2360 2960 2415 et
2995 2353 3303 2434 Josephus
3349 2353 3630 2434 loquitur
3665 2370 3680 2414 :
3713 2353 3986 2418 Donavit

2489 2451 2688 2513 Josias
2723 2451 2958 2533 populo
2991 2451 3056 2513 in
3086 2452 3320 2515 Pascha
3350 2452 3638 2515 novellos
3667 2452 3890 2516 hoedos
3919 2461 3986 2515 et

2491 2566 2688 2628 agnos
2729 2550 2992 2627 triginta
3032 2550 3256 2627 millia,
3302 2559 3366 2613 et
3410 2552 3488 2614 ad
3539 2551 3982 2615 holocaustum

2492 2648 2615 2710 tria
2653 2646 2878 2710 millia.
2915 2648 3232 2729 Multaque
3276 2648 3401 2711 alia
3449 2649 3722 2730 desuper
3760 2650 3986 2712 recitat

2489 2746 2820 2828 Josephus.

2561 2848 2690 2906 Sed
2717 2855 2776 2904 ει
2791 2848 3105 2922 pythones
3122 2855 3181 2905 et
3202 2848 3464 2915 ariolae,
3486 2857 3546 2906 et
3565 2851 3814 2924 fi'yuras
3845 2848 3984 2908 ido-

2493 2949 2727 3015 lorum,
2761 2953 2818 3002 et
2863 2945 3320 3005 immunditias
3361 2955 3422 3006 et
3455 2946 3979 3017 abominationes,

896 3063 1097 3120 erum,
1130 3044 1412 3104 hominis
1440 3043 1584 3112 Dei,
1617 3043 1734 3120 qui
1776 3042 1951 3100 venit
1980 3043 2060 3100 de
2092 3042 2292 3110 Iuda,
2325 3049 2384 3100 ει
2419 3047 2462 3110 C
2493 3063 2635 3122 qua·
2663 3043 2938 3131 fuerunt
2983 3043 3056 3102 in
3099 3052 3267 3103 terra
3291 3046 3468 3104 Iuda
3511 3053 3572 3103 et
3599 3047 3983 3115 Jerusalem,

880 3143 1207 3222 ‘prcedioeit
1230 3143 1445 3210 verba,
1467 3141 1529 3202 id
1566 3149 1662 3202 est
1684 3158 1877 3221 opera
1897 3138 2039 3215 ista,
2075 3159 2218 3218 quae
2237 3139 2385 3216 feci-

894 3243 980 3302 sti
1017 3261 1209 3317 super
1248 3243 1455 3299 altare
1484 3240 1728 3300 Bethel.
1764 3237 2069 3318 Denique,
2104 3245 2176 3298 ut
2215 3237 2386 3299 Jose-

897 3339 1061 3422 phus
1095 3337 1340 3414 scribit,
1374 3356 1410 3399 a
1441 3345 1725 3418 tempore
1760 3353 1890 3417 quo
1920 3335 2232 3417 Propheta
2275 3333 2384 3396 ille

897 3436 1189 3521 praedixit
1218 3436 1373 3509 haec,
1408 3453 1611 3515 usque
1640 3434 1717 3496 ad
1749 3443 1999 3515 tempus
2027 3451 2158 3514 quo
2185 3432 2386 3495 sosias

898 3538 1031 3599 haec
1056 3535 1232 3612 fecit,
1258 3532 1579 3595 fluxerunt
1600 3532 1752 3594 anni
1772 3532 2039 3595 trecenti
2061 3530 2388 3611 sexaginta

615 3655 871 3698 ὐεηιειεειε
898 3654 1084 3698 unus,
1118 3636 1205 3695 Et
1244 3633 1342 3692 ait
1371 3648 1394 3692 .·
1423 3633 1695 3693 Dimitte
1718 3633 1741 3656 *
1783 3650 1953 3701 eum,
1988 3630 2053 3692 id
2100 3638 2198 3691 est
2245 3648 2388 3692 ossa

897 3733 1059 3814 ejus,
1088 3735 1289 3794 Nemo
1318 3739 1703 3790 commoveat
1732 3749 1869 3789 ossa
1906 3730 2066 3808 ejus.
2100 3731 2188 3789 Ει
2219 3731 2389 3789 inta-

895 3842 998 3893 cta
1018 3839 1407 3892 manserunt
1427 3848 1566 3888 ossa
1598 3829 1785 3888 illius
1810 3847 1958 3887 cum
1988 3829 2230 3886 ossibus
2242 3847 2388 3904 pro-

888 3934 1120 4010 pheta’,
1154 3931 1271 4010 qui
1312 3937 1573 3988 venerat
1599 3930 1679 3987 de
1711 3929 2045 3989 Samaria.

977 4032 1253 4105 Insuper
1280 4038 1340 4088 et
1370 4027 1594 4086 omnia
1621 4026 1787 4103 fana
1812 4027 2228 4094 excelsorum,
2246 4045 2389 4105 quoe

894 4137 1083 4188 erant
1130 4129 1203 4186 in
1253 4126 1629 4185 civitatibus
1682 4125 2027 4194 Samariae,
2063 4122 2129 4183 id
2178 4130 2274 4184 est
2322 4121 2388 4183 in

2493 3143 2758 3202 abstulit
2774 3142 2999 3210 sosias,
3021 3151 3092 3200 ut
3111 3151 3413 3202 statueret
3443 3144 3632 3202 verba
3653 3145 3824 3218 leyis,
3842 3163 3985 3222 qua»

2492 3242 2732 3316 scripta
2781 3249 2933 3299 sunt
2971 3241 3046 3299 in
3086 3241 3269 3311 libro,
3307 3260 3494 3317 quem
3545 3241 3796 3300 invenit
3833 3244 3986 3301 Hel—

2493 3338 2627 3398 cias
2665 3339 2954 3398 sacerdos
2986 3338 3055 3396 in
3105 3341 3333 3415 templo
3369 3339 3659 3399 Domini.
3694 3337 3816 3400 Ista
3851 3339 3982 3420 jam

2497 3434 2866 3517 frequenter
2895 3443 3044 3497 sunt
3083 3434 3438 3517 explanata.
3463 3437 3724 3496 Similis
3758 3439 3821 3496 ei
3853 3458 3980 3498 non

2495 3537 2631 3612 suit
2662 3545 2813 3596 ante
2846 3555 2993 3595 eum
3022 3555 3138 3594 rex
3178 3534 3244 3596 in
3276 3535 3647 3611 Jerusalem,
3681 3544 3746 3598 et
3782 3536 3987 3598 multo

2497 3633 2710 3695 minus
2744 3641 2886 3714 post
2929 3652 3097 3709 eum,
3132 3635 3249 3712 qui
3286 3645 3712 3694 reverteretur
3747 3637 3836 3695 ad
3863 3639 3988 3696 Do-

2497 3736 2754 3792 minum
2783 3753 2807 3791 .·
2839 3748 2967 3793 non
2998 3731 3168 3812 quod
3199 3740 3346 3794 ante
3379 3730 3501 3793 fuit
3529 3751 3789 3794 aversus
3816 3752 3855 3795 a
3875 3733 3990 3796 Do-

2498 3829 2696 3905 mino,
2732 3830 2843 3893 sed
2892 3828 3126 3892 dicitur
3173 3847 3463 3893 reversus
3512 3831 3589 3891 ad
3622 3830 3984 3908 Dominum,

2497 3927 2651 4008 quia
2680 3927 2933 3989 assidue
2961 3934 3240 3990 mentem
3275 3947 3454 3990 suam
3489 3928 3569 3990 ad
3601 3929 3814 4009 ipsum
3841 3947 3990 3992 con-

2499 4025 2688 4089 vertit
2717 4045 2860 4088 cum
2895 4024 3146 4089 fervore
3177 4025 3403 4107 majori
3443 4049 3457 4100 ;
3493 4028 3566 4086 in
3593 4029 3776 4086 omm'
3803 4031 3992 4088 corde

2497 4145 2639 4193 suc,
2674 4126 2837 4184 etin
2892 4134 3018 4184 tota
3061 4125 3288 4184 anima
3325 4144 3472 4194 sua,
3511 4135 3572 4184 et
3617 4127 3687 4184 in
3731 4127 3990 4186 univer-

898 4233 1065 4287 terra
1097 4223 1276 4304 regni
1323 4223 1541 4284 decem
1585 4220 1891 4295 tribuum,
1924 4241 2068 4300 quae
2105 4223 2390 4298 fecerant
2423 4227 2472 4288 D
2498 4245 2571 4283 sa
2616 4223 2853 4282 virtute
2880 4243 3029 4291 sua,
3048 4223 3257 4300 juata
3288 4242 3536 4282 omnem
3576 4227 3774 4300 leqem
3811 4226 3992 4302 Moy-

897 4343 1070 4400 reyes
1092 4325 1296 4383 Israel
1316 4322 1403 4380 ad
1424 4321 1835 4380 irritandum
1852 4321 2234 4389 Dominum,
2254 4322 2392 4382 abs-

900 4422 1053 4482 tulit
1080 4421 1288 4480 Jose'as
1319 4436 1343 4478 .·
1373 4417 1525 4499 quia
1544 4417 1971 4498 (utJosephus
2004 4417 2119 4498 ait)
2140 4437 2393 4499 persua-

898 4518 981 4580 sit
1012 4516 1303 4598 reliquiis
1349 4517 1567 4578 decem
1613 4515 1917 4591 tribuum,
1950 4536 2092 4597 quae
2132 4515 2392 4598 captivi-

900 4625 1089 4680 tatem
1142 4614 1541 4696 Assyriorum
1584 4622 1944 4690 evaserunt,
1994 4622 2064 4676 ut
2109 4615 2393 4677 colerent

898 4735 1120 4778 verum
1174 4715 1368 4777 Deum
1426 4730 1439 4774 :
1494 4720 1556 4776 et
1600 4712 1813 4774 forsan
1864 4712 2193 4794 Propheta}
2242 4721 2392 4776 tunc

897 4813 1295 4890 exsistente-S,
1345 4820 1413 4874 ut
1454 4810 1757 4874 ⁷Ieremias
1803 4819 1867 4873 et
1908 4809 2282 4892 SophoniaS,
2328 4812 2392 4874 id

899 4911 1109 4993 ipsum
1142 4911 1647 4984 admonuerunt;
1679 4921 1737 4971 et
1756 4912 1910 4990 fecit
1929 4912 2022 4969 eis
2038 4913 2392 4970 secundum

897 5012 1120 5072 omnia
1172 5031 1316 5090 quw
1357 5009 1598 5087 fec-erat
1648 5012 1720 5069 in
1749 5010 1995 5072 Bethel.
2030 5013 2115 5070 Ει
2163 5009 2394 5069 occidit

900 5113 1233 5170 universos
1255 5111 1605 5168 sacerdotes
1632 5112 2049 5176 eoecelsorum,
2066 5109 2183 5187 qui
2210 5117 2396 5168 erant

906 5211 1001 5267 ibi
1026 5228 1221 5285 supa*
1250 5209 1522 5278 altaria,
1555 5215 1615 5267 et
1644 5207 1982 5265 combussit
2010 5225 2145 5266 ossa
2175 5209 2400 5268 leuma-

902 5327 996 5367 πα
1022 5325 1215 5384 super
1242 5327 1340 5366 ea.

2499 4324 2609 4392 siS,
2632 4328 2822 4402 prout
2852 4320 2916 4381 in
2949 4320 3050 4382 via
3095 4319 3286 4400 hujus
3327 4319 3533 4382 exsilii
3583 4319 3727 4382 sieri
3759 4328 3989 4402 potest.

2501 4419 2634 4482 Non
2667 4427 2878 4481 tamen
2910 4418 3110 4481 instar
3140 4419 3470 4481 Beatorum
3506 4417 3570 4479 in
3605 4418 3840 4500 patria,
3870 4419 3993 4482 suit

2503 4535 2752 4598 semper
2796 4517 2917 4579 Deo
2969 4517 3251 4580 intentus
3300 4515 3654 4594 actualiter,
3705 4524 3768 4578 et
3813 4517 3994 4598 juxta

2503 4633 2631 4676 suae
2679 4613 3122 4696 possibilitatis
3171 4621 3520 4676 extremum
3569 4631 3584 4674 :
3631 4615 3800 4695 quod
3850 4634 3994 4695 pro-

2501 4712 2713 4795 prium
2745 4721 2841 4775 est
2870 4713 3096 4775 Beatis.
3123 4715 3342 4792 Neque
3354 4723 3496 4791 post
3524 4733 3670 4774 eum
3699 4717 3991 4774 surrexit

2501 4814 2740 4872 similis
2760 4813 2889 4873 illi.
2914 4811 3071 4874 Huic
3099 4817 3308 4872 autem
3335 4809 3544 4872 simile
3573 4819 3671 4873 est
3698 4812 3873 4892 quod
3897 4833 3994 4874 su-

2503 4929 2620 4992 pra
2650 4917 2941 4972 narratur
2979 4909 3058 4971 de
3088 4908 3374 4984 Ezechia,
3411 4916 3473 4970 et
3513 4908 3690 4988 juxta
3729 4929 3990 4972 sensum

2505 5008 2596 5070 ibi
2625 5006 2982 5090 expositum
3006 5005 3490 5085 intelligendum
3513 5016 3610 5068 est
3630 5007 3823 5084 istud,
3841 5009 3997 5090 quia
4021 5011 4127 5044 “¹¹¹¹

2508 5107 2574 5169 in
2635 5106 2853 5168 multis
2903 5113 3160 5168 sanctus
3196 5105 3396 5168 Josias
3447 5104 3784 5187 praefulsit‚
3839 5127 3998 5189 prae-

2505 5204 2726 5268 sertim
2775 5204 2842 5266 in
2889 5204 3276 5268 innocentia.
3311 5206 3400 5268 De
3443 5206 3582 5287 ipso
3620 5225 3882 5288 quoque
3932 5207 3996 5269 in

2513 5301 2777 5385 prologo
2808 5299 3146 5383 Sophoniae
3174 5301 3484 5365 habetur:
3516 5301 3750 5365 Josiam
3785 5321 3999 5386 regem

4003 2056 4130 2088 xxxv.
4151 2043 4242 2084 1-19.

4055 4934 4102 4978 tv
4121 4935 4224 4987 Rey.

4153 5001 4192 5037 5.
