4309 6259
63 702 194 743 Nm
221 717 278 744 xv

72 1106 146 1149 Pe.
163 1120 236 1155 xv,
255 1108 301 1147 8.

1207 523 1553 570 ENAnnAwo
1597 525 1657 569 ΙΝ
1700 524 1836 569 CAP-
1885 524 2010 569 xvu
2051 525 2177 571 1013.
2224 544 2305 554 -—
2346 526 2486 571 ΛΒΤ.
2536 526 2611 571 XL

349 810 436 851 nc
465 798 690 854 notum
733 791 923 855 faciet
954 792 1260 855 Dominus
1299 792 1410 873 qui
1445 792 1522 853 ad
1555 812 1623 855 se
1661 792 1851 873 perti-

350 899 570 967 neant,
605 898 667 951 et
709 898 960 954 sanctos
994 890 1346 973 applicabit
1388 890 1554 965 sibi;
1597 900 1658 953 et
1689 910 1850 972 quos

349 987 641 1068 elegerit,
661 988 1274 1071 appropinquabunt
1292 988 1374 1050 ei.
1395 989 1681 1070 Itemque
1699 989 1853 1051 Psal-

349 1086 544 1147 mista
566 1104 578 1148 :
599 1086 1017 1150 providebam
1038 1088 1378 1151 Dominum
1410 1087 1476 1149 in
1507 1096 1852 1170 conspectu

351 1204 498 1248 meo
532 1188 806 1267 semper,
843 1187 1150 1267 quoniam
1186 1206 1223 1248 a
1266 1185 1500 1248 dextris
1539 1196 1634 1249 est
1667 1186 1847 1262 mihi,

352 1304 438 1347 ne
469 1301 898 1349 commovear.
929 1288 1008 1347 Et
1037 1287 1326 1363 cujusvis
1356 1306 1588 1345 manus
1609 1296 1853 1362 paynel

349 1394 582 1443 contra
633 1404 758 1454 me,
798 1383 864 1445 id
915 1390 1033 1458 est,
1081 1392 1142 1445 te
1185 1383 1344 1444 mihi
1395 1383 1744 1446 adsistente
1792 1391 1854 1445 et

350 1480 711 1544 auxiliante
742 1502 856 1563 per
883 1482 1122 1558 omnia,
1150 1480 1400 1543 nullum
1431 1482 1691 1558 timebo,
1718 1482 1855 1544 nul-

117 1612 152 1641 ε.
171 1612 256 1647 μη,
309 1630 320 1640 .
355 1580 492 1641 lum
525 1580 786 1657 curab0,
813 1599 958 1644 cum
979 1579 1312 1643 Psalmista
1343 1581 1686 1643 decantans
1709 1599 1722 1642 :
1744 1580 1855 1643 Su-

59 1804 140 1845 Jer.
157 1814 230 1849 xx,
249 1801 318 1839 Η.

353 1698 474 1759 per
520 1678 816 1741 inimicos
851 1698 1026 1742 meos
1062 1680 1347 1761 despexit
1392 1680 1613 1742 oculus
1647 1699 1848 1741 meuS.

351 1778 485 1840 Hoc
523 1785 622 1839 est
667 1778 839 1859 quod
866 1778 1169 1841 Jeremias
1207 1778 1296 1839 ait
1331 1796 1346 1839 ;
1377 1779 1684 1841 Dominus
1731 1797 1854 1840 me-

3331 511 3445 573 541

281 718 314 750 ι,
348 690 644 773 praefato.
669 693 845 756 Unde
877 692 942 755 in
975 692 1266 755 Numeris
1296 692 1532 776 Moyses
1563 694 1653 755 ait
1687 712 1700 755 z
1735 693 1850 755 Ma·
1881 692 1932 754 A
1961 712 2184 755 sensus
2236 694 2649 775 perversitate
2687 696 3007 759 seductus.
3051 697 3193 761 Ideo
3235 697 3451 760 subdi-

1960 799 2062 853 tur
2098 810 2112 853 :
2146 796 2495 869 Proplw·ca
2542 814 2669 855 non
2714 798 3176 857 exalcabuntur
3208 796 3284 858 ad
3330 814 3451 859 coe-

1962 890 2146 953 lestia
2203 900 2391 971 atque
2449 900 2683 955 aeterna
2740 912 2777 955 a
2828 894 3193 956 carnalibus
3236 903 3299 956 et
3352 914 3453 956 ca-

1962 989 2166 1065 duciS,
2221 989 2328 1050 sed
2380 989 2572 1070 paulo
2623 999 2766 1071 post
2817 991 2884 1052 in
2934 990 3061 1053 ima
3115 992 3451 1054 trudentur

1963 1086 2224 1149 inferni.
2261 1088 2405 1150 Ideo
2448 1088 2756 1171 scriptum
2787 1098 2882 1152 est
2918 1108 2931 1151 :
2966 1088 3351 1171 Sapientiam
3389 1098 3453 1154 et
3482 1109 3743 1165 Sap.m.11.

1965 1185 2371 1267 disciplinam
2417 1187 2527 1266 qui
2566 1187 2810 1267 abjicit,
2849 1187 3073 1251 infelix
3114 1198 3231 1252 est.
3266 1190 3454 1251 Deni—

1963 1302 2089 1365 que
2144 1285 2451 1365 reprobos
2512 1284 2697 1364 longe
2751 1285 2902 1349 facit
2956 1288 3122 1349 Deus
3173 1306 3212 1349 a
3263 1288 3454 1351 disci·-

1966 1382 2164 1463 plina,
2217 1383 2369 1443 dum
2422 1401 2531 1447 eos
2580 1384 2643 1445 in
2696 1386 2993 1465 praesenti
3044 1386 3277 1450 saeculo
3324 1404 3451 1449 non

1967 1479 2275 1561 flagellat,
2324 1482 2433 1543 sed
2482 1481 2745 1562 impune
2788 1501 2862 1546 ac
2906 1483 3105 1546 libere
3145 1484 3456 1565 permittit

1967 1597 2229 1659 peccare
2275 1597 2289 1640 :
2332 1580 2503 1659 quod
2544 1599 2792 1641 summe
2838 1583 3195 1664 pavendum
3238 1591 3353 1659 est,
3393 1590 3456 1644 et

1965 1678 2242 1739 maxima
2283 1678 2391 1739 Dei
2439 1678 2553 1739 ira.
2596 1678 2843 1742 Electos
2880 1698 3031 1743 vero
3067 1681 3130 1742 in
3168 1681 3299 1743 vita
3338 1681 3455 1744 hac

1965 1775 2355 1858 disciplinat‚
2399 1784 2468 1837 ut
2513 1795 2705 1858 super
2743 1777 2864 1841 hoc
2906 1779 3033 1841 Deo
3076 1779 3309 1860 gratias
3360 1798 3455 1842 re—

349 1894 502 1939 cum
526 1884 624 1937 est
652 1876 837 1957 quasi
859 1875 1126 1937 bellator
1159 1874 1363 1937 fortis.
1385 1876 1718 1958 Propterea
1742 1875 1850 1956 qui
1891 1870 1936 1931 B
1968 1871 2195 1950 ferant,
2243 1882 2433 1955 atque
2485 1875 2551 1935 in
2602 1874 2832 1938 futurae
2876 1876 3289 1939 beatitudinis
3339 1896 3453 1959 spe

349 1993 458 2036 me
487 1981 982 2056 persequuntur,
1016 1974 1244 2035 cadent
1272 1981 1337 2035 et
1363 1973 1607 2035 infirmi
1639 1982 1846 2037 erunt.

439 2075 560 2133 Cor
577 2092 798 2131 eorum
819 2075 1004 2147 lonye
1021 2073 1235 2147 fecisti
1259 2092 1299 2132 a
1316 2074 1694 2151 disciplina.
1717 2071 1853 2135 Om-

169 2194 304 2237 ns.
352 2170 538 2232 nium
591 2169 1016 2251 superborum
1069 2178 1132 2231 et
1192 2169 1257 2231 in
1320 2170 1598 2251 propriis
1649 2171 1850 2234 oculis

83 2689 266 2733 tloann.
279 2702 322 2739 ιι,

83 3772 286 3823 Pronus
295 3776 334 3816 2.

125 4058 232 4101 lbfd.
249 4074 326 4109 xm,

117 4841 252 4887 Eccli.
265 4857 328 4895 xx,

352 2268 772 2350 sapientium,
817 2268 1106 2331 omnium
1152 2267 1710 2347 incorrigibilium,
1759 2289 1852 2331 re-

349 2367 628 2429 bellium
660 2374 852 2447 atque
890 2366 1242 2429 carnalium
1283 2368 1477 2429 corda
1502 2367 1668 2429 Deus
1710 2385 1851 2447 per-

351 2464 624 2528 missive
655 2465 844 2544 longe
881 2463 1031 2526 fecit
1061 2484 1098 2525 a
1126 2464 1472 2546 disciplina
1507 2482 1520 2526 :
1557 2465 1620 2527 id
1652 2472 1750 2527 est
1769 2465 1848 2527 ab

353 2564 786 2627 instructione
837 2564 1081 2639 divina,
1117 2564 1196 2625 de
1246 2583 1373 2644 qua
1415 2565 1505 2627 ait
1550 2564 1846 2643 JoanneS,

351 2664 584 2727 Unctio
627 2663 770 2744 ejus
804 2662 988 2725 docet
1027 2680 1142 2724 vos
1175 2662 1253 2723 de
1293 2662 1632 2741 omnibus3
1669 2664 1852 2726 item-

353 2782 505 2843 que,
561 2782 600 2824 a
659 2761 980 2843 sapientia
1030 2768 1094 2822 et
1155 2760 1443 2839 scientia,
1499 2763 1848 2825 seeundum

351 2862 532 2942 quod
581 2861 750 2923 dona
801 2866 954 2921 sunt
1005 2859 1282 2941 Spiritus
1334 2859 1570 2937 Sancti,
1622 2879 1765 2941 quae
1813 2880 1850 2923 a

352 2958 536 3021 nullo
579 2958 900 3020 habentur
941 2956 1068 3019 nisi
1111 2958 1178 3019 in
1220 2976 1346 3039 quo
1379 2958 1623 3021 habitat
1654 2958 1852 3040 Spiri-

1963 1971 2323 2034 firmentur.
2358 1972 2534 2035 Unde
2573 1973 2640 2034 in
2682 1972 3005 2055 Sapientia
3038 1975 3271 2055 legitur
3304 1995 3318 2039 :
3354 1977 3453 2039 Di·
3482 1998 3744 2051 mamea.

1962 2070 2301 2152 sciplinam
2350 2071 2534 2134 nobis
2582 2072 2713 2149 daS,
2752 2080 2819 2134 ut
2876 2072 3225 2136 bonitatem
3278 2082 3449 2137 tuam

1961 2169 2346 2249 cogitemuS,
2412 2178 2475 2232 et
2549 2189 2878 2251 speremus
2950 2171 3451 2236 misericordiam

1961 2274 2154 2329 tuam.
2203 2267 2319 2341 Qui
2367 2285 2518 2349 ergo
2576 2269 2753 2350 cupit
2809 2270 3119 2334 veraciter
3165 2270 3448 2349 exaltari,

1960 2364 2298 2445 proficere,
2358 2366 2607 2447 perfici,
2655 2367 2879 2430 docilis
2930 2368 3454 2451 disciplinabilis-

1960 2483 2086 2543 que
2130 2464 2457 2527 consistat.
2678 2454 2683 2458 ’

2047 2565 2357 2625 Proedam
2408 2566 2755 2641 pollicetur
2798 2569 3007 2627 sociis.
3057 2565 3273 2629 Omnis
3333 2568 3453 2630 ini-

1963 2679 2128 2741 quus
2161 2662 2273 2743 qui
2303 2662 2466 2725 alios
2494 2664 2859 2727 cohortatur
2888 2665 2968 2726 ad
2995 2667 3185 2743 mala,
3208 2667 3284 2729 ad
3316 2686 3453 2749 pro-

1959 2760 2267 2823 ximorum
2291 2762 2800 2839 devastationem,
2810 2763 2891 2825 ad
2911 2764 3450 2846 impugnationem

1962 2877 2385 2940 quorumque,
2421 2860 2613 2923 sociis
2653 2861 2785 2923 suis
2824 2870 3080 2943 praestat
3110 2864 3453 2944 praevalen-

1961 2957 2026 3018 di
2059 2955 2394 3034 fiduciam,
2423 2960 2703 3039 praedam
2738 2960 2830 3023 eis
2858 2961 3449 3040 promitt.enS.Quod

353 3064 456 3118 tus
488 3056 762 3119 Sanctus
793 3074 909 3137 per
930 3054 1260 3117 caritatem
1291 3064 1354 3117 et
1370 3056 1636 3134 gratiam
1658 3056 1850 3135 grati·
1886 3055 1930 3118 C
1960 3063 2024 3117 et
2073 3057 2434 3138 superiores
2483 3057 2802 3120 daemones
2862 3066 3205 3123 tentatores
3262 3062 3451 3123 sociis

353 3155 697 3228 ficantem3
732 3153 1021 3235 insuper,
1045 3153 1095 3214 A
1125 3153 1489 3235 disciplina,
1506 3154 1568 3215 id
1603 3162 1850 3218 estcor-

349 3247 639 3317 rectione
661 3260 728 3314 et
749 3271 1000 3315 morum
1033 3252 1517 3333 compositione,
1539 3252 1656 3315 hoc
1687 3260 1784 3314 est
1814 3272 1850 3314 a

352 3351 628 3435 patienti
663 3350 1072 3431 susceptione
1095 3349 1520 3413 informativae
1551 3350 1850 3432 correpti-

353 3450 522 3527 oniS,
555 3470 628 3513 ac
665 3448 1104 3512 satisfactoriae
1145 3456 1210 3510 et
1233 3449 1422 3528 justae
1468 3449 1845 3530 punitionis,

355 3550 542 3611 Tales
595 3548 768 3611 enim
809 3547 1086 3629 correpti
1125 3565 1239 3610 seu
1279 3547 1492 3609 debite
1535 3548 1847 3627 castigati,

359 3648 801 3727 indignantur,
839 3654 1334 3721 remurmurant,
1377 3646 1852 3727 deterioresque

359 3746 551 3823 fiunt,
572 3746 756 3828 juxta
788 3744 945 3807 illud
969 3744 1452 3808 proverbiorum
1477 3762 1490 3805 :
1517 3744 1652 3808 Non
1684 3755 1850 3808 amat

357 3845 668 3928 pestilens
698 3863 844 3908 eum
878 3844 988 3924 qui
1021 3862 1089 3906 se
1119 3842 1402 3925 corripit.
1429 3842 1667 3917 Quibus
1700 3862 1854 3925 pen-

355 3946 630 4008 sandum
690 3964 764 4007 ac
825 3942 1300 4007 formidandum
1361 3951 1478 4019 est,
1532 3943 1702 4023 quod
1763 3942 1854 4005 ait

357 4044 686 4125 Scriptura
743 4060 756 4103 ε
811 4042 1069 4120 Egestas
1119 4050 1182 4103 et
1228 4040 1579 4121 ignominia
1629 4040 1687 4102 ei
1740 4041 1850 4121 qui

353 4140 592 4204 deserit
623 4139 1030 4221 disciplinam
1059 4164 1074 4215 3
1119 4139 1228 4219 qui
1260 4147 1471 4201 autem
1502 4138 1850 4219 acquiescit

1961 3152 2093 3213 suis
2132 3152 2531 3216 daemonibus
2584 3152 2847 3231 faciunt,
2884 3156 3035 3217 dum
3077 3176 3185 3219 eos
3224 3158 3300 3219 ad
3341 3157 3453 3221 ho-

1960 3250 2207 3312 minum
2256 3251 2803 3333 impugnationem
2846 3253 3181 3316 hortantur
3211 3265 3274 3319 et
3302 3257 3452 3319 diri-

1957 3356 2138 3427 gunt,
2177 3348 2335 3411 illud
2375 3350 2547 3412 Isaiae
2589 3350 2871 3414 dicentes
2907 3368 2921 3413 ε
2954 3352 3091 3415 Cito
3138 3354 3442 3435 praedare,
3496 3379 3713 3434 1a.vm.t.

1961 3447 2266 3509 velociter
2314 3448 2517 3530 spolia
2563 3448 2846 3512 detrahe.
2878 3452 3109 3512 Posuit
3136 3472 3235 3511 me
3263 3458 3451 3531 quasi

1961 3547 2034 3605 in
2059 3548 2473 3624 proverbium
2506 3548 2710 3625 vulyi.
2743 3546 2981 3630 Impius
3010 3549 3182 3611 enim
3206 3550 3449 3631 justum

1962 3644 2206 3721 irridet,
2238 3644 2556 3722 diffamat,
2588 3654 2651 3709 et
2689 3647 2872 3727 quasi
2909 3648 3181 3711 aliorum
3224 3649 3447 3713 ludum

1960 3762 2034 3806 ac
2080 3741 2361 3806 fabulam
2408 3743 2582 3807 facit.
2617 3745 2876 3827 Propter
2925 3748 3096 3827 quod
3144 3748 3447 3812 Dominus

1961 3843 2048 3904 ait
2088 3842 2155 3904 in
2194 3842 2521 3905 Ezechiele
2557 3860 2571 3904 :
2606 3843 2831 3906 Factus
2872 3864 2937 3908 es
2968 3846 3061 3907 eis
3095 3847 3279 3927 quasi
3318 3867 3449 3910 car·
3529 3870 3698 3915 ezech.

1961 3960 2106 4003 men
2146 3941 2485 4017 musicum,
2520 3943 2691 4023 quod
2731 3943 2910 4004 suavi
2949 3944 3249 4025 dulcique
3288 3964 3445 4009 sono
3475 3936 3703 3985 ¹¹¹¹'¹’³²·

1960 4039 2233 4102 canitur.
2268 4040 2425 4103 Hinc
2463 4040 2749 4103 Christus
2796 4041 2885 4103 ait
2933 4041 2998 4103 in
3047 4042 3292 4107 Psalmo
3328 4062 3343 4105 ε
3376 4044 3445 4107 ln
3499 4074 3736 4126 amm,

1961 4156 2063 4200 me
2082 4138 2440 4219 psallebant
2460 4139 2573 4221 qui
2598 4138 2905 4201 bibebant
2923 4140 3166 4203 vinum.
3181 4142 3249 4204 ln
3266 4142 3445 4206 Thre·
3474 4140 3542 4181 ¹³·

351 4238 672 4318 arguenti,
725 4235 1217 4317 glorificabitur.
1280 4238 1516 4317 ltaque,
1566 4236 1851 4319 discipli·
1879 4244 1930 4305 D
1961 4236 2062 4297 uis
2102 4256 2360 4317 quoque
2401 4237 2635 4300 dicitur
2669 4255 2683 4299 :
2718 4236 2943 4301 Factus
2986 4258 3125 4301 sum
3171 4240 3237 4301 in
3281 4241 3447 4304 deri·
3502 4271 3735 4323 η,,,.,.,.,

353 4356 500 4399 nam
549 4336 916 4413 verborum,
953 4335 1082 4397 imo
1125 4343 1188 4397 et
1221 4335 1554 4397 verberum
1597 4354 1709 4397 seu
1748 4354 1851 4397 cu-

352 4434 738 4516 juscumque
783 4433 1016 4496 debitae
1066 4432 1500 4507 correctioniS‚
1535 4433 1850 4514 patienter

353 4542 546 4614 atque
579 4532 874 4595 hilariter
915 4532 1361 4613 suscipiamuS,
1397 4531 1550 4611 quia
1588 4550 1702 4612 per
1729 4532 1848 4594 hoc

355 4633 430 4694 ad
461 4650 726 4695 omnem
756 4631 868 4693 Dei
909 4629 1446 4691 illuminationem
1480 4638 1542 4691 et
1582 4629 1847 4709 gratiam

357 4730 688 4811 potissime
722 4730 1160 4811 disponemur.
1195 4727 1340 4790 Ideo
1369 4727 1849 4790 Ecclesiasticus

357 4830 509 4892 dicit
543 4848 558 4891 ε
588 4828 790 4903 Quam
835 4828 1073 4891 bonum
1115 4833 1212 4888 est
1243 4834 1605 4907 correptum
1647 4826 1851 4888 mani-

355 4927 586 4991 festare
649 4926 1136 5009 poenitcntiam!
1193 4925 1284 4987 sic
1343 4925 1514 4987 enim
1575 4924 1850 5006 effugiet

353 5011 730 5106 peccatums

428 5124 544 5199 Qui
579 5142 734 5188 vero
774 5122 1103 5204 praefatam
1145 5121 1368 5203 abjicit
1412 5121 1843 5204 disciplinam,

352 5240 560 5285 coram
595 5223 723 5285 Deo
753 5221 900 5283 vilis
942 5228 1006 5283 et
1046 5220 1349 5302 ignobilis
1389 5220 1531 5297 erit,
1569 5221 1844 5302 peccatis

354 5339 718 5403 oppressus,
771 5318 1167 5382 daemonibus
1227 5318 1545 5396 subdituS,
1599 5318 1842 5401 proprii

1962 4354 2102 4396 sum
2151 4335 2327 4397 omni
2375 4336 2635 4417 populo,
2682 4336 3003 4399 canticum
3051 4356 3269 4401 eorum
3317 4348 3447 4402 tota
3476 4336 3627 4387 ¹⁴³³·

1960 4433 2085 4495 die.
2121 4434 2251 4515 Ego
2283 4453 2425 4496 sum
2454 4434 2737 4516 psalmus
2766 4452 3010 4498 eorum.

2024 4534 2348 4609 Caliyavit
2367 4536 2454 4593 ad
2477 4535 2501 4591 ι’
2504 4536 2995 4611 ndv'ynationem
3013 4540 3237 4597 oculus
3257 4558 3446 4599 meus.

1959 4630 2088 4692 Hoc
2116 4630 2492 4709 (secundum
2538 4630 2941 4711 Gregorium)
2980 4631 3081 4711 fit,
3124 4633 3275 4695 dum
3326 4634 3449 4697 viri

1961 4727 2306 4790 illuminati
2338 4748 2405 4792 se
2434 4747 2470 4791 a
2499 4728 2715 4810 pravis
2734 4728 2975 4792 diutius
3006 4731 3224 4813 sperni
3254 4751 3327 4794 ac
3356 4733 3452 4795 in-

1958 4828 2311 4907 dignationi
2343 4828 2560 4892 haberi
2584 4828 3005 4910 conspiciunt,
3020 4838 3213 4911 atque
3232 4849 3309 4893 ex
3326 4830 3449 4895 hoc

1959 4926 2037 4989 de
2065 4927 2299 4989 occulti
2328 4926 2553 5007 judicii
2584 4927 2693 4989 Dei
2736 4926 3157 4991 admiratione
3189 4928 3449 4991 turban-

1963 5034 2082 5103 tur,
2125 5035 2188 5088 et
2230 5034 2543 5087 secretum
2584 5025 2693 5087 Dei
2737 5034 3067 5107 nequeunt
3108 5036 3447 5108 penetrare

1957 5142 2070 5185 cur
2116 5122 2458 5204 praevalere
2510 5122 2793 5204 perversi
2848 5132 3069 5186 contra
3130 5122 3443 5187 bonorum

1957 5220 2385 5283 innocentiam
2418 5220 2895 5302 permittuntur.
2922 5220 3073 5293 Quis
3102 5220 3278 5283 enim
3309 5240 3443 5285 non
3473 5282 3523 5326 Μ
3554 5283 3623 5327 uh

1955 5319 2383 5400 obstupescat,
2402 5336 2599 5399 quum
2622 5317 2924 5381 Herodias
2951 5318 3239 5381 adultera
3267 5320 3439 5403 apud
3471 5296 3591 5390 υἷι.
3624 5298 3731 5337 'm'
