4309 6259
55 2163 116 2205 lv
130 2165 268 2219 Rey.
289 2178 388 2215 xva,

63 2231 78 2267 ι
127 2230 156 2257 -3

55 2767 84 2809 1
85 2766 192 2810 bid.
205 2780 292 2817 xv,
300 2768 381 2809 ³0.

97 5042 390 5089 omnui-

1021 508 1370 555 amuuwrio
1412 509 1474 554 m
1516 511 1652 569 car.
1699 509 1826 556 xv11
1869 509 2024 557 unm
2066 510 2291 566 onaan
2330 514 2553 560 nacon.
2598 470 2679 545 '—
2718 517 2860 563 Anr.
2908 518 2992 564 xx
3466 502 3543 564 67

1565 919 2213 1006 ARTICULUS
2286 920 2445 1007 XX

765 1192 1080 1238 Exposrrlo
1124 1192 1399 1238 currum
1443 1191 1888 1238 sarrlmnssmnu
1932 1192 1946 1236 :
1993 1192 2158 1239 ANNO
2201 1193 2541 1241 Duonsscmo
2584 1198 2785 1243 ACHAz
2829 1199 3007 1246 REGIS
3049 1201 3225 1246 JUDA.

567 1474 646 1535 lT
689 1472 932 1536 mentio
975 1473 1042 1534 in
1088 1472 1212 1535 isto
1258 1472 1540 1556 capitulo
1586 1472 1664 1534 de
1711 1469 1940 1533 ultimo
1969 1469 2021 1532 A
2050 1472 2446 1536 honorabant
2476 1494 2587 1538 seu
2627 1495 2851 1541 aureos
2882 1477 3117 1543 vitulos
3159 1482 3529 1562 adorabant,

585 1572 807 1635 decem
841 1571 1124 1634 tribuum
1157 1589 1326 1652 rege,
1352 1578 1414 1633 et
1435 1568 1848 1631 translatione
1867 1586 1940 1631 ac
2051 1588 2179 1633 non
2238 1572 2413 1635 venit
2459 1592 2679 1636 earum
2728 1576 3062 1657 captivitas
3120 1595 3133 1639 :
3182 1580 3334 1661 quia
3386 1590 3536 1645 tunc

423 1671 814 1754 captivitate
845 1670 1129 1734 tribuum
1161 1670 1550 1733 earumdem.
1575 1672 1768 1729 Anno
1790 1670 1941 1728 duo·
2049 1669 2319 1732 crimina
2348 1672 2567 1754 populi
2598 1673 2961 1756 aliqualiter
2979 1678 3441 1741 excusabantur
3462 1700 3537 1743 ex

421 1773 686 1831 decimo
737 1772 960 1833 Achaz
1010 1772 1180 1847 reyis
1225 1772 1402 1830 sada
1440 1769 1742 1845 regnavit
1794 1770 1941 1829 Osee
2049 1770 2383 1850 tyrannide
2410 1771 2825 1854 jussioneque
2846 1794 3063 1855 regum
3097 1776 3536 1841 inducentium

421 1872 624 1947 filius
649 1872 774 1931 Eia
803 1872 872 1929 in
907 1870 1222 1931 Samaria
1251 1888 1446 1946 super
1476 1869 1680 1928 Israel
1711 1885 1937 1925 novem
2049 1869 2127 1930 ad
2179 1869 2623 1947 idololatriam,
2672 1880 2737 1933 et
2786 1872 3263 1953 prohibentium
3318 1876 3409 1940 ire
3458 1879 3536 1940 ad

425 1968 660 2028 annis.
695 1966 876 2029 Circa
914 1967 1036 2029 boc
1064 1966 1268 2029 oritur
1298 1964 1660 2027 difficultas
1700 1963 1780 2025 de
1821 1981 1940 2024 nu-
2051 1968 2357 2049 templum
2392 1968 2761 2032 Jerusalem.
2796 1970 3068 2034 Ultimus
3112 1992 3261 2037 vero
3305 1994 3415 2038 rex
3453 1977 3537 2038 Is-

428 2083 622 2128 mero
649 2064 796 2141 istc,
819 2065 1126 2146 quoniam
1150 2065 1216 2126 in
1239 2062 1623 2147 praecedenti
1656 2062 1938 2143 capitulo

429 2164 734 2242 habetur,
757 2164 932 2246 quod
963 2182 1134 2227 anno
1161 2162 1684 2245 septimodecimo
1703 2160 1942 2223 Phacee

429 2263 611 2342 regis
655 2264 869 2341 lsrael,
904 2262 1173 2346 coeperit
1212 2262 1352 2344 ipse
1381 2262 1585 2325 Achaz
1618 2278 1884 2340 regnare
1920 2276 1934 2321 :

424 2362 554 2443 qui
587 2362 784 2441 (utin
814 2363 1038 2425 eodem
1077 2360 1361 2444 capitulo
1391 2360 1622 2441 fertur)
1652 2357 1939 2439 regnavit
2046 2361 2427 2440 colerentur,
2473 2362 2870 2446 contulitque
2921 2364 3244 2429 licentiam
3292 2369 3533 2451 populo

421 2461 722 2524 sedecim
765 2462 993 2536 annis;
1028 2461 1250 2542 sicque
1294 2460 1362 2522 in
1405 2460 1728 2543 principio
1760 2462 1936 2541 regni
2047 2480 2163 2524 suo
2192 2462 2385 2525 eundi
2426 2470 2489 2525 ct
2532 2461 2939 2525 sacrificandi
2983 2464 3051 2526 in
3094 2467 3335 2548 templo
3366 2468 3477 2530 Dei
3514 2486 3527 2531 :

421 2560 648 2622 Achaz
680 2578 809 2623 non
839 2560 1162 2623 restabant
1193 2559 1318 2621 nisi
1349 2567 1476 2622 tres
1498 2559 1597 2622 vel
1620 2561 1699 2622 ad
1729 2558 1935 2639 majus
2046 2560 2122 2621 ad
2153 2560 2324 2641 quod
2354 2560 2627 2642 populus
2658 2560 2717 2624 ei
2748 2563 3150 2639 contradixit,
3174 2564 3401 2647 sicque·
3420 2576 3539 2648 per·

421 2668 718 2740 quatuor
738 2657 894 2721 anni
914 2659 1267 2739 regnationi
1291 2659 1550 2723 Phacee.
1571 2659 1734 2739 Ergo
1754 2657 1930 2735 Osee,
1973 2658 2018 2720 B
2045 2658 2507 2721 dissensionem
2568 2660 2843 2723 divisum
2898 2660 3019 2723 suit
3068 2681 3177 2725 cor
3224 2665 3448 2746 populi
3496 2685 3533 2728 a

419 2758 550 2839 qui
583 2757 797 2820 occiso
842 2758 984 2840 ipso
1011 2758 1270 2836 Phacee‚
1308 2757 1616 2822 successit
1656 2757 1721 2819 in
1763 2756 1936 2838 prin·
2043 2758 2233 2820 corde
2282 2756 2470 2837 regis.
2506 2757 2648 2820 Ideo
2693 2759 2967 2841 populus
2998 2760 3243 2823 nullam
3290 2763 3369 2825 de
3413 2783 3529 2827 sua

417 2856 680 2938 cipatu,
714 2875 976 2920 exorsus
1017 2864 1112 2919 est
1148 2876 1414 2939 regnare
1445 2866 1673 2940 quarto
1724 2856 1930 2939 ipsius
2042 2855 2401 2919 idololatria
2431 2856 2900 2919 excusationem
2925 2858 3232 2923 habebat:
3268 2870 3528 2944 propter

415 2956 644 3018 Acbaz
674 2974 866 3019 auno.
902 2956 995 3018 Ad
1039 2956 1159 3018 hoc
1205 2955 1548 3037 dupliciter
1589 2956 1933 3037 responde—
2042 2956 2212 3037 quod
2254 2955 2335 3018 ab
2364 2955 2636 3038 Assyriis
2683 2966 2905 3037 captus
2958 2956 3099 3034 tuit,
3135 2967 3205 3021 ut
3248 2959 3417 3023 infra
3461 2960 3529 3023 in

419 3066 564 3121 tur.
600 3056 834 3133 Primo,
867 3056 1038 3136 quod
1068 3053 1223 3117 Osee
1265 3063 1409 3117 octo
1441 3055 1626 3116 annis
1674 3055 1796 3116 ‚fuit
1829 3054 1935 3117 tri·
2042 3054 2165 3116 isto
2195 3053 2463 3117 habetur
2492 3054 2794 3137 capitu10.

417 3155 732 3219 butarius
761 3161 826 3218 et
873 3152 1197 3233 subjectus
1245 3152 1376 3234 regi
1409 3152 1834 3235 Assyriorum,
1869 3162 1934 3215 et
2119 3151 2298 3215 Circa
2328 3152 2449 3215 hoc
2492 3152 2714 3215 scribit
2742 3152 2905 3235 Lyra
2939 3170 2952 3215 :
2988 3154 3190 3218 Causa
3218 3156 3302 3219 ob
3332 3176 3527 3239 quam

419 3272 612 3317 nono
641 3272 835 3328 anno,
860 3252 974 3333 qui
1007 3250 1130 3312 suit
1160 3250 1578 3313 duodecimus
1609 3271 1815 3313 annus
1839 3270 1933 3313 re-
2039 3250 2194 3314 Osee
2232 3251 2523 3333 permisit
2550 3250 2857 3334 populum
2902 3272 3088 3315 suum
3121 3254 3213 3317 ire
3258 3255 3322 3317 in
3351 3256 3529 3320 Jeru—

2040 3351 2259 3426 salem,
2296 3349 2442 3425 suit,
2478 3358 2546 3411 ut
2577 3349 2775 3412 Rabbi
2808 3350 3105 3414 Salomon
3148 3353 3326 3430 dicit,
3372 3352 3535 3437 quo-'

2041 3447 2213 3511 niam
2244 3448 2419 3510 aurei
2452 3448 2636 3513 vituli
2666 3448 2797 3530 jam
2829 3457 3010 3511 erant
3038 3450 3230 3513 amoti
3265 3460 3327 3514 et
3356 3453 3529 3535 capti

2038 3566 2153 3629 per
2214 3562 2390 3625 reges
2439 3545 2736 3628 Syrorum
2788 3555 2850 3609 et
2897 3547 3321 3630 Assyriorum,
3376 3550 3530 3632 quia

2051 2064 2201 2141 rael,
2235 2065 2441 2128 dictus
2470 2065 2645 2143 Osee,
2679 2068 2791 2149 qui
2842 2068 2990 2132 licet
3034 2069 3261 2135 fecerit
3294 2074 3531 2137 malum

2048 2182 2260 2226 coram
2312 2165 2601 2243 Domino,
2656 2185 2783 2229 non
2834 2174 3046 2231 tamen
3108 2170 3272 2233 sicut
3322 2180 3532 2254 patres

2047 2261 2209 2343 ejuS,
2244 2264 2545 2345 praecepit
2573 2284 2655 2327 ne
2683 2265 2869 2327 vituli
2905 2268 3082 2329 aurei
3114 2276 3292 2332 tanto
3322 2272 3533 2334 studio

417 3351 544 3435 gni
594 3352 822 3427 Achaz,
875 3350 1072 3431 coepit
1131 3348 1293 3412 liber
1344 3366 1608 3429 regnare
1652 3375 1667 3426 3
1714 3350 1934 3431 sicque

417 3470 646 3515 annus
667 3450 778 3513 ille
807 3456 1070 3511 vocatur
1099 3447 1206 3511 hic
1236 3448 1482 3530 primus
1515 3468 1719 3511 annus
1752 3450 1930 3530 regni

419 3550 664 3633 ipsius,
701 3548 1014 3624 Secundo,
1051 3547 1223 3629 quod
1268 3566 1396 3610 non
1440 3548 1727 3627 regnavit
1771 3548 1936 3629 paci-

417 3648 587 3725 fice,
632 3646 759 3709 nisi
802 3646 1184 3709 duodecimo
1227 3663 1396 3708 anno
1440 3664 1453 3706 :
1507 3645 1650 3709 ideo
1699 3647 1935 3710 dicitur
2040 3654 2273 3709 terram
2302 3644 3141 3728 Israelfuerantdepraedati.
3169 3648 3288 3711 Sed
3314 3650 3529 3714 verius

419 3759 592 3812 tunc
635 3764 904 3827 regnare
949 3746 1242 3828 coepisse‚
1289 3744 1594 3825 quoniam
1646 3754 1794 3809 ante
1832 3748 1934 3812 ha·
2041 3763 2184 3807 reor
2210 3745 2379 3825 quod
2411 3744 2702 3825 Magister
2733 3745 2799 3805 in
2826 3744 3113 3808 historiis
3150 3756 3383 3821 narrat,
3434 3749 3531 3811 di-

417 3847 576 3911 buit
609 3845 780 3908 rixas
810 3852 874 3908 et
901 3862 1162 3925 guerras
1191 3852 1413 3907 contra
1445 3843 1746 3923 fautoreS,
1779 3847 1933 3908 ami·
1961 3840 2002 3903 C
2040 3844 2243 3906 cendo
2279 3860 2292 3905 :
2340 3843 2621 3906 Tradunt
2665 3843 2933 3919 Hebraei,
2982 3846 3153 3925 quod
3199 3845 3528 3909 Manahem

417 3964 564 4021 (308,
601 3951 665 4007 et
695 3943 1094 4025 propinquos
1125 3940 1328 4023 ipsius
1359 3942 1597 4005 Phacee
1629 3945 1931 4025 quemin-
2041 3962 2150 4006 rex
2193 3943 2413 4005 decem
2458 3941 2761 4018 tribuum,
2797 3942 2962 4004 inter
3007 3950 3215 4005 cetera
3262 3963 3527 4008 munera

419 4042 716 4107 terfecit.
740 4040 955 4122 Aliqui
979 4040 1385 4116 veredicum,
1406 4042 1577 4123 quod
1609 4042 1929 4124 prioribus

417 4139 621 4203 annis
659 4138 866 4201 multo
896 4136 1178 4201 deterius
1208 4137 1499 4218 regnavit
1527 4158 1718 4219 quam
1757 4149 1929 4222 post-

417 4258 524 4315 ea,
563 4238 712 4300 ideo
743 4236 840 4298 illi
871 4235 1026 4298 anni
1059 4236 1118 4299 ei
1150 4254 1278 4298 non
1319 4245 1790 4319 computantur.

525 4338 836 4416 Fecilque
895 4339 1148 4397 malum
1205 4356 1422 4397 coram
1471 4337 1773 4407 Domiow,
1819 4342 1929 4399 sed

414 4458 558 4501 non
585 4438 778 4505 sicut,
800 4433 865 4497 id
895 4442 992 4497 est
1021 4442 1151 4497 tam
1179 4434 1474 4515 graviter,
1500 4456 1672 4513 reyes
1701 4438 1925 4509 Israel,

413 4540 543 4618 qui
586 4546 740 4597 ante
774 4556 926 4595 eum
963 4535 1239 4612 fuerunt
1261 4533 1459 4616 :quia
1507 4533 1802 4615 permisit
1846 4534 1926 4597 fi-

413 4636 546 4698 lios
579 4633 770 4696 lsrael
801 4632 1105 4696 accedere
1137 4632 1442 4714 templum
1463 4631 1712 4696 Domini
1747 4632 1813 4695 in
1834 4634 1928 4697 Je-

415 4730 706 4795 rusalem
744 4732 824 4793 ad
866 4731 1260 4794 adorandum
1312 4738 1376 4793 et
1419 4730 1917 4795 sacrificandum

415 4830 670 4892 ibidem
718 4846 734 4890 ε
783 4829 956 4910 quod
1006 4828 1506 4910 praedecessores
1555 4829 1654 4891 sui
1706 4830 1921 4911 prohi-

2039 4049 2103 4104 et
2150 4039 2389 4102 tributa
2437 4039 2613 4101 misit
2661 4038 2792 4119 regi
2842 4038 3240 4121 Assyriorum
3288 4040 3526 4106 vitulos

2037 4158 2305 4216 aureos3
2344 4157 2469 4201 non
2503 4144 2709 4200 tamen
2741 4156 2889 4202 vere
2920 4137 3113 4200 delati
3156 4138 3417 4202 fuerunt
3447 4140 3527 4203 ad

2038 4257 2254 4321 regem
2286 4237 2491 4314 illum,
2524 4236 2827 4318 quoniam
2866 4237 3223 4301 sacerdotes
3251 4238 3401 4301 dolo
3433 4246 3530 4301 tu·-

2039 4336 2253 4399 lerunt
2292 4344 2356 4399 et
2396 4334 2864 4398 absconderunt
2907 4353 3138 4398 aureos
3170 4336 3430 4413 vitulos,
3465 4346 3529 4399 et

2039 4435 2332 4498 fecerunt
2359 4452 2553 4497 aereos
2600 4432 2935 4496 deauratos
2984 4434 3228 4498 similes
3278 4434 3432 4512 illis,
3466 4443 3531 4498 et

2040 4534 2185 4597 illos
2216 4532 2389 4595 misit
2411 4531 2738 4595 Manahem
2770 4531 2901 4613 regi
2920 4530 3321 4614 Assyriorum
3363 4551 3533 4615 :qua

2041 4632 2263 4695 fraude
2305 4640 2625 4713 percepta,
2662 4648 2841 4710 reges
2883 4629 3286 4713 Assyriorum
3327 4631 3537 4712 pluri--

2039 4749 2215 4792 mum
2246 4737 2617 4793 exarserunt
2644 4737 2867 4792 contra
2890 4728 3101 4792 lsrael.

2121 4830 2357 4890 Contra
2388 4830 2562 4889 hune
2594 4825 2749 4891 Osee
2782 4830 3067 4889 ascendit
3088 4830 3527 4889 Salmanasar

416 4928 707 4991 buerunt
737 4935 804 4991 et
845 4926 1320 5008 impediverunt
1361 4944 1479 5008 pro
1519 4945 1726 5008 posse.
1761 4927 1920 4990 Hinc
2037 4946 2157 4987 rem
2181 4928 2629 5004 Assyriorum,
2658 4936 2717 4986 et
2746 4927 2961 5005 factus
3004 4934 3093 4987 est
3122 4928 3184 4985 ei
3215 4930 3363 4990 Osee
3407 4946 3532 4987 ser-

423 5044 626 5108 super
667 5024 832 5087 illud
870 5022 1051 5101 Osee,
1083 5022 1371 5086 Divisum
1403 5030 1500 5085 est
1541 5041 1652 5087 cor
1679 5041 1922 5101 eorum,
1958 5028 2008 5091 D
2039 5046 2183 5096 vus,
2211 5027 2637 5105 reddebatque
2654 5026 2763 5085 itti
2784 5026 3026 5086 tributa
3057 5045 3079 5086 .·
3111 5024 3270 5106 quia
3299 5024 3533 5107 nequi-

427 5143 608 5188 nunc
654 5122 1034 5200 interibunt,
1071 5120 1294 5185 scribit
1320 5120 1741 5202 Hieronymus
1777 5140 1791 5183 ε
1825 5122 1930 5185 Di-
2041 5124 2137 5189 vit
2183 5123 2317 5205 regi
2360 5123 2455 5185 illi
2504 5123 2818 5200 resistere,
2854 5131 2935 5185 et.
2963 5129 3219 5204 propter
3268 5132 3529 5205 peccata

427 5232 592 5288 cunt
623 5222 894 5300 Hebraei,
929 5221 1101 5303 quod
1137 5220 1448 5303 quamdiu
1488 5237 1666 5301 reges
1706 5221 1929 5286 decem
2043 5242 2161 5285 sua
2190 5222 2315 5283 fuit
2353 5220 2653 5301 indignus
2684 5220 2905 5284 divino
2948 5219 3251 5283 subsidio.
3289 5224 3531 5290 Quum-

429 5322 718 5386 tribuum
747 5329 814 5385 et
845 5320 1000 5403 ipsae
1022 5319 1227 5383 tribus
1248 5319 1388 5403 pari
1409 5338 1727 5384 consensu
1759 5320 1931 5385 idola
2043 5342 2167 5403 que
2204 5320 2719 5399 deprehendisset
2748 5339 2866 5379 rem
2895 5320 3317 5396 Assyriorum
3356 5324 3526 5393 Osee,
