4309 6259
1255 530 1603 577 numano
1647 531 1708 576 m
1751 531 1888 577 car.
1935 531 2015 578 xv
2056 532 2183 578 son.
2227 552 2307 563 -
2348 534 2491 581 aar.
2536 535 2704 581 xxxv
3401 517 3519 579 517

425 702 514 765 cti
559 701 702 780 Job,
755 708 820 764 et
867 718 943 763 ex
990 701 1239 765 levibus
1287 702 1496 764 causis
1546 719 1674 764 non
1723 702 1922 764 instar
1951 698 2003 761 A
2032 720 2160 765 non
2205 703 2505 765 omnibus
2542 704 2767 767 diebus
2814 725 2943 767 suae
2993 706 3160 782 vitae,
3193 706 3344 786 quia
3390 723 3520 767 non

423 818 658 863 canum
691 801 772 863 ad
803 799 1266 882 impatientiam
1299 800 1548 880 agitari.

509 902 860 961 Ostendam
901 901 1021 959 tibi
1058 899 1392 961 veritatem
1433 907 1495 962 et
1536 907 1712 961 tuum
1756 917 1924 963 erro—

423 1016 603 1072 rem3
647 1000 814 1057 audi
851 1019 976 1067 me,
1007 1006 1077 1059 ut
1122 998 1304 1061 decet
1354 998 1921 1080 reprehensibilem

420 1116 458 1157 a
488 1104 858 1177 correptore
883 1095 1106 1158 audire
1133 1095 1408 1171 intentc;
1432 1100 1603 1176 quod
1623 1099 1766 1158 vidi
1784 1116 1925 1161 ocu-

424 1194 504 1256 lis
537 1195 774 1257 mentis
816 1213 928 1257 seu
967 1195 1275 1277 corporis,
1310 1202 1374 1257 et
1411 1214 1486 1258 ex
1527 1215 1736 1259 rerum
1782 1214 1925 1277 pro-

419 1312 608 1357 cessu
642 1294 1065 1371 consideravi,
1101 1297 1381 1354 narrabo
1415 1296 1554 1355 tibi.
1589 1296 1925 1371 Sapientes

419 1396 816 1468 confitentur
843 1411 994 1455 vera
1033 1410 1171 1455 esse
1212 1412 1354 1473 quae
1392 1392 1558 1468 dict),
1593 1401 1655 1454 et
1698 1392 1927 1455 verita-

424 1498 552 1552 tem
597 1490 665 1552 in
705 1490 1006 1554 omnibus
1039 1490 1162 1572 ipsi
1196 1490 1478 1553 fatentur
1512 1510 1525 1554 :
1558 1491 1924 1572 juxta-illud

71 1603 382 1653 eman-22.
419 1588 938 1665 Proverbiorum‚
975 1589 1168 1651 Labia
1206 1589 1362 1670 justi
1397 1589 1698 1652 erudiunt
1729 1589 1927 1671 pluri-

101 1704 269 1750 Eccli.
293 1718 382 1753 xx.
421 1706 588 1751 mos,
621 1687 778 1749 Nam
813 1696 876 1750 et
904 1688 1388 1751 Ecclesiasticus
1429 1688 1583 1752 dicit
1619 1706 1632 1750 ε
1668 1687 1926 1769 Sapien-

99 1770 126 1793 ⁰
427 1786 514 1847 tia
544 1784 860 1848 absconsa
889 1795 951 1848 et
982 1786 1316 1848 thesaurus
1349 1786 1616 1861 invisuS,
1636 1805 1780 1867 quae
1814 1786 1928 1847 uti-

2032 810 2181 863 ante
2211 821 2393 863 usum
2417 802 2714 876 ra'tionis3
2739 804 2847 865 sed
2878 804 3123 866 cunetis
3144 803 3371 866 diebus
3390 822 3520 866 suae

2034 900 2403 982 impietatis
2436 900 2829 984 Quicumque
2867 902 2934 964 in
2974 903 3224 965 mortali
3263 910 3521 983 peccato

2031 1006 2147 1075 est,
2186 999 2499 1081 superbus
2539 1009 2833 1063 censetur
2868 1020 2881 1063 :
2916 1002 3070 1083 quia
3098 1001 3333 1066 divinis
3364 1021 3522 1085 prae-

2032 1098 2235 1179 ceptis
2286 1097 2564 1175 rebelliS,
2599 1107 2662 1160 et
2707 1100 2832 1162 Deo
2884 1119 3012 1163 non
3060 1100 3373 1163 subditus,
3419 1100 3519 1163 Sic

2037 1195 2240 1259 fertur
2260 1196 2323 1258 in
2345 1197 2591 1259 Psalmo
2611 1199 2689 1260 ad
2711 1199 2904 1262 Deum
2928 1216 2942 1261 t
2969 1198 3276 1281 Superbia
3301 1218 3520 1263 eorum
3574 1214 3655 1258 Ρε.
3676 1228 3813 1267 mm,

2033 1296 2142 1376 qui
2180 1304 2239 1358 te
2269 1297 2559 1372 oderunt,
2582 1298 2870 1359 ascendit
2898 1316 3169 1379 semper.
3192 1298 3516 1376 Praet-erea,
3551 1278 3620 1319 ²³·

2033 1393 2220 1455 electi
2266 1394 2606 1475 aliquoties
2649 1395 2728 1456 ad
2771 1403 3021 1477 tempus
3069 1403 3281 1458 errant
3330 1404 3523 1477 atque

2035 1492 2415 1574 superbiunt
2449 1510 2463 1554 :
2500 1492 2628 1555 imo
2659 1494 2977 1556 interdum
3009 1494 3088 1557 de
3107 1494 3368 1575 speciali
3398 1494 3523 1557 sibi

2034 1592 2179 1653 data
2206 1590 2407 1670 gratia
2440 1610 2551 1653 seu
2572 1591 2757 1654 bonis
2779 1592 3079 1673 operibus
3109 1592 3519 1655 extolluntur.

2035 1689 2154 1752 Sed
2197 1687 2349 1770 quia
2378 1689 2563 1751 electi
2606 1698 2775 1766 sunt,
2808 1698 2955 1753 ante
2988 1691 3134 1753 vitae
3182 1690 3520 1752 terminum

2034 1788 2113 1849 ad
2172 1787 2599 1849 humilitatem
2648 1808 2762 1871 per
2818 1790 3259 1871 poenitentiam
3317 1808 3526 1852 rever-

422 1883 574 1945 litas
603 1884 671 1946 in
697 1885 1022 1965 utrisque?
1043 1888 1130 1945 Ec
1149 1905 1278 1945 non
1299 1887 1695 1945 abscondunt
1709 1895 1927 1963 patres
1963 1887 2008 1947 B
2040 1894 2279 1948 [untur.
2314 1889 2400 1947 Ec
2432 1906 2739 1947 numerus
2771 1908 3095 1948 annorum
3126 1889 3411 1949 incertus
3436 1897 3525 1949 est

419 2004 592 2055 suoS,
612 2002 650 2045 a
680 1983 917 2065 quibus
946 1984 1229 2063 generati
1261 1984 1396 2045 sive
1427 1983 1720 2046 instructi
1752 1992 1920 2059 sunt,

424 2082 536 2144 sed
569 2100 680 2145 eos
711 2082 1012 2163 allegant,
1034 2082 1316 2158 laudant,
1337 2082 1624 2161 cognitos
1648 2080 1921 2144 faciunt:

99 2197 384 2249 laedam,
423 2181 783 2243 secundum
835 2180 994 2243 illud
1043 2180 1493 2257 Ecclesiastici,
1538 2180 1923 2261 Sapientiam

77 2264 144 2303 ¹⁵·
419 2286 682 2361 patrum
723 2287 984 2341 narrant
1024 2278 1270 2360 populi,
1305 2286 1368 2341 et
1409 2278 1661 2341 laudem
1704 2298 1923 2341 eorum

419 2377 682 2440 nuntiat
712 2377 1004 2441 ecelesia.
1040 2380 1285 2447 Quibus
1319 2382 1470 2439 solis
1497 2382 1656 2439 data
1685 2388 1773 2438 est
1805 2388 1927 2438 ter-

414 2498 526 2547 ra,
557 2477 622 2537 id
655 2484 774 2553 est,
809 2484 1206 2539 terrenorum
1248 2476 1636 2540 dominativa
1679 2494 1925 2557 posses-

414 2575 519 2637 sio
551 2574 708 2638 solis
750 2574 1149 2656 sapientibus
1181 2584 1278 2637 est
1305 2575 1538 2637 collata
1572 2592 1584 2635 :
1620 2574 1920 2655 quoniam

415 2674 514 2737 sic
555 2673 890 2755 possident
928 2681 1184 2750 terram,
1221 2674 1392 2754 quod
1433 2692 1560 2735 non
1602 2672 1926 2754 possiden-

417 2782 528 2836 tur
556 2772 640 2834 ab
671 2790 788 2851 ea3
831 2779 1226 2852 utunturque
1271 2771 1694 2835 sensibilibus
1735 2771 1924 2833 rebus

415 2871 791 2947 salubriter,
845 2868 1181 2933 referendo
1229 2890 1336 2933 eas
1383 2871 1463 2932 ad
1512 2869 1798 2931 debitum
1849 2867 1927 2930 ri-

421 2990 599 3033 nem.
633 2970 829 3032 Porro
858 2968 1238 3051 insipientes
1268 2988 1343 3031 ac
1374 2968 1556 3050 impii
1599 2968 1927 3049 possiden-

2038 1987 2415 2063 tyrannidis
2461 1986 2622 2063 esua,
2665 1985 2727 2047 id
2772 1993 2889 2061 est,
2935 1986 3239 2067 quamdiu
3290 1986 3354 2048 in
3394 1986 3525 2050 vita

2034 2082 2339 2159 manebit,
2372 2092 2435 2143 et
2472 2084 2872 2165 tyrannidem
2915 2102 3205 2147 exercere
3253 2084 3518 2161 sinetur,

2035 2181 2303 2259 ignorat.
2328 2181 2702 2244 Potestatem
2735 2181 2903 2243 enim
2938 2202 3061 2263 qua
3091 2182 3396 2259 abutitur,
3416 2183 3525 2245 ha—

2034 2279 2139 2341 bet
2172 2298 2208 2340 a
2236 2279 2383 2355 De0‚
2419 2288 2481 2343 et
2512 2280 2714 2342 nescit
2742 2280 2997 2360 quando
3030 2280 3288 2342 tolletur
3316 2280 3399 2343 ab
3429 2299 3518 2344 eo.

2034 2379 2363 2460 Tyrannus
2393 2387 2603 2441 autem
2632 2380 2731 2459 (ut
2762 2380 2919 2442 dicit
2936 2380 3209 2457 BoetiuS,
3233 2400 3426 2462 quem
3446 2381 3524 2444 ad

2034 2477 2155 2539 hoc
2196 2476 2429 2556 allegat
2457 2477 2782 2557 Albertus)
2811 2485 2927 2554 est,
2961 2478 3073 2558 qui
3111 2478 3392 2558 regimen
3434 2478 3524 2541 rei

2034 2574 2309 2657 publicae
2342 2575 2407 2636 in
2444 2583 2895 2659 nocumentum
2936 2575 3157 2659 populi
3186 2584 3251 2639 et
3289 2576 3528 2638 utilita-

2035 2683 2162 2736 tem
2194 2673 2293 2735 sui
2328 2672 2644 2735 malitiose
2684 2674 3016 2737 convertit.
3048 2673 3225 2736 Unde
3262 2675 3351 2737 ait
3378 2674 3529 2737 Gre-

2033 2772 2249 2852 gorius
2286 2790 2299 2833 ε
2333 2772 2663 2853 Tyrannus
2714 2772 2970 2853 proprie
3017 2772 3271 2849 dicitur,
3304 2773 3416 2855 qui
3460 2773 3524 2834 in

2034 2870 2360 2933 communi
2391 2889 2457 2932 re
2487 2869 2743 2951 publica
2773 2888 2902 2933 non
2932 2871 3075 2952 jure
3103 2870 3520 2952 principatur.

2034 2969 2509 3045 Verumtamen,
2559 2976 2866 3051 tyrannus
2912 2968 2977 3030 in
3022 2969 3365 3051 Scripturis
3406 2970 3526 3031 ali-

422 3079 535 3131 tur
576 3088 614 3130 a
665 3076 854 3144 terra,
907 3077 970 3130 et
1019 3067 1372 3130 abutuntur
1433 3066 1721 3143 terreniS,
1775 3066 1925 3130 victi
1962 3068 2006 3132 C
2037 3068 2293 3149 quando
2322 3066 2506 3129 aliter
2543 3068 2837 3143 sumitur,
2874 3068 3039 3130 sicut
3081 3068 3147 3130 in
3179 3068 3435 3132 Daniele
3465 3077 3529 3131 et
3566 3087 3822 3139 Damam.

424 3168 688 3231 illorum
725 3166 1090 3229 inordinato
1119 3184 1354 3243 amore,
1377 3166 1727 3228 seeundum
1758 3165 1929 3246 quod

123 3280 248 3334 Sap·
273 3292 384 3328 xuv,
425 3267 494 3328 in
529 3264 874 3347 Sapientiae
906 3263 1072 3326 libro
1103 3261 1308 3325 fertur
1345 3282 1357 3325 :
1393 3264 1707 3327 Creaturae
1746 3261 1929 3325 factae

78 3346 146 3385 ¹¹·
423 3373 582 3428 sunt
624 3365 690 3426 in
738 3363 981 3437 odium,
1016 3370 1079 3425 et
1123 3361 1190 3423 in
1238 3361 1654 3425 tentationem
1701 3361 1931 3423 animae

425 3462 792 3537 hominum,
828 3470 891 3523 et
923 3462 987 3523 in
1022 3460 1451 3542 muscipulam
1482 3460 1754 3542 pedibus
1787 3459 1934 3521 insi-

75 3576 382 3626 stam-va.
425 3561 775 3645 pientium.
826 3560 986 3623 Hinc
1042 3558 1306 3621 mitibus
1371 3559 1687 3641 possessio
1749 3567 1934 3621 terrae

426 3659 857 3743 promittitur.

516 3762 600 3821 Ec
627 3778 762 3819 non
798 3760 1108 3818 transibit
1137 3759 1392 3818 alienus
1413 3777 1534 3833 per
1566 3778 1691 3827 eoa,
1721 3756 1784 3819 id
1813 3765 1930 3833 est,

425 3858 817 3940 insipientes
849 3864 915 3919 et
955 3856 1138 3939 impii
1180 3875 1324 3918 cum
1366 3855 1766 3937 sapientibus
1805 3874 1938 3917 sor-

427 3965 560 4019 tem
607 3964 672 4018 et
723 3954 1094 4017 societatem
1147 3972 1274 4016 non
1321 3952 1726 4030 obtinebunt,
1773 3952 1938 4015 sicut

426 4054 600 4116 inter
619 4054 860 4116 electos
891 4051 1146 4134 reprobi
1179 4069 1306 4114 non
1326 4051 1933 4113 annumerabuntur.

427 4152 697 4214 Alienus
719 4169 982 4232 quoque
1009 4169 1046 4211 a
1079 4149 1392 4231 sapientia
1420 4168 1551 4211 non
1580 4148 1806 4210 transit
1827 4166 1940 4229 per

2036 3166 2283 3228 Esther.
3556 3151 3641 3201 ²⁹³³
3658 3148 3823 3193 ⁸⁸⁸¹*

3556 3224 3615 3264 vi,
3636 3214 3677 3254 9.

2118 3265 2207 3327 Ex
2248 3264 2346 3327 his
2386 3263 2765 3343 generaliter
2812 3264 3020 3341 dictis,
3075 3266 3403 3329 descendit
3449 3268 3528 3329 ad

2040 3362 2541 3444 increpationem
2592 3361 2760 3424 beati
2807 3362 2944 3439 soh,
2998 3363 3109 3443 qui
3168 3383 3361 3446 supra
3406 3363 3533 3426 fre-

2040 3469 2311 3543 quenter
2344 3460 2615 3522 asseruit
2652 3480 2721 3523 se
2760 3460 2827 3522 in
2859 3461 3171 3540 angustiis
3211 3470 3273 3525 et
3306 3461 3533 3525 timore

2041 3560 2389 3640 doloreque
2419 3558 2698 3639 positum
2720 3576 2735 3620 ε
2760 3558 2826 3620 in
2858 3559 3096 3637 dolore,
3123 3569 3382 3642 propter
3409 3580 3535 3622 ma-

2042 3659 2103 3720 la
2136 3656 2513 3739 praesentia3
2560 3656 2623 3717 in
2656 3656 2885 3720 timore
2926 3654 3325 3720 futurorum..
3348 3660 3537 3719 Soni-

2047 3768 2146 3817 tus
2188 3758 2449 3817 terroris
2496 3775 2739 3832 semper
2784 3758 2859 3815 in
2905 3758 3174 3816 auribus
3223 3758 3430 3827 illiue,
3470 3756 3533 3818 id

2044 3864 2161 3932 est,
2206 3855 2283 3915 ad
2333 3853 2687 3934 quemlibet
2735 3852 3069 3935 strepitum
3118 3853 3533 3935 improvisum

2046 3952 2273 4015 metuit
2320 3950 2442 4013 sibi
2492 3951 2737 4032 aliquid
2776 3951 2927 4012 mali
2972 3952 3103 4031 jam
3154 3951 3529 4013 imminere:

2047 4051 2196 4131 quia
2226 4052 2305 4113 de
2347 4048 2523 4112 nullo
2560 4048 2853 4124 confidit,
2889 4047 3241 4130 metuitque
3280 4048 3371 4111 sic
3408 4048 3533 4111 sibi

2047 4149 2127 4212 ab
2171 4149 2315 4211 aliis
2357 4147 2525 4224 fieri,
2563 4148 2881 4228 quomodo
2920 4146 3057 4228 ipse
3104 4146 3197 4208 eis
3248 4146 3437 4221 feeit3
3477 4157 3536 4207 et

430 4250 781 4332 sapienteS‚
819 4248 883 4310 id
913 4256 1008 4311 est
1037 4267 1152 4330 per
1184 4248 1355 4310 viam
1403 4247 1680 4323 illorum,
1717 4246 1940 4309 videli-
1972 4257 2021 4318 D
2047 4270 2245 4329 quum
2284 4268 2425 4324 pax
2456 4249 2563 4317 sit,
2597 4246 2663 4309 id
2706 4253 2822 4322 est,
2858 4263 3045 4309 nemo
3084 4245 3207 4308 sibi
3247 4246 3539 4309 adverse-

431 4357 535 4413 cet
565 4367 679 4430 per
709 4346 1081 4409 divinorum
1103 4346 1571 4409 observantiam
1597 4353 1941 4427 praecepto—

83 4470 148 4513 12.
175 4472 392 4519 mna.
431 4466 602 4523 rum,
636 4448 820 4528 juxta
852 4444 1012 4507 illud
1045 4445 1110 4506 in
1135 4445 1291 4508 Isaia
1327 4463 1340 4506 :
1375 4444 1488 4506 Via
1519 4453 1734 4507 sancta
1765 4462 1941 4507 voca-

103 4573 374 4627 ‘pollutus
437 4547 636 4622 bitur,
676 4553 741 4608 et
782 4563 909 4608 non
952 4543 1250 4606 transibit
1288 4563 1401 4624 per
1440 4562 1580 4605 eam
1618 4542 1866 4605 alienus
1889 4544 1933 4603 ².

127 4674 304 4718 Eeeee.
339 4686 396 4721 u,
437 4646 598 4707 Hinc
648 4644 718 4705 in
767 4642 1150 4705 Ecclesiaste
1197 4642 1468 4705 habetur
1520 4659 1532 4703 ε
1586 4640 1730 4703 Vidi
1771 4642 1940 4722 quod

87 4741 158 4781 '³‘
435 4751 687 4807 tantum
751 4742 1144 4823 praecederet
1175 4740 1515 4821 ,sapientia
1569 4739 1938 4816 stultitiam,

435 4850 754 4925 quantum
816 4838 1046 4902 differt
1104 4840 1213 4901 lux
1263 4859 1300 4901 a
1351 4837 1652 4901 tenebris.
1703 4837 1942 4911 Quibus

113 4972 152 5015 u
177 4970 303 5016 cor.
325 4980 400 5015 vn.
435 4948 753 5006 consonat
785 4938 946 5001 illud
978 4938 1058 5000 ad
1085 4938 1445 5001 Corinthios
1468 4936 1648 5011 :Quae
1678 4936 1944 5000 societas

89 5038 156 5086 ¹⁴·
185 5038 260 5079 ¹5·
439 5040 571 5104 luci
631 5040 712 5101 ad
763 5036 1105 5101 tenebras?
1152 5035 1298 5110 Quae
1347 5044 1560 5099 autem
1609 5035 1946 5098 conventio

437 5138 676 5203 Christi
708 5137 792 5198 ad
823 5134 1019 5198 Belial
1042 5139 1067 5197 2
1093 5142 1206 5196 aut
1235 5152 1380 5216 quae
1409 5153 1556 5217 pars
1589 5132 1769 5195 fideli
1800 5152 1944 5195 cum

437 5236 746 5299 infideli?

529 5334 796 5395 Cunctis
839 5331 1062 5392 diebus
1107 5332 1244 5391 suis
1291 5331 1536 5408 impius
1589 5330 1874 5407 superbit
1923 5349 1945 5387 .·

2048 4355 2172 4422 tur,
2194 4348 2246 4405 il
2252 4349 2307 4405 le
2327 4347 2606 4405 insidias
2624 4346 3007 4422 suspicatur.
3028 4342 3345 4425 Quidquid
3365 4344 3537 4407 enim

2048 4452 2267 4507 contra
2314 4442 2633 4524 proximos
2674 4442 2929 4521 cogitat,
2965 4442 3084 4504 hoc
3124 4450 3343 4505 contra
3390 4463 3458 4506 se
3502 4464 3539 4505 a

2050 4541 2355 4625 proximis
2396 4540 2736 4619 excogitari
2774 4538 3115 4615 formidat3
3146 4549 3209 4602 et
3247 4542 3540 4605 conscius

2051 4640 2176 4704 sibi
2224 4638 2497 4722 propriae
2542 4637 2958 4715 crudelitatis,
3004 4647 3259 4702 veretur
3292 4659 3542 4722 semper

2051 4738 2175 4801 sibi
2208 4738 2445 4800 instare
2475 4736 2645 4818 quod
2679 4735 2933 4811 meruit,
2954 4736 3163 4799 sciens
3182 4756 3249 4799 se
3278 4737 3539 4818 dignum

2049 4838 2219 4913 odio,
2268 4856 2395 4899 non
2434 4853 2651 4899 amore
2696 4854 2773 4897 ex
2824 4852 2913 4911 se,
2946 4835 3239 4915 quamvis
3283 4844 3543 4918 propter

2050 4938 2246 5001 Deum
2278 4936 2585 4998 amandus
2616 4934 2718 4995 sit.
2744 4933 2903 4996 Hinc
2933 4933 2997 4993 in
3021 4933 3184 4996 libro
3206 4933 3541 5016 Sapientiae

2052 5035 2287 5099 dicitur
2321 5052 2333 5095 :
2368 5032 2571 5106 Quum
2606 5031 2689 5093 sit
2717 5031 2939 5093 timida
2978 5031 3285 5112 nequitia,
3320 5034 3429 5095 dat
3455 5041 3544 5094 te-
3605 5054 3833 5109 smum

2053 5132 2427 5195 stimonium
2448 5131 2901 5207 condemnata3
2926 5147 3177 5210 semper
3195 5129 3364 5192 enim
3390 5150 3545 5214 prae—
3570 5120 3639 5161 ¹⁰·

2053 5229 2249 5291 sumit
2288 5248 2474 5305 saeva,
2519 5225 2884 5309 perturbata
2920 5226 3330 5290 conscientia.
3362 5229 3439 5291 Et
3476 5228 3542 5292 in
3628 5286 3746 5328 pm

2052 5326 2414 5391 Proverbiis
2464 5343 2478 5387 ε
2526 5324 2710 5404 Fugit
2755 5323 2992 5405 impius
3042 5325 3295 5388 nemine
3341 5346 3549 5410 perse·
3572 5317 3775 5399 xmua'.
