4309 6259
817 470 936 533 504

1611 492 1958 538 ENARRATIO
1999 493 2061 539 IN
2103 494 2240 539 GAP.
2289 493 2391 539 xlv
2430 493 2557 539 1013.
2601 512 2683 523 --·
2722 495 2865 541 ART.
2912 493 3107 541 xxxm

817 658 1010 720 Deum
1054 662 1504 739 convertendo,
1545 672 1736 744 atque
1785 662 1850 724 in
1900 665 2040 744 ejus
2087 681 2301 727 amore
2328 663 2381 726 A
2411 681 2567 725 sona
2596 663 2827 725 animae
2855 664 3215 727 exsistentis
3247 664 3313 725 in
3336 664 3723 745 purgatorie,
3742 680 3897 727 con-

819 774 996 817 suam
1045 757 1434 824 voluntatem
1485 759 1768 841 figendo.
1819 764 1906 822 Et
1956 764 2301 822 observasti
2408 781 2566 841 grue
2611 763 2839 845 exponi
2882 782 3009 826 non
3053 763 3289 828 valent.
3323 762 3447 825 Nec
3494 762 3709 824 anima
3748 762 3898 824 talis

813 874 1027 915 omnes
1081 859 1342 917 semitas
1399 880 1592 929 meas,
1641 868 1700 919 et
1747 862 2016 937 veste'qia
2057 863 2300 939 pedum

813 974 1101 1015 meorum
1137 959 1578 1019 considerasti.
1612 958 1838 1020 Anima
1877 978 2018 1039 quae
2065 960 2130 1020 in
2170 959 2300 1020 vita

814 1051 932 1114 hac
972 1052 1365 1133 negligenter
1394 1075 1461 1117 se
1493 1055 1706 1132 habet,
1743 1076 1860 1119 nec
1889 1056 1998 1119 Dei
2028 1076 2303 1139 praesen-

703 1158 708 1163 “
814 1149 970 1212 tiam
1000 1151 1596 1235 providentiamque
1626 1156 1962 1236 perpendit
1993 1165 2062 1218 ut
2095 1156 2296 1231 decet,

817 1248 882 1311 in
920 1250 1283 1330 purgatorio
1318 1252 1662 1332 experitur,
1688 1272 1879 1334 quam
1904 1254 2303 1316 distinctissi-

813 1366 916 1409 me
939 1366 1010 1410 ac
1032 1347 1521 1429 diligentissime
1537 1352 1698 1414 Deus
1720 1352 1932 1415 omnia
1953 1354 2092 1434 ejus
2117 1354 2179 1415 in
2200 1354 2305 1418 via

816 1446 936 1507 ista
975 1447 1360 1528 pensaverit,
1395 1450 1698 1529 quoniam
1740 1450 1831 1512 ibi
1869 1470 1986 1533 pro
2016 1452 2302 1514 minimis

816 1545 1157 1608 cruciatur.
1197 1550 1326 1616 Qui
1353 1547 1615 1629 spiritus
1647 1549 1932 1613 defuncti
1969 1555 2160 1630 quas-i
2178 1572 2305 1630 pu-

819 1648 993 1704 tredo
1013 1650 1478 1707 consumendus
1507 1668 1652 1708 sum
1673 1670 1695 1707 .·
1718 1666 1845 1711 non
1878 1652 2305 1732 consumptio-

819 1762 899 1805 ne
929 1744 1241 1820 essentiae,
1269 1746 1376 1807 sed
1409 1764 1484 1810 eo
1513 1747 1724 1823 modO,
1749 1767 1876 1829 quo
1908 1748 2148 1811 dictum
2182 1758 2298 1825 es·,t

2411 861 2488 923 de
2510 880 2667 923 seea
2699 862 3107 944 pronuntiat;
3142 861 3251 925 sed
3284 862 3579 926 aviatore
3601 860 3901 940 legunt-ur

2410 976 2526 1041 pro
2555 960 2997 1041 hujuscemodi
3030 960 3243 1022 anima
3278 977 3291 1021 ε
3326 979 3466 1041 quae
3494 960 3687 1022 etiam
3716 978 3787 1021 ea
3815 959 3902 1021 de

2411 1057 2695 1135 homine,
2721 1060 2907 1139 cujus
2938 1059 3079 1141 ipsa
3108 1057 3315 1122 forma
3352 1066 3416 1121 et
3444 1057 3709 1139 spiritus
3748 1057 3897 1133 fuit,

2412 1165 2619 1239 potest
2657 1156 2966 1239 proferre,
3010 1157 3375 1240 profitendo
3417 1158 3713 1219 humanae
3756 1175 3904 1219 con-

2412 1255 2674 1319 ditionis
2697 1255 3105 1336 fragilitatem
3136 1264 3329 1337 atque
3349 1256 3767 1337 multiplicem
3790 1256 3905 1318 de»

2412 1355 2901 1433 fectuositatem,
2937 1356 3221 1419 divinam
3260 1356 3525 1437 insuper
3562 1354 3901 1437 providen-

2413 1454 2587 1529 tiam,
2622 1461 2937 1534 quatenus
2982 1454 3144 1516 Deus
3188 1454 3267 1516 ad
3311 1453 3785 1535 propitiandum
3834 1460 3901 1514 et

2412 1554 2853 1616 redimendum
2898 1554 3181 1617 velocius
3238 1553 3603 1629 inclinetur,
3656 1552 3719 1614 id
3772 1561 3895 1626 est,

2413 1660 2777 1733 promptum
2822 1671 2889 1715 se
2927 1652 3223 1734 praebeat.
3261 1651 3362 1715 Sic
3393 1660 3456 1714 et
3492 1650 3767 1714 mendici
3804 1651 3903 1713 di-

2414 1750 2651 1815 vitibus
2701 1770 2847 1811 suas
2891 1752 3233 1813 ostendunt
3278 1751 3598 1833 penuriaS,
3633 1750 3903 1813 vulnera

813 1841 1197 1905 Consumere
1241 1862 1344 1905 me
1391 1843 1488 1907 vis
1540 1846 1814 1926 peccatis
1859 1847 2303 1963 adolescentiae
2342 1858 2476 1919 Bet
2522 1847 2829 1927 defectuS,
2866 1857 2935 1911 ut
2982 1849 3213 1912 divites
3261 1850 3341 1911 ad
3390 1848 3901 1912 subveniendum

814 1958 991 2002 meae.

893 2042 1097 2099 Homo
1145 2050 1339 2101 natus
1384 2045 1462 2101 de
1509 2046 1804 2115 muliere,
1855 2048 2032 2105 brevi
2081 2047 2301 2107 vivens

813 2146 1112 2217 tempore,
1127 2147 1247 2203 etc.
1273 2139 1482 2204 Verba
1509 2140 1800 2206 lectionis
1832 2143 2046 2224 hujuS‚
2070 2144 2135 2205 in
2168 2163 2301 2226 per-

2416 1966 2559 2011 mox
2599 1956 2998 2011 moveantur.
3030 1947 3160 2022 Quo
3202 1947 3373 2009 enim
3410 1948 3556 2029 quis
3599 1945 3905 2029 imperfe—

2414 2056 2587 2109 ctum
2636 2065 2819 2108 suum
2868 2046 2992 2109 Deo
3047 2046 3356 2108 humilius
3402 2043 3771 2122 confitetur,
3822 2063 3901 2108 eo

2413 2145 2579 2208 Deus
2617 2144 2938 2228 copiosius
2976 2145 3334 2209 miseretur.

1801 2575 2449 2663 ARTICULUS
2528 2578 2913 2661 XXXIII

1077 2847 1432 2893 ELUCIDATIO
1475 2846 1826 2893 LITTERALIS
1868 2848 2148 2895 CAPITULI
2191 2848 2621 2903 QUARTIDECIMI
2663 2852 2678 2897 Ξ
2726 2851 2955 2896 BREVES
2996 2852 3131 2897 DIES
3174 2851 3425 2899 uoumls
3468 2853 3639 2899 SUNT.

921 3125 1322 3189 *CHOATAM
1342 3126 1636 3191 humanm
1657 3127 2040 3192 conditionis
2071 3128 2305 3191 deseri·
2339 3128 2383 3190 C
2412 3129 2641 3191 ceteris
2684 3129 3007 3192 attributis
3049 3150 3160 3194 seu
3199 3132 3694 3214 proprietatibus
3732 3135 3896 3216 ejus,

909 3226 1216 3308 ptionem‚
1244 3234 1553 3307 quantum
1585 3228 1663 3289 ad
1684 3227 1820 3308 ejus
1853 3228 2299 3305 calamitatem,

809 3325 1160 3389 vanitatem
1200 3333 1262 3387 et
1302 3324 1613 3389 vilitatem
1659 3326 2104 3407 multiplicem,
2139 3326 2306 3408 capi—

811 3424 946 3487 tulo
994 3423 1116 3485 isto
1152 3422 1268 3487 Job
1315 3431 1571 3485 sanctus
1609 3424 2036 3505 prosequitur.
2069 3429 2305 3486 Breves

811 3526 948 3584 dies
977 3524 1262 3583 hominis
1289 3532 1462 3583 sunt.
1498 3522 1647 3599 Hoc,
1686 3532 1994 3603 quantum
2038 3524 2116 3586 ad
2162 3542 2305 3586 sen-

814 3641 978 3698 sum,
1013 3640 1178 3703 saepe
1225 3620 1648 3703 praehabitum
1692 3629 1806 3684 est.
1841 3622 1959 3685 Iste
2005 3623 2299 3703 equidem

816 3721 977 3783 liber
1029 3720 1402 3797 rhetoricUS,
1441 3719 1642 3781 instar
1688 3720 2001 3783 rhetorice
2040 3722 2307 3803 scripto-

817 3838 958 3881 rum
987 3818 1409 3895 voluminum,
1442 3820 1731 3882 eamdem
1771 3820 2150 3882 sententiam
2184 3822 2303 3885 suh

812 3917 956 3979 aliis
987 3916 1200 3981 verbis
1231 3915 1602 3998 frequenter
1630 3917 1912 4003 continet
1941 3920 2297 4002 repetitam.

811 4017 988 4079 Unde
1017 4017 1187 4098 quod
1221 4035 1393 4079 nunc
1424 4014 1535 4093 ait,
1571 4017 1762 4097 paulo
1789 4027 1936 4081 ante
1965 4019 2056 4081 sic
2087 4028 2305 4101 protu-

819 4116 894 4178 lit
926 4134 940 4178 :
974 4116 1172 4180 Homo
1209 4124 1394 4177 natus
1425 4116 1504 4179 de
1534 4114 1822 4193 muliere,
1865 4116 2045 4179 brevi
2078 4118 2300 4182 vivens

811 4223 1118 4297 tempore.

2411 3226 2621 3304 Porro,
2658 3246 2771 3309 per
2813 3229 3052 3292 donum
3103 3230 3405 3307 scientiae,
3439 3240 3611 3294 recte
3650 3250 3901 3314 saporo-

2414 3343 2610 3405 seque
2632 3326 2878 3407 judicat
2916 3328 2994 3389 de
3022 3328 3271 3406 creatis,
3315 3338 3470 3411 puta
3508 3331 3587 3392 de
3618 3339 3899 3413 tempore

2412 3442 2484 3487 ac
2526 3425 2753 3487 ceteris
2800 3428 3131 3504 creaturiS,
3166 3429 3483 3509 quomodo
3527 3427 3593 3491 in
3632 3429 3723 3492 eis
3766 3448 3898 3492 non

2414 3522 2495 3585 sit
2544 3521 2698 3585 sinis
2746 3524 3009 3587 ultimus
3049 3526 3552 3589 constituendus
3584 3526 3699 3601 Qui
3746 3546 3899 3608 ergo

2412 3628 2539 3683 tam
2566 3622 2643 3686 de
2674 3623 3025 3686 aeternitate
3055 3643 3244 3705 quam
3268 3626 3347 3687 de
3376 3632 3658 3707 tempore
3687 3626 3901 3689 taliter

2410 3719 2748 3799 judicat,et
2777 3730 3119 3802 utrumque
3148 3724 3226 3784 ad
3258 3721 3532 3787 invicem
3552 3734 3893 3805 comparat,

2411 3818 2763 3881 clarissime
2792 3820 3105 3902 conspicit
3136 3840 3325 3901 quam
3356 3822 3548 3885 breve
3582 3824 3665 3885 sit
3705 3823 3902 3885 homi-

2412 3916 2513 3978 nis
2554 3925 2826 3999 tempus.
2862 3918 3202 3999 Aliquibus
3242 3928 3454 3983 tamen
3494 3921 3630 3983 dies
3662 3922 3899 4002 quibus

2410 4014 2659 4092 vivunt,
2695 4017 2878 4079 multi
2928 4036 2999 4080 ac
3044 4018 3216 4098 longi
3262 4019 3578 4095 videntur,
3613 4020 3763 4101 quia
3804 4020 3902 4083 vi-

2412 4113 2645 4176 delicet
2664 4116 2982 4178 exercitiis
3004 4117 3338 4181 laboriosis
3360 4118 3587 4181 intenti
3609 4128 3777 4197 sunt,
3794 4120 3897 4183 vel

2412 4212 2739 4275 doloribus
2778 4212 3179 4293 afficiuntur,
3216 4236 3326 4280 seu
3370 4216 3899 4281 delectationibus

906 4313 1193 4394 Denique
1245 4330 1372 4393 quo
1425 4311 1660 4393 aliquis
1717 4314 1918 4394 magis
1969 4334 2008 4377 a
2061 4314 2299 4397 Spiritu
2334 4316 2383 4378 D
2413 4309 2478 4371 in
2534 4311 2635 4373 his
2681 4332 2825 4394 quae
2880 4321 3098 4394 agunt,
3154 4334 3281 4377 non
3338 4317 3721 4380 relevantur.
3770 4316 3897 4380 Alii

813 4414 1042 4477 Sancto
1080 4410 1500 4488 illuminatur,
1551 4418 1615 4473 et
1653 4411 1717 4473 in
1757 4414 1924 4477 dono
1971 4413 2301 4496 sapientiae

812 4521 1004 4593 atque
1035 4508 1316 4572 scientiae
1345 4506 1644 4586 abundat,
1671 4529 1745 4573 eo
1775 4530 1902 4575 non
1938 4513 2143 4575 solum
2177 4533 2303 4576 cer-

815 4612 941 4673 tius
978 4618 1041 4672 et
1069 4607 1326 4685 clariuS‚
1361 4608 1472 4669 sed
1511 4607 1772 4691 insuper
1809 4612 2171 4692 saporosius
2205 4612 2301 4674 in-

813 4716 1027 4772 tuetur
1073 4715 1137 4771 et
1183 4706 1410 4784 noscit,
1445 4726 1636 4788 quam
1675 4708 1890 4786 breve,
1937 4710 2065 4773 imo
2106 4730 2297 4792 quam

811 4816 1327 4871 momentaneum
1369 4806 1452 4867 sit
1491 4824 1679 4869 omne
1719 4815 1968 4889 tempus
2007 4809 2154 4872 vitae
2194 4829 2301 4873 no-

813 4915 957 4971 strae
992 4906 1056 4968 in
1087 4904 1317 4967 saeculo
1349 4904 1491 4967 isto.
1535 4904 1694 4967 Hinc
1721 4904 1844 4968 viri
1884 4906 2107 4984 sancti,
2151 4908 2298 4972 vitae

811 5005 1004 5086 hujus
1038 5013 1290 5084 tempus
1321 5020 1437 5083 pro
1467 5001 1672 5065 nihilo
1702 5011 2178 5084 reputaverunt.
2215 5006 2300 5069 Si-

807 5102 1089 5184 quidem,
1123 5120 1236 5185 per
1281 5101 1520 5164 donum
1560 5102 1910 5183 sapientiae,
1947 5112 2189 5166 rectum
2234 5113 2299 5167 et

808 5219 1179 5283 saporosum
1219 5200 1479 5262 sortitur
1521 5200 1709 5262 homo
1746 5201 2057 5281 judicium
2097 5203 2177 5265 de
2204 5203 2299 5265 di-

808 5298 998 5374 viniS,
1023 5299 1143 5361 hoc
1163 5306 1258 5361 est
1277 5297 1355 5361 de
1382 5298 1508 5361 Deo
1538 5299 1804 5383 ejusque
1834 5300 2189 5365 aeternitate
2220 5320 2292 5364 ac

2411 4420 2637 4472 cuncta
2659 4432 2806 4474 cum
2836 4413 3257 4477 delectatione
3288 4424 3581 4497 prompte
3600 4425 3663 4479 et
3683 4417 3901 4481 alacri-

2410 4517 2505 4572 ter
2544 4520 2876 4591 peragunt‚
2911 4512 3053 4575 ideo
3094 4520 3343 4593 tempus
3370 4512 3462 4574 eis
3501 4512 3695 4577 breve
3726 4517 3901 4580 vide-

2410 4616 2533 4669 tur.
2566 4609 2744 4671 Unde
2762 4611 3139 4689 (secundum
3171 4612 3495 4674 Albertum
3530 4611 3594 4674 in
3625 4613 3789 4677 libro
3816 4617 3897 4678 de

2409 4708 2485 4770 IV
2527 4706 2937 4787 Coaequaevis)
2964 4709 3383 4791 voluptuosiS,
3427 4710 3707 4792 itemque
3746 4712 3930 4775 divi--

2408 4805 2509 4867 nis
2537 4804 2907 4867 hominibus
2937 4814 3187 4888 tempus
3221 4816 3318 4869 est
3344 4806 3558 4872 breve.
3592 4809 3686 4872 llli
3720 4810 3894 4873 enirn

2408 4903 2791 4981 carnalibuS,
2830 4904 2934 4966 isti
2965 4905 3405 4987 spiritualibus
3436 4908 3762 4971 abundant
3788 4912 3897 4974 de-

2406 5003 2594 5065 liciis.

2490 5104 2817 5164 Numerus
2856 5104 3175 5165 mensium
3212 5106 3351 5183 ejus
3388 5110 3569 5183 apud
3599 5116 3657 5167 te
3682 5119 3794 5180 est,
3826 5109 3895 5172 id

2404 5210 2499 5263 est
2540 5199 2653 5262 tibi
2696 5201 3229 5265 certitudinaliter
3258 5205 3550 5286 cognitus
3586 5215 3702 5283 est,
3736 5216 3896 5287 quot

2405 5299 2649 5365 scilicet
2692 5299 3020 5365 mensibus
3058 5302 3253 5379 vivet,
3285 5321 3649 5388 quanquam
3690 5305 3893 5391 aliqui
