4309 6259
926 517 1276 564 ENARRATIO
1318 517 1381 562 IN
1424 517 1561 562 CAP.
1610 517 1647 560 V
1690 514 1848 560 uum
1889 515 2058 560 Pauli
2100 515 2633 562 PARAMPOMENON.
2681 535 2761 545 ·-
2801 517 2944 562 An'r.
2991 517 3028 560 V

3404 495 3520 562 129

404 707 493 746 ra
523 689 719 764 filius
759 690 928 765 ejus,
957 709 1145 769 quem
1186 690 1517 766 captivum
1548 690 1742 750 duxit
1777 690 1925 750 The-
1953 684 2005 746 A
2036 689 2216 758 laad,
2248 697 2308 747 et
2337 689 2409 748 in
2438 691 2683 761 Basan,
2718 697 2777 748 et
2807 690 2882 748 in
2914 689 3146 748 viculis
3173 687 3336 765 ejus,
3356 697 3416 747 et
3446 689 3520 748 in

394 787 925 863 ylathphalasar
950 809 1071 848 γεω
1099 789 1542 864 Assyriorum.
1569 788 1749 849 Hunc
1777 786 1923 848 Bee-
2030 787 2281 846 cunctis
2323 787 2710 846 suburbanis
2759 789 2995 857 Saron,
3036 807 3235 866 usque
3273 789 3362 847 ad
3407 796 3522 846 ter-

406 901 486 945 ra
506 883 736 946 Glossa
758 885 1191 948 interlinearis
1212 886 1495 948 insinuat
1514 905 1652 948 esse
1672 893 1917 967 patrem

402 981 575 1045 Osee
607 984 959 1066 propheta),
985 984 1097 1066 qui
1131 985 1196 1046 in
1228 985 1547 1067 principio
1579 985 1667 1047 ait
1698 983 1796 1045 sui
1819 1001 1922 1046 vo-

222 1106 235 1134 ·
324 1123 341 1133 .
408 1078 730 1144 luminis:
756 1082 1037 1145 Verbum
1068 1082 1321 1146 Domini
1351 1084 1520 1166 quod
1555 1081 1793 1146 factum
1824 1089 1920 1142 est

46 2473 367 2520 Det-Lxxxx.

48 2539 149 2578 1-2.

64 4153 347 4196 ‚Vn-„xxxa
354 4183 368 4200 ,

66 4221 145 4259 33.

402 1178 497 1240 ad
541 1178 703 1242 Osee
743 1179 955 1242 filium
994 1181 1193 1244 Beeri.
1228 1180 1507 1255 Qualiter
1551 1188 1760 1242 autem
1811 1197 1920 1241 rex

330 1325 344 1334 .
404 1276 729 1358 praefatus
749 1278 921 1360 cepit
941 1279 1185 1360 aliquas
1204 1278 1391 1342 urbes
1413 1278 1726 1356 Samariae,
1740 1296 1921 1358 quar-

412 1383 485 1438 to
516 1375 761 1456 Regum
791 1377 1085 1441 habetur.
1110 1381 1196 1440 Et
1218 1377 1409 1440 Beera
1432 1378 1561 1458 jam
1596 1375 1915 1458 paefatus,

404 1475 559 1550 fuit
580 1477 889 1553 princeps
920 1478 994 1536 in
1027 1478 1203 1536 tribu
1232 1479 1485 1546 Ruben,
1515 1475 1583 1537 id
1622 1483 1719 1538 est
1750 1493 1917 1536 unus

407 1570 498 1632 de
542 1571 1117 1652 principalioribus
1158 1571 1223 1633 in
1269 1571 1440 1634 tribu
1486 1571 1599 1633 illa
1639 1579 1783 1654 post
1824 1589 1919 1633 re-

405 1687 566 1750 gem
603 1687 619 1730 :
653 1669 877 1751 sicque
904 1669 1061 1734 Osee
1090 1679 1227 1733 erat
1268 1671 1633 1753 spectabilis
1661 1688 1914 1750 genere.

412 1770 686 1828 Fratres
735 1778 953 1830 autem
995 1771 1137 1847 ejus
1174 1779 1234 1830 et
1272 1772 1582 1830 universa
1625 1771 1917 1846 cognatio

402 1868 561 1944 ejus
598 1871 863 1946 quando
904 1871 1421 1930 numerabantur
1454 1889 1573 1946 per
1612 1868 1915 1946 familias
1954 1871 1999 1932 B
2028 1867 2188 1930 ratio
2218 1887 2366 1945 una,
2401 1869 2712 1950 quoniam
2746 1869 2856 1932 ille
2907 1867 3028 1930 fuit
3076 1876 3515 1950 contempora·
3557 1913 3800 1966 Ihm-„J-

402 1986 597 2036 suas,
616 1969 987 2028 habuerunt
1010 1969 1341 2046 principes
1356 1970 1563 2030 ,leniet
1590 1977 1651 2028 et
1671 1969 1917 2028 Zacha-

404 2065 614 2125 riam.
646 2068 859 2126 Porro
896 2068 1069 2126 Bala
1109 2069 1293 2143 filius
1323 2070 1530 2139 Azaz,
1563 2067 1699 2144 filii
1728 2069 1916 2126 Sam-

406 2183 555 2232 ma,
584 2165 720 2240 filii
746 2167 904 2236 Joel,
940 2166 1077 2243 ipse
1119 2166 1443 2226 habitavit
1481 2167 1555 2224 in
1586 2167 1816 2233 Aroer,
1848 2163 1913 2226 id

405 2269 513 2322 est
546 2260 686 2323 loco
718 2281 832 2324 seu
861 2262 1099 2344 oppido
1130 2263 1223 2325 sic
1254 2271 1477 2326 vocato
1509 2270 1683 2324 trans
1700 2261 1915 2325 Jorda-

406 2377 590 2436 nem,
622 2381 824 2440 usque
850 2365 941 2422 ad
962 2364 1159 2432 Nebo,
1190 2361 1255 2424 id
1281 2370 1378 2424 est
1407 2369 1689 2424 montem
1723 2361 1904 2422 illum

404 2476 493 2520 ex
550 2476 681 2538 quo
726 2458 965 2541 Moyses
1024 2459 1490 2542 contemplatus
1539 2467 1636 2522 est
1680 2468 1911 2522 terram

404 2557 887 2638 promissioniS,
920 2569 981 2620 et
1009 2562 1391 2630 Baalmeon,
1416 2559 1568 2640 quia
1600 2577 1801 2641 usque
1832 2559 1909 2620 ad

404 2655 557 2718 loca
600 2655 713 2718 illa
756 2665 1057 2720 montana
1088 2657 1425 2739 occupavit
1455 2665 1684 2719 terram
1717 2658 1913 2719 inter-

400 2753 732 2834 jacentem
788 2773 935 2817 cum
996 2753 1262 2817 familiis
1323 2763 1514 2837 atquc
1573 2755 1911 2837 pecoribus

400 2851 562 2914 suis.
584 2856 825 2914 Contra
841 2855 1223 2914 orientalem
1246 2873 1493 2933 quoque
1507 2858 1776 2932 playam
1800 2854 1907 2914 ha-

402 2953 647 3012 bitavit
672 2972 872 3032 usque
890 2955 979 3013 ad
999 2954 1347 3014 introitum
1366 2955 1566 3014 eremi
1582 2963 1643 3012 et
1665 2957 1910 3030 flumen

2032 885 2262 945 minos.
2295 889 2523 946 Omnes
2555 885 2628 942 ln·
2656 886 2987 944 numerati
3012 895 3166 946 sunt
3195 887 3268 945 in
3295 886 3522 944 diebus

2027 984 2309 1042 Joatlzan
2341 985 2509 1060 reqis
2536 985 2739 1052 Iuda,
2759 992 2819 1042 et
2850 984 2924 1042 in
2952 985 3176 1042 diebus
3191 985 3522 1044 Jeroboam

2028 1082 2198 1156 reyis
2230 1085 2458 1142 Israel.
2493 1080 2557 1144 Si
2607 1100 2722 1162 per
2757 1079 3089 1143 Jeroboam
3127 1081 3519 1160 intelligatur

2023 1176 2354 1240 Jeroboam
2379 1177 2558 1241 filius
2578 1178 2795 1255 Nabat‚
2809 1179 2919 1260 qui
2942 1188 3218 1261 tempore
3237 1179 3515 1242 Roboam

2029 1273 2153 1336 filii
2187 1275 2540 1340 Salomonis
2589 1277 2876 1357 regnavit
2906 1296 3098 1359 super
3145 1279 3364 1340 decem
3408 1276 3518 1337 tri-

2026 1373 2168 1450 buS,
2194 1372 2534 1438 dicendum
2567 1376 2709 1453 erit,
2729 1377 2900 1457 quod
2949 1376 3017 1436 hi
3047 1377 3126 1439 de
3153 1375 3387 1457 quibus
3424 1374 3516 1438 lo-

2026 1472 2248 1553 quitur
2292 1473 2524 1550 littera,
2556 1474 2654 1537 bis
2701 1474 3016 1537 numerati
3050 1473 3330 1550 suerunt,
3362 1472 3515 1556 quia

2022 1570 2354 1635 Jeroboam
2386 1572 2500 1636 ille
2526 1573 2634 1635 diu
2665 1581 2812 1635 ante
2838 1573 3104 1635 Joathan
3133 1573 3422 1654 regnavit
3452 1580 3515 1635 et

2026 1668 2203 1733 obiit.
2232 1669 2294 1732 Si
2325 1688 2477 1733 vero
2507 1690 2622 1753 per
2648 1670 2975 1734 Jeroboam
3012 1670 3403 1752 intelligatur
3435 1669 3514 1731 fi-

2028 1768 2151 1830 lius
2180 1769 2324 1832 Joas
2355 1779 2539 1832 natus
2569 1790 2646 1833 ex
2674 1771 2854 1848 Jehu‚
2891 1771 3101 1853 potuit
3129 1789 3268 1833 esse
3298 1788 3514 1833 nume-

2027 1985 2182 2028 neus
2230 1966 2494 2030 Joathan
2539 1967 2695 2048 regi.
2739 1967 3062 2029 Numerati
3110 1976 3259 2029 sunt
3302 1975 3512 2030 autem

2027 2063 2314 2128 fortassis
2345 2085 2420 2128 ex
2453 2066 2721 2147 imperio
2759 2065 2924 2145 regis
2967 2066 3086 2142 sui,
3122 2066 3223 2130 vel
3254 2067 3512 2148 quando

2028 2162 2281 2226 fuerant
2311 2163 2730 2243 congressuri.
2755 2163 2830 2225 Et
2859 2163 2912 2226 si
2947 2165 3303 2228 numeratio
3333 2165 3511 2228 venit

2025 2281 2100 2325 cx
2130 2261 2418 2336 elatione,
2439 2281 2554 2324 nec
2577 2263 2758 2343 juxta
2781 2261 2984 2342 legem
3009 2261 3370 2326 offerebant
3394 2262 3508 2344 qui

2026 2361 2546 2436 numerabantur,
2571 2360 2801 2424 vitiosa
2832 2359 2953 2422 fuit
2986 2361 3343 2424 numeratio
3374 2361 3506 2438 illa,

2022 2459 2170 2521 dato
2188 2460 2358 2540 quod
2381 2459 2445 2520 in
2469 2458 2765 2540 praesenti
2789 2477 2915 2520 non
2939 2459 2966 2520 s
2969 2459 3063 2521 uit
3083 2459 3323 2540 punita,
3343 2468 3415 2521 ut
3437 2478 3512 2522 ea

2022 2576 2167 2638 quae
2199 2557 2364 2620 facta
2392 2565 2506 2634 est,
2533 2557 2728 2619 David
2753 2556 3040 2639 jubente.
3064 2558 3312 2621 Electos
3333 2558 3511 2640 equi-

2021 2658 2166 2720 dem
2200 2658 2386 2740 punit
2413 2657 2718 2720 Dominus
2751 2657 2816 2718 in
2848 2657 3169 2740 praesenti,
3207 2659 3509 2740 reprobos

2021 2773 2172 2818 vero
2205 2762 2485 2817 reservat
2503 2753 2735 2816 futuris
2753 2754 3111 2836 suppliciiS,
3138 2773 3506 2836 quanquam

2021 2852 2212 2915 etiam
2245 2852 2311 2914 in
2344 2852 2640 2934 praesenti
2672 2852 3016 2933 aliquando
3047 2852 3415 2935 puniantur.

2101 2953 2268 3013 Filii
2295 2953 2522 3014 Haben
2569 2959 2628 3012 et
2673 2954 2816 3011 Gad
2858 2961 2918 3012 et
2959 2953 3260 3014 dimidiae
3307 2953 3511 3013 tribus

398 3051 822 3128 Euphraten.
859 3053 1149 3111 Multum
1178 3053 1420 3130 quippe
1449 3071 1795 3112 numerum
1800 3052 1913 3128 ju·
1944 3054 1989 3118 C
2022 3053 2352 3122 Manasse,·
2367 3050 2501 3109 viri
2531 3051 2884 3120 bellatores,
2902 3060 3084 3111 scuta
3101 3060 3431 3129 portantes
3450 3059 3509 3110 et

398 3158 777 3210 mentorum
796 3149 1207 3225 possidebant
1226 3150 1301 3210 in
1324 3159 1496 3210 terra
1524 3151 1799 3210 Galaad.
1825 3152 1908 3210 In
2010 3150 2293 3226 gladios,
2322 3160 2381 3210 et
2411 3151 2732 3209 tendentes
2760 3169 3008 3218 arcum,
3030 3151 3402 3230 eruditique
3422 3152 3511 3210 ad

396 3249 635 3308 diebus
684 3257 904 3308 autem
954 3251 1126 3309 Saul
1170 3251 1339 3325 regis
1369 3250 1579 3309 Israel
1618 3250 1912 3326 proeliati

398 3357 563 3406 sunt
592 3344 929 3408 Rubenitae
971 3355 1195 3408 contra
1225 3347 1582 3424 Ayarenos,
1612 3355 1793 3409 natos
1834 3366 1911 3409 ex

401 3445 577 3524 Agar
605 3443 886 3525 conjuge
914 3443 1204 3521 Abrahae,
1236 3455 1297 3505 et
1334 3447 1801 3521 interfecerunt
1832 3448 1911 3505 il-

400 3549 527 3614 los,
572 3544 1159 3623 habitaveruntque
1193 3562 1317 3621 pro
1358 3545 1451 3604 eis
1490 3546 1561 3604 in
1614 3546 1909 3605 taberna-

398 3643 579 3702 culis
605 3661 858 3713 eorum,
900 3643 975 3701 in
1016 3643 1197 3701 omni
1216 3646 1422 3718 playa
1459 3662 1602 3721 quae
1649 3644 1909 3720 respicit

398 3743 496 3802 ad
525 3743 843 3801 orientem
878 3741 1161 3801 Galaad.

484 3840 663 3900 Filii
696 3857 845 3898 vero
884 3839 1029 3898 Gad
1062 3859 1097 3897 e
1126 3839 1385 3915 reyione
1412 3859 1634 3900 eorum
1662 3841 1909 3902 liabita-

398 3947 671 4006 verunt,
700 3955 779 3998 ex
808 3935 1108 4017 opposito
1140 3935 1387 3999 scilicet
1418 3937 1605 3999 sortis
1636 3937 1909 4000 Rubeni-

401 4043 645 4110 tarum,
678 4037 753 4094 in
794 4045 966 4094 terra
1006 4037 1251 4107 Basan,
1293 4053 1488 4115 quam
1532 4035 1772 4118 Moyses
1814 4037 1907 4099 eis

402 4131 769 4208 distribuit,
812 4139 1001 4214 prout
1038 4131 1105 4194 in
1146 4131 1313 4195 libro
1350 4132 1771 4196 Numerorum
1814 4154 1909 4198 re-

2016 3250 2270 3325 proelia,
2318 3248 2764 3327 quadrayinta
2814 3257 3100 3328 quatuor
3155 3249 3402 3319 millia,
3450 3257 3510 3308 et

2016 3347 2404 3423 septinyenti
2432 3346 2803 3422 seoeayinta‚
2827 3349 3234 3422 procedentes
3279 3349 3368 3406 ad
3387 3365 3514 3424 pu-

2012 3463 2237 3520 ynam,
2260 3444 2743 3504 dimicaverunt
2769 3453 2995 3504 contra
3022 3445 3372 3522 Ayarenos.
3397 3443 3509 3507 Hic

2021 3541 2344 3616 recitatur,
2381 3540 2657 3622 qualiter
2687 3539 2813 3602 filii
2844 3541 3030 3604 Israel
3075 3561 3154 3605 ex
3182 3541 3404 3606 Ruben
3449 3551 3514 3606 et

2017 3638 2147 3701 Gad
2178 3659 2251 3702 ac
2280 3639 2560 3702 Manasse
2605 3639 2945 3722 progeniti,
2977 3648 3041 3703 et
3085 3649 3259 3703 trans
3297 3641 3514 3705 Jorda-

2022 3757 2166 3800 nem
2211 3738 2604 3814 commorati,
2639 3737 3120 3801 debellaverunt
3157 3740 3505 3818 AgarenOS,

2020 3846 2084 3899 et
2124 3836 2352 3898 miram
2396 3855 2471 3898 ac
2518 3853 2810 3915 magnam
2859 3836 3275 3899 obtinuerunt
3315 3838 3513 3901 victo-

2025 3936 2180 3998 riam
2211 3954 2283 3997 ac
2320 3935 2658 3997 maximam
2699 3936 2997 4016 pandam,
3033 3935 3337 4016 quoniam
3385 3955 3514 4000 cre-

2021 4033 2321 4097 diderunt
2363 4033 2428 4094 in
2470 4031 2828 4108 Dominum,
2869 4040 2933 4094 et
2971 4049 3116 4094 eum
3158 4033 3504 4114 praeliando

2021 4133 2501 4196 invocaverunt.
2554 4132 2787 4192 Ituroei
2833 4151 2978 4191 vero
3025 4141 3084 4192 et
3125 4135 3405 4210 Naplza’i
3445 4143 3506 4194 et

403 4231 641 4308 fertur,
680 4251 883 4310 usque
912 4233 983 4291 in
1015 4233 1449 4293 SelchasJoet
1475 4235 1547 4293 in
1578 4236 1813 4310 capite,
1845 4235 1909 4298 id
1942 4237 1991 4299 D
2022 4236 2277 4303 Nadab,
2308 4232 2371 4294 id
2417 4239 2512 4294 est
2540 4230 2662 4295 viri
2693 4229 2825 4292 nati
2870 4248 2946 4292 ex
2987 4228 3146 4292 filiis
3190 4230 3501 4309 IsmaeliS,

400 4337 505 4394 est
546 4329 947 4411 capitaneuS,
982 4329 1081 4393 vel
1114 4329 1181 4390 in
1215 4330 1530 4411 superiori
1564 4340 1741 4412 parte
1786 4333 1910 4396 loci

403 4428 611 4506 illius,
644 4438 707 4488 et
726 4431 1001 4505 Saphan
1029 4432 1346 4489 secundus
1377 4438 1520 4512 post
1549 4429 1732 4492 illum
1757 4454 1772 4506 3
1802 4435 1913 4494 Ja-

401 4529 530 4589 nai
558 4537 783 4588 autem
810 4536 871 4586 et
900 4529 1153 4603 Saphat
1175 4529 1246 4587 in
1267 4530 1510 4588 Basan.
1542 4531 1799 4590 Fratres
1822 4553 1911 4591 ve-

402 4648 479 4687 ro
529 4647 758 4686 eorum
796 4628 1151 4686 secandum
1191 4627 1408 4686 domos
1456 4629 1911 4704 coqnationum

400 4745 687 4786 suarum
715 4745 741 4784 .·
773 4723 1083 4793 ΜίοῘιαεί,
1126 4733 1185 4783 et
1230 4727 1595 4795 Mosollam,
1625 4735 1685 4786 et
1732 4729 1909 4798 Sebe,

398 4831 469 4884 et
500 4823 722 4891 lomi,
763 4829 825 4881 et
858 4823 1139 4892 lachan,
1171 4831 1231 4880 et
1274 4823 1414 4891 Zie,
1452 4831 1511 4882 et
1552 4825 1784 4894 Heber,
1824 4844 1911 4883 se-

392 4931 603 5000 ptem.
660 4922 757 4981 Hi
808 4921 949 4996 filii
994 4919 1291 4990 Abihail,
1340 4921 1475 4998 filii
1524 4922 1728 4991 Huri,
1775 4925 1911 5000 filii

394 5023 595 5091 lara,
625 5019 765 5095 filii
810 5019 1093 5086 Galaad,
1121 5019 1258 5094 filii
1292 5019 1599 5090 Michael,
1632 5022 1769 5096 filii
1811 5022 1911 5081 Je-

398 5119 555 5190 sesi,
586 5117 726 5194 filii
752 5117 979 5186 Jeddo,
1011 5115 1147 5192 filii
1175 5119 1345 5178 Buz.
1369 5119 1632 5177 Fratres
1662 5139 1911 5198 quoque

396 5217 543 5294 filii
572 5216 834 5285 Abdiet,
876 5215 1011 5290 filii
1058 5215 1257 5286 Guni,
1303 5217 1637 5292 principes
1682 5219 1911 5278 domus

398 5316 475 5374 in
516 5313 813 5390 familiis
854 5314 1018 5373 suis.
1050 5314 1139 5373 Et
1173 5313 1635 5374 habitaverunt
1678 5316 1751 5374 in
1788 5317 1911 5376 Ga-

660 5443 727 5492 T.
762 5443 811 5494 4.

2012 4334 2435 4409 praebuerunt
2463 4333 2556 4390 eis
2585 4331 2939 4400 auxilium,
2982 4327 3047 4391 id
3097 4337 3212 4406 est,
3251 4330 3508 4410 adjuve-

2023 4436 2173 4491 runt
2201 4447 2331 4505 coS,
2353 4427 2652 4491 videlicet
2679 4428 3022 4506 AgareuOS,
3059 4435 3364 4509 tanquam
3401 4447 3507 4491 co-

2018 4535 2243 4608 gnatos
2283 4543 2431 4588 suos
2473 4543 2487 4586 ε
2531 4524 2849 4606 siquidem
2887 4525 2955 4587 in
2992 4524 3220 4589 Genesi
3263 4527 3392 4589 Itur
3442 4535 3506 4589 et

2020 4625 2256 4707 Naphis
2294 4611 2459 4687 inter
2486 4623 2766 4686 Ismaelis
2809 4623 2982 4687 filios
3016 4631 3501 4706 computantur3

2020 4733 2082 4786 et
2118 4722 2201 4785 ab
2239 4722 2351 4786 illo
2396 4722 2523 4784 Itur
2560 4722 2714 4785 dicti
2758 4730 2908 4786 sunt
2954 4721 3182 4800 lturaei,
3225 4731 3418 4805 atque
3469 4744 3506 4786 a

2018 4821 2256 4904 Naphis
2285 4820 2564 4902 Naphaei.
2587 4820 2767 4884 Circa
2796 4821 2916 4885 hoc
2937 4821 3160 4884 scribit
3180 4821 3379 4903 Lyra:
3411 4822 3508 4884 Di-

2018 4928 2174 4983 cunt
2202 4919 2462 5000 quidam
2503 4919 2892 5001 expositores
2932 4919 3154 4996 nostri,
3191 4919 3363 5001 quod
3397 4917 3504 4980 isti

2019 5016 2268 5101 praefati
2300 5016 2562 5082 suerunt
2590 5017 2668 5080 de
2699 5016 2859 5079 siliis
2889 5017 3100 5094 Israel,
3125 5024 3188 5081 et
3219 5017 3362 5080 ideo
3394 5035 3505 5080 eos

2016 5117 2342 5198 juverunt.
2397 5115 2638 5180 Hebraei
2697 5123 2909 5178 autem
2965 5114 3192 5177 melius
3249 5115 3502 5192 dicunt,

2016 5216 2190 5297 quod
2223 5213 2482 5278 fuerunt
2511 5215 2590 5276 de
2619 5215 2783 5294 Agar
2821 5233 2934 5295 per
2962 5213 3311 5275 ismaelem.
3345 5212 3508 5287 Quo-

2019 5315 2190 5378 circa
2218 5313 2384 5390 dicO‚
2407 5314 2578 5394 quod
2601 5331 2716 5376 nec
2739 5312 3171 5394 llieronymuS,
3198 5331 3314 5375 nec
3332 5311 3507 5374 Glos-

3225 5445 3257 5494 9

3557 1295 3611 1339 ΙΙΙ
3623 1297 3728 1352 Rey.
3737 1311 3805 1351 ιιι,

3542 1359 3610 1402 ΞΟ.

3541 1786 3591 1829 lv
3606 1787 3699 1842 Rea
3704 1802 3803 1840 ‚‚‚‚‚

3544 1852 3607 1892 16.

3550 2279 3803 2333 Etodxxx,

3539 2345 3678 2386 11-12.

3541 2574 3575 2618 ll
3585 2576 3804 2631 Reonnuv,

3575 4546 3668 4590 Gen
3671 4559 3799 4596 xxxxx

3536 4611 3602 4652 15.
