4309 6259
857 492 975 555 392

1711 508 2058 555 ENARRATIO
2099 508 2162 553 m
2206 507 2341 553 cAP.
2378 507 2439 552 v1
2478 506 2605 553 JOB.
2650 524 2733 537 -·—
2771 507 2914 553 ΛΒΤ.
2960 507 3088 554 xvu

593 704 739 755 1021..
765 706 828 746 ιε.
860 681 970 742 lud
999 680 1190 743 Joelis
1216 699 1229 741 :
1255 679 1613 759 Mugierunt
1633 696 1855 758 greges
1883 676 2177 753 armenti,
2197 676 2350 757 quia
2378 675 2429 736 A
2461 694 2547 751 re,
2596 676 2839 739 scilicet
2885 676 3050 739 Deus
3089 696 3201 758 per
3240 676 3449 753 Satan,
3482 680 3615 755 ipse
3654 678 3817 741 Deus
3846 698 3945 738 me

576 3164 840 3215 Provsxvu,

587 4934 681 4978 Art.
691 4947 747 4985 ιι,
759 4935 836 4977 eir-

568 5010 618 5039 ca
635 4997 778 5041 tinem.

861 798 988 843 non
1018 788 1114 842 est
1144 798 1378 861 pascua
1407 778 1521 841 eiS.

941 878 1180 941 Deinde
1201 878 1368 940 idem
1391 877 1458 939 in
1480 875 1775 939 rationali
1797 882 2024 937 natura
2043 874 2344 937 declarat.

863 982 998 1040 Aut
1019 980 1258 1055 poterit
1287 979 1532 1037 comedi
1562 979 1881 1036 insulsum
1913 978 2083 1055 quod
2111 994 2242 1034 non
2260 983 2350 1034 est

859 1081 991 1137 sale
1009 1078 1342 1135 condicum
1359 1078 1388 1135 ?
1410 1075 1474 1137 id
1494 1083 1610 1151 est,
1632 1073 1846 1136 nullus
1878 1073 2152 1135 libenter
2182 1090 2352 1133 man-

862 1175 1052 1237 ducat
1079 1192 1286 1237 escam
1311 1172 1676 1254 insipidam,
1702 1190 1818 1235 nec
1849 1171 1980 1233 sale
2002 1178 2351 1252 temperate

863 1272 1264 1355 permixtam,
1298 1271 1423 1333 nisi
1457 1269 1619 1333 sorte
1658 1270 2035 1333 necessitate
2063 1278 2346 1349 cogatur,

861 1379 972 1432 aut
1001 1378 1367 1451 corruptum
1411 1369 1639 1432 habeat
1680 1376 1960 1448 gustum.
1990 1368 2106 1431 Job
2134 1376 2347 1430 autem

866 1468 1148 1549 loquitur
1177 1468 1526 1529 secundum
1556 1485 1958 1530 communem
1991 1485 2248 1529 cursum
2276 1485 2350 1529 ac

865 1567 1216 1628 naturalem
1257 1584 1646 1647 processum.
1691 1565 1842 1627 Nam
1888 1573 1950 1626 et
1995 1563 2346 1644 subjungit,

861 1674 979 1725 aut
1003 1673 1266 1741 „qu-stare
1291 1665 1535 1741 aliquis
1555 1673 1785 1739 potest,
1807 1666 1976 1741 quod
1988 1672 2351 1739 ,qus-tatum,

863 1768 1050 1840 affert
1091 1771 1350 1822 mortem
1374 1763 1403 1821 ἒ
1452 1760 1514 1823 id
1563 1769 1678 1835 est,
1732 1760 1947 1822 nullus
1999 1759 2349 1821 secundum

2456 784 2741 835 conterat
2770 794 2884 856 per
2914 784 3205 851 mortem,
3228 780 3431 836 solvat
3454 797 3719 837 manum
3738 797 3942 845 suam,

2460 871 2523 934 id
2555 880 2671 949 est,
2709 881 3081 954 potestatem
3116 892 3291 935 suam
3325 874 3525 954 magis
3554 874 3621 935 in
3651 893 3815 956 opus
3842 894 3946 936 ex-

2461 971 2677 1033 tendat
2712 988 2725 1034 :
2760 990 2903 1051 quae
2951 991 3177 1034 manus
3214 972 3398 1053 quasi
3438 972 3629 1054 ligata
3666 972 3942 1048 videtur,

2459 1069 2611 1131 dum
2662 1069 2909 1151 operari
2968 1070 3212 1151 aliquid
3268 1079 3494 1133 cessat.
3542 1072 3717 1133 Tunc
3771 1071 3947 1133 enim

2461 1174 2772 1246 quantum
2802 1168 2879 1228 ad
2911 1168 3214 1249 aliquem,
3249 1167 3455 1231 fertur
3482 1168 3694 1249 ligata,
3726 1188 3951 1250 quam-

2458 1265 2556 1327 vis
2585 1265 3048 1329 incessabiliter
3075 1276 3392 1349 operetur.
3412 1271 3497 1329 Ec
3514 1270 3801 1328 succedat
3832 1290 3945 1337 me,

2462 1364 2525 1425 id
2555 1372 2672 1440 est,
2707 1364 2785 1426 de
2829 1364 2961 1427 vita
2996 1364 3113 1426 hac
3154 1365 3353 1428 tollat.
3386 1369 3467 1427 Ec
3506 1368 3639 1427 haec
3668 1368 3837 1426 milei
3860 1369 3951 1426 sit

2458 1464 2825 1534 consolatiO,
2852 1473 2923 1523 ut
2952 1466 3240 1540 affliyens
3272 1485 3369 1523 me
3386 1466 3629 1534 dolore,
3648 1484 3777 1525 non
3800 1484 3955 1541 par-

2459 1570 2587 1628 cat,
2621 1559 2682 1622 id
2715 1568 2833 1637 est,
2857 1559 3150 1640 affligere
3182 1580 3307 1623 non
3337 1560 3602 1623 desistat
3630 1562 3833 1625 donec
3856 1561 3954 1623 in-

2464 1664 2720 1735 teream,
2746 1659 2965 1739 sicque
2986 1660 3063 1721 de
3086 1659 3540 1723 invalescentia
3566 1678 3772 1741 poenae
3800 1679 3957 1723 eon·-

2462 1756 2651 1832 soler,
2672 1757 2736 1819 in
2763 1766 3073 1838 quantum
3104 1767 3200 1820 est
3229 1758 3601 1821 acceleratio
3632 1759 3861 1821 mortis
3890 1766 3957 1822 et

865 1860 1217 1921 naturalem
1246 1858 1752 1939 sensitivumque
1781 1858 2132 1940 appetitum
2165 1858 2352 1919 edere
2388 1856 2434 1917 B
2461 1855 2853 1919 abbreviatio
2883 1858 3029 1919 vitae
3060 1857 3339 1919 odibilis.
3382 1858 3591 1933 Porro,
3626 1858 3801 1939 quod
3832 1858 3955 1922 ista

866 1958 1004 2020 vult
1052 1956 1266 2020 cibum
1321 1955 1745 2019 mortiferum.
1797 1956 1974 2018 Unde
2021 1955 2346 2036 probatur,

864 2057 1036 2137 quod
1068 2055 1374 2118 naturalis
1414 2054 1734 2137 appetitus
1774 2054 2054 2117 hominis
2087 2054 2355 2115 adversa

864 2164 1055 2235 atque
1104 2153 1380 2235 poenalia
1426 2154 1810 2227 detestatur3
1864 2153 1975 2215 scd
2017 2150 2350 2215 detestatio

865 2253 999 2317 haec
1030 2271 1142 2336 per
1165 2252 1472 2315 rationem
1495 2252 1774 2315 virtuose
1792 2251 2177 2315 moderatur.
2193 2252 2355 2312 Ani-

865 2374 986 2415 φησι»
1012 2356 1188 2413 enim
1215 2354 1548 2423 esurienti,
1573 2351 1635 2412 id
1667 2360 1762 2413 est
1793 2350 2036 2412 homini
2059 2367 2353 2429 magnam

867 2449 1100 2512 famem
1125 2449 1392 2531 patienti
1419 2467 1432 2511 :
1458 2448 1638 2531 ponit
1669 2467 1942 2529 namque
1972 2456 2214 2530 partem
2240 2466 2354 2529 pro

865 2556 1038 2623 tot03
1071 2551 1268 2609 etiam
1315 2568 1546 2608 amara
1593 2548 1816 2607 dulcia
1863 2549 2196 2615 videntur,
2226 2564 2355 2627 prae

866 2646 1167 2709 aviditate
1217 2652 1280 2708 et
1329 2643 1679 2724 indigentia
1725 2643 2033 2720 alimenti,
2089 2652 2151 2707 et
2199 2662 2355 2724 quo-

868 2747 1040 2808 niam
1083 2744 1231 2806 talia
1279 2762 1532 2825 poenam
1585 2741 1771 2804 samis
1821 2742 2185 2824 aliqualiter
2239 2741 2357 2803 mi-

868 2852 1097 2907 nuunt.
1130 2843 1218 2903 Ex
1248 2859 1377 2923 quo
1417 2841 1606 2903 etiam
1650 2841 2010 2913 innotescit,
2044 2850 2355 2922 quantum

868 2942 1189 3024 appetitus
1222 2940 1528 3002 naturalis
1561 2960 1637 3002 ex
1666 2939 1952 3002 absentia
1987 2940 2219 3021 objecti
2251 2941 2357 3001 dc-

2464 1972 2591 2016 non
2637 1973 2711 2017 ex
2754 1955 3153 2036 impatientia
3208 1964 3364 2031 oret,
3412 1955 3637 2037 pandit
3682 1956 3959 2037 subjun-

2460 2070 2639 2131 gens,
2676 2074 2792 2113 nee
2815 2055 3255 2115 contradicam
3282 2057 3676 2115 sermonibus
3694 2058 3956 2126 Sancti,

2464 2150 2529 2213 id
2560 2160 2656 2214 est
2684 2151 2895 2213 verbis
2918 2152 3024 2214 Dei
3056 2171 3167 2234 per
3198 2152 3537 2215 essentiam
3568 2152 3795 2230 sancti,
3818 2153 3959 2234 qui·

2464 2250 2583 2313 bus
2615 2250 2968 2313 licentiavit
3000 2270 3100 2313 me
3134 2251 3343 2313 taliter
3378 2249 3957 2332 flagellari‚contra

2466 2370 2609 2413 eum
2653 2350 3133 2426 murmurandO,
3172 2358 3282 2412 aut
3327 2369 3441 2432 per
3488 2350 3957 2433 impatientiam

2464 2449 2819 2511 corruendo
2852 2466 2865 2509 ε
2902 2448 3021 2510 hoc
3042 2457 3158 2524 est,
3182 2466 3295 2511 oro
3326 2458 3395 2510 ut
3422 2449 3606 2510 detur
3626 2448 3787 2511 mihi
3818 2468 3961 2530 gra-

2466 2547 2553 2609 tia
2583 2566 2711 2610 non
2732 2546 3207 2609 contradicendi
3229 2547 3353 2609 Deo
3383 2546 3448 2608 in
3471 2547 3787 2610 universis
3808 2566 3961 2628 quae

2467 2645 2714 2727 patior3
2744 2653 2939 2725 atque
2968 2645 3206 2708 idcirco
3234 2654 3503 2708 mortem
3532 2644 3847 2725 efflagito,
3875 2664 3961 2707 ne

2469 2744 2633 2807 sorte
2665 2744 2730 2805 in
2764 2744 3089 2807 doloribus
3118 2744 3227 2806 diu
3270 2744 3519 2821 vivenS,
3554 2745 3807 2807 tandem
3840 2762 3963 2826 per

2467 2842 2931 2925 impatientiam
2961 2841 3201 2905 vincar.

2552 2944 2703 3009 Quae
2743 2952 2833 3001 est
2872 2943 3051 3001 enim
3089 2943 3408 3018 fortitudo
3448 2962 3616 3010 mea,
3654 2952 3727 3002 ut
3770 2944 3963 3003 susti-

871 3039 1187 3103 lectabilis
1226 3039 1456 3102 doleat.
1497 3038 1653 3101 Hinc
1693 3038 1760 3100 in
1799 3038 2157 3101 Proverbiis
2203 3039 2358 3101 scri·
2385 3037 2428 3100 C
2466 3061 2653 3101 neam
2676 3045 2705 3101 ?
2736 3040 2799 3101 id
2838 3048 2956 3116 est,
2992 3058 3103 3121 per
3135 3040 3486 3103 naturalem
3520 3049 3583 3102 et
3627 3039 3959 3122 propriam

870 3140 1045 3202 bitur
1093 3157 1107 3200 ε
1157 3138 1381 3201 Anima
1437 3146 1714 3200 saturata
1765 3136 2035 3200 calcabit
2093 3138 2353 3217 favum3

867 3237 1084 3299 anima
1126 3236 1414 3300 esuriens
1453 3236 1643 3298 etiam
1691 3255 1973 3298 amarum
2025 3254 2138 3317 pro
2184 3236 2356 3298 dulci

869 3344 1097 3399 sumet.
1130 3334 1305 3409 Quod
1343 3342 1556 3397 autem
1589 3343 1714 3396 tam
1749 3334 1972 3415 ingens
2014 3334 2210 3396 fuerit
2244 3354 2358 3396 sua

865 3434 1164 3509 afflictio,
1225 3433 1517 3495 subditur
1569 3451 1583 3494 t
1648 3436 1800 3502 Quoe
1848 3436 2041 3511 prius
2100 3445 2357 3509 tanqere

867 3534 1118 3593 nolebat
1163 3533 1392 3591 anima
1446 3552 1613 3599 mea,
1664 3530 1726 3591 id
1784 3537 1878 3593 est
1937 3548 2049 3612 per
2098 3538 2353 3609 gustum

867 3630 1257 3711 contingere,
1312 3629 1421 3695 sed
1471 3629 1657 3710 quasi
1707 3629 1950 3690 insulsa
1995 3628 2350 3705 abhorruit,

867 3749 1042 3789 nunc
1063 3748 1204 3805 pra’
1235 3728 1563 3803 angustia,
1600 3725 1662 3786 id
1695 3734 1790 3787 est
1831 3744 2126 3806 pressura
2158 3726 2357 3788 tribu-

866 3826 1123 3890 lationis
1161 3834 1353 3906 atque
1390 3824 1623 3907 inopiae
1663 3843 1840 3901 meae,
1879 3827 2008 3885 cibi
2041 3827 2169 3884 mei
2202 3836 2356 3885 sant

865 3925 1024 3988 mihi
1073 3924 1339 4006 accepti,
1392 3923 1928 4003 quemadmodum
1975 3922 2203 3985 divites
2250 3924 2356 3986 de-

866 4024 1197 4107 pauperati
1234 4023 1452 4098 edunt‚
1495 4041 1637 4103 quae
1682 4030 1966 4103 tempore
2010 4022 2355 4104 opulentiae

867 4122 1316 4186 abhorrebant.

2466 3138 2663 3201 animi
2698 3137 3135 3201 fortitudinem
3158 3138 3281 3199 ista
3300 3137 3407 3199 diu
3442 3136 3605 3200 serre
3629 3156 3755 3201 non
3784 3148 3964 3220 pote—

2468 3256 2559 3314 r0,
2594 3237 2838 3299 scilicet
2868 3244 3055 3317 prout
3087 3236 3394 3299 fortitudo
3418 3244 3516 3299 est
3544 3236 3747 3299 virtus
3776 3246 3964 3299 natu-

2466 3336 2617 3397 ralis
2649 3342 2711 3398 et
2738 3334 3071 3416 acquisita,
3108 3354 3220 3417 per
3252 3335 3519 3415 gratiam
3552 3354 3679 3398 non
3708 3336 3957 3415 adjuta.

2466 3434 2578 3497 Vel
2611 3433 2767 3497 dicit
2796 3434 2915 3496 hoc
2944 3434 3023 3496 de
3069 3432 3464 3509 fortitudine,
3499 3442 3568 3495 ut
3612 3442 3707 3495 est
3747 3433 3965 3497 virtus

2468 3531 2681 3594 infusa
2716 3552 2828 3594 seu
2866 3533 3129 3609 donum,
3166 3550 3307 3613 quae
3344 3540 3520 3594 tanta
3554 3550 3680 3595 non
3721 3531 3843 3593 suit
3887 3534 3959 3594 in

2464 3650 2561 3708 eo,
2604 3631 2762 3712 quin
2814 3639 3059 3713 poterat
3108 3630 3415 3714 superari,
3462 3630 3765 3712 quoniam
3816 3632 3963 3713 ipse

2466 3730 2750 3792 nondum
2800 3728 3220 3793 confirmatus
3273 3727 3396 3790 suit
3444 3730 3510 3791 in
3558 3729 3726 3792 bono
3760 3730 3963 3793 :ideo

2465 3836 2649 3890 caute
2678 3827 2931 3909 expavit
2959 3828 3336 3907 periculum,
3372 3846 3502 3890 non
3535 3827 3965 3909 pusillanimi-

2466 3934 2561 3987 ter
2588 3925 2947 4006 desperavit
2980 3924 3083 3987 Dei
3124 3924 3505 3987 subsidium.
3538 3930 3673 3986 Aut
3702 3929 3851 4006 quis
3877 3932 3965 4004 fi-

2464 4026 2569 4084 nis
2617 4045 2817 4093 meua,
2857 4023 2920 4085 id
2966 4032 3061 4085 est
3108 4023 3417 4086 terminus
3464 4024 3961 4087 tribulationum

2466 4122 2751 4198 istarum,
2787 4131 2858 4182 ut
2892 4125 3216 4199 pacienter
3256 4127 3499 4199 aqam?
3540 4122 3605 4184 id
3650 4132 3767 4198 est,
3798 4124 3965 4203 quia

945 4222 1254 4302 Deinceps
1303 4219 1583 4283 ostendit
1628 4238 1695 4280 se
1741 4227 2012 4281 mortem
2055 4228 2354 4301 appetere
2384 4221 2433 4282 D
2464 4229 2717 4303 tempus
2760 4220 2984 4283 mortis
3027 4239 3182 4283 meae
3222 4220 3463 4300 ignoro,
3498 4240 3636 4283 eam
3675 4222 3801 4284 cito
3844 4242 3965 4285 ve-

866 4328 1124 4403 propter
1153 4317 1592 4379 rationabilem
1633 4336 1911 4393 causam,
1947 4316 2246 4380 videlicet
2275 4337 2355 4381 ne

863 4416 1264 4482 adversitatis
1325 4415 1762 4495 magnitudine
1819 4416 2225 4496 perdurante,
2272 4417 2353 4479 ad

865 4514 1331 4600 impatientiam
1366 4521 1527 4589 ruat,
1562 4521 1625 4576 et
1654 4520 1722 4575 ut
1749 4514 1828 4575 ad
1857 4514 2053 4577 vitam
2085 4515 2355 4595 quietio-

866 4634 999 4678 rem
1023 4614 1404 4696 perducatur
1433 4612 1498 4673 in
1522 4611 1721 4674 limbo
1742 4620 2014 4694 patrum.
2031 4612 2353 4686 Quomodo

861 4722 1076 4778 autem
1098 4712 1242 4794 quis
1270 4719 1535 4775 mortem
1569 4720 1827 4794 propter
1858 4712 2188 4793 praesentis
2209 4712 2356 4775 vitae

865 4813 1155 4877 miserias
1188 4809 1650 4874 rationabiliter
1680 4818 1870 4891 queat
1915 4819 2234 4892 appetere,
2269 4812 2357 4873 di-

864 4922 1036 4978 ctum
1095 4918 1192 4973 est
1250 4910 1316 4971 in
1363 4907 1790 4972 elucidatione
1839 4908 2008 4970 tertii
2060 4910 2348 4991 capituli.

865 5016 1020 5084 Quis
1055 5012 1220 5072 mihi
1247 5014 1373 5080 dec,
1407 5008 1472 5071 id
1501 5017 1619 5084 est,
1655 5007 1899 5069 utinam
1942 5008 2101 5069 mihi
2141 5009 2348 5086 detur,

861 5119 933 5169 ut
963 5112 1181 5169 veniat
1219 5110 1444 5185 petitio
1486 5128 1651 5175 mea,
1679 5106 1740 5167 id
1789 5114 1905 5181 est,
1941 5124 2133 5187 opere
2183 5126 2353 5169 com-

859 5208 1138 5289 pleatur,
1188 5217 1248 5267 et
1303 5209 1474 5284 quod
1518 5215 1839 5283 ems-pecte,
1891 5207 2136 5266 tribuat
2183 5208 2353 5269 milei

858 5310 1028 5367 Deus
1049 5308 1078 5365 ἒ
1105 5315 1180 5376 et,
1207 5321 1324 5386 pro
1354 5303 1418 5364 id
1441 5311 1556 5377 est,
1577 5305 1696 5381 qui
1721 5305 1908 5378 coepit
1938 5322 2040 5365 me
2069 5310 2350 5366 contere-

2464 4320 2603 4381 nire
2636 4319 2947 4381 desidero.
2981 4318 3098 4392 Qui
3129 4319 3300 4381 enim
3333 4318 3398 4380 in
3430 4319 3963 4383 tribulationibus

2465 4424 2634 4493 sunt,
2666 4436 2744 4479 ex
2781 4417 2902 4479 hoc
2942 4416 3271 4498 potissime
3314 4417 3743 4493 consolantur,
3776 4420 3961 4499 quod

2464 4523 2699 4578 norunt
2728 4516 3145 4578 determinate
3166 4517 3420 4596 quando
3452 4515 3581 4578 sint
3610 4516 3956 4593 liberandi,

2464 4622 2524 4677 et
2558 4624 2707 4677 tunc
2738 4614 2973 4676 intuitu
3006 4614 3159 4676 sinis
3199 4614 3372 4676 illius
3403 4614 3718 4696 patienter
3744 4634 3811 4677 se
3842 4614 3963 4678 ha-

2463 4712 2635 4775 bent.
2688 4713 2802 4775 Job
2852 4732 3001 4775 vero
3044 4712 3241 4775 finem
3294 4713 3487 4775 istum
3535 4713 3960 4777 determinate

2462 4830 2590 4873 non
2623 4811 3075 4894 praenoscebat.
3118 4811 3262 4875 Ideo
3304 4831 3384 4875 ne
3424 4812 3610 4875 taedio
3652 4812 3961 4876 obruere-

2464 4918 2565 4971 tur
2612 4909 2917 4991 patientia
2963 4910 3124 4989 eJuS,
3158 4918 3424 4973 mortem
3474 4910 3757 4992 expetiit.
3790 4908 3959 4974 Hinc

2461 5008 2652 5070 etiam
2682 5015 2875 5088 patet,
2896 5006 3171 5069 firmiter
3190 5008 3430 5070 dictum
3462 5027 3589 5072 non
3610 5028 3748 5071 esse
3776 5010 3959 5088 quod

2461 5106 2719 5186 quidam
2751 5105 2855 5167 hic
2886 5105 3129 5181 scribit,
3164 5106 3434 5169 dicendo
3474 5108 3643 5187 quod
3681 5105 3955 5171 verbum

2461 5204 2652 5279 istud,
2696 5203 2962 5279 scilicet,
3009 5204 3132 5267 Aut
3179 5205 3325 5285 quis
3374 5203 3530 5267 finis
3576 5224 3779 5282 meuS,
3827 5204 3957 5269 Job

2458 5320 2755 5383 expresse
2784 5301 2953 5365 dicat
2982 5310 3203 5365 contra
3232 5321 3509 5366 errorem
3540 5301 3821 5384 Eliphaz‚
3840 5322 3955 5365 ne-
