4309 6259
580 2283 718 2326 Num.
735 2297 821 2334 vm,

556 2348 623 2398 25,
650 2348 720 2389 2⁶.

848 503 966 567 168

1235 521 1577 567 ssNARRA'rlo
1620 522 1681 567 IN
1725 523 1860 568 GAP.
1906 521 2061 568 xxm
2104 522 2262 566 LIBRI
2305 521 2472 567 Pium
2513 521 3045 568 PARALIPOMENON.
3089 541 3170 552 --
3210 522 3350 568 An‘r.
3397 522 3550 569 xxm

848 692 1058 756 idonei
1090 694 1166 755 ad
1188 693 1571 775 explendum
1604 701 1833 755 cuncta
1860 691 2071 756 officii
2102 692 2202 754 sui
2222 692 2334 754 ob—
2360 691 2410 751 A
2443 699 2713 769 utenteS‚
2750 693 2915 754 sicut
2945 701 3006 755 et
3035 693 3234 757 David
3265 711 3374 756 ore
3413 692 3688 775 psalmos
3713 699 3932 756 canta-

846 787 1344 873 sequia.'Aliqua
1374 799 1585 854 tamen
1618 800 1910 872 poterant
1936 809 2232 854 exercere
2252 789 2332 852 ab
2442 790 2556 866 vit,
2591 799 2656 854 et
2684 791 2902 872 digitis
2935 792 3086 854 lusit
3127 793 3193 854 in
3223 792 3484 854 cithara.

845 909 1013 952 anno
1044 889 1371 966 vicesimo,
1408 890 1551 953 ideo
1582 891 1699 952 hac
1731 889 1869 954 vice
1898 889 1979 952 ab
2011 889 2123 953 illa
2152 897 2334 952 aetate

846 997 995 1050 sunt
1023 989 1339 1051 numerati
1371 1008 1484 1070 per
1515 989 1871 1052 sacerdotes
1890 989 1970 1050 ad
1993 988 2112 1051 hoc
2140 988 2337 1069 depu-

847 1094 1009 1149 tatos
1040 1095 1149 1148 aut
1179 1105 1291 1168 per
1322 1087 1645 1169 principes
1676 1086 2338 1148 Levitarum.Praeter-

848 1204 923 1248 ea
971 1185 1278 1267 quaeritur
1322 1186 1491 1248 circa
1531 1185 1712 1262 illud,
1762 1194 1825 1248 et
1870 1204 2083 1268 supra,
2131 1202 2336 1265 usque

847 1284 926 1345 ad
957 1303 1151 1365 quam
1173 1292 1419 1346 aetatem
1451 1283 1765 1346 numerati
1792 1283 2053 1346 fuerunt
2084 1282 2331 1346 Levitae.

2524 894 2608 952 Et
2637 892 3000 961 distribuit,
3033 891 3098 953 id
3123 899 3239 968 est,
3266 890 3555 953 distinxit
3582 909 3654 953 ac
3676 889 3925 966 divisit,

2441 1009 2540 1049 eos
2583 991 2803 1051 David
2837 1009 2958 1067 per
2997 993 3161 1050 vices
3207 993 3500 1068 filiorum
3550 992 3708 1051 Levi
3750 1011 3773 1049 .·
3811 989 3930 1071 qui

2446 1088 2571 1150 filii
2605 1087 2885 1165 fuerunt,
2916 1093 3152 1150 Gerson
3183 1091 3503 1161 videlicet,
3527 1099 3587 1151 el
3619 1091 3844 1158 Caath,
3867 1099 3930 1149 et

2447 1189 2718 1249 Merari.
2755 1223 2836 1232 —
2869 1190 3033 1248 Filii
3078 1191 3334 1259 Ger-son,
3373 1187 3438 1250 id
3473 1195 3590 1264 est,
3625 1187 3751 1249 filii
3783 1186 3932 1250 Ger-

2447 1303 2561 1346 son
2593 1292 2793 1361 erant,
2820 1288 3078 1346 Leedan
3108 1295 3168 1346 et
3207 1288 3440 1347 Semei.
3469 1287 3635 1347 Filii
3673 1288 3929 1346 Leedan

845 1382 922 1443 Et
952 1382 1491 1463 respondendum,
1528 1383 1699 1463 quod
1740 1383 1794 1444 si
1836 1380 2339 1444 numerabantur
2437 1385 2772 1462 principes
2802 1403 2824 1445 .·
2852 1383 3116 1454 Jelziel*,
3137 1393 3197 1444 et
3228 1387 3497 1454 Zetlzan,
3521 1393 3579 1444 et
3609 1387 3926 1454 Joel,tres.

847 1480 926 1543 ad
957 1479 1373 1542 deferendum
1406 1499 1598 1543 onera
1628 1480 1845 1560 gravia
1874 1488 2064 1562 atque
2082 1480 2162 1542 ad
2194 1496 2338 1560 pro-

849 1579 1241 1659 sequendum
1274 1578 1579 1659 obsequia
1609 1578 1943 1655 laboriosa,
1982 1577 2337 1640 numeratio

850 1676 961 1738 illa
1006 1676 1499 1758 protendebatur
1536 1696 1740 1758 usque
1777 1678 1856 1738 ad
1886 1674 2341 1758 quinquagesi-

2445 1485 2614 1542 Filii
2643 1486 2858 1544 Semei
2877 1505 2900 1543 .·
2925 1485 3267 1551 Salomith‚
3290 1493 3350 1544 et
3381 1486 3626 1553 Hosiel,
3645 1481 3706 1544 et
3719 1487 3932 1553 Arari,

2451 1591 2594 1642 lreS.
2651 1584 2772 1643 Isti
2816 1584 3150 1661 principes
3192 1584 3613 1659 familiarum
3651 1585 3930 1644 Leedan.

2450 1682 2654 1741 Porro
2673 1683 2809 1759 filii
2829 1683 3041 1742 Semei
3061 1702 3084 1740 .·
3105 1684 3364 1752 Leda-ech,
3387 1691 3448 1741 et
3465 1684 3653 1750 Ziza,
3670 1691 3730 1742 el
3747 1683 3932 1752 λαως,

850 1794 1026 1837 mum
1086 1794 1365 1850 annum3
1420 1775 1473 1836 si
1523 1794 1672 1838 vero
1723 1774 2219 1838 numerabantur
2259 1774 2337 1836 ad
2448 1789 2506 1838 ec
2539 1781 2768 1841 Baria.
2818 1782 2942 1841 Isti
2981 1781 3116 1857 filii
3165 1781 3376 1841 Semei
3423 1789 3720 1859 quatuor.
3768 1781 3939 1840 Erat

850 1892 1172 1937 sacrorum
1222 1892 1515 1937 vasorum
1556 1874 1930 1951 custodiam,
1966 1874 2340 1937 extendeba-
2377 1873 2422 1934 B
2449 1888 2664 1938 autem
2686 1880 2920 1939 Lehetlz
2933 1879 3144 1953 prior,
3169 1879 3331 1939 Ziza
3361 1881 3698 1939 secundus.
3731 1881 3940 1940 Porro

850 1981 953 2034 tur
986 1972 1341 2035 numeratio
1372 1972 1483 2034 illa
1520 1991 1721 2054 usque
1763 1973 1841 2034 ad
1874 1972 2338 2035 diuturniorem
2438 1957 2608 2039 'Jaus
2638 1987 2697 2037 ec
2724 1979 2935 2037 Baria
2965 1996 3094 2036 non
3127 1978 3490 2036 habuerunt
3510 1978 3830 2054 plurimos
3857 1981 3943 2055 fi-

850 2079 1120 2148 aetatem,
1156 2079 1374 2153 utpote
1420 2072 1890 2152 sexagenariam
1927 2071 2106 2153 juxta
2150 2089 2342 2152 quos-

850 2171 1019 2248 dam,
1068 2169 1168 2234 vel
1220 2170 1617 2252 ampliorem.
1670 2171 1847 2233 Unde
1893 2170 1959 2232 in
2012 2170 2177 2233 libro
2223 2170 2343 2230 Nu-

850 2287 1171 2332 merorum
1232 2269 1537 2332 Dominus
1598 2269 1883 2351 loquitur
1938 2287 1953 2330 :
2007 2267 2340 2349 Quumque

852 2368 1456 2451 quinquagesimum
1502 2387 1741 2430 annum
1785 2368 1985 2430 aetatis
2037 2367 2340 2450 impleve-

848 2467 1001 2544 rint,
1038 2465 1277 2529 servire
1318 2466 1681 2541 cessabunt,
1718 2473 2031 2547 eruntque
2060 2465 2339 2528 ministri

852 2565 1117 2626 fratrum
1168 2583 1428 2626 suorum
1471 2563 1537 2626 in
1591 2563 1997 2626 tabernaculo
2049 2563 2334 2639 foederiS,

852 2673 917 2725 ut
953 2662 1314 2726 custodiant
1344 2681 1485 2744 quae
1516 2661 1636 2724 sibi
1674 2661 1916 2725 fuerint
1947 2663 2341 2725 commenda-

852 2771 934 2840 ta,
969 2780 1163 2844 opera
1206 2769 1416 2824 autem
1467 2761 1605 2844 ipsa
1650 2779 1777 2824 non
1816 2760 2075 2824 faciant.
2114 2765 2197 2822 Et
2246 2765 2342 2823 in-

850 2873 1039 2924 venta
1067 2871 1221 2922 sunt
1252 2863 1527 2938 triqinla
1555 2871 1686 2922 octo
1708 2865 1925 2922 millia
1945 2865 2254 2924 virorum.

930 2965 1037 3024 Em
1067 2963 1170 3021 his
1205 2963 1387 3020 electi
1428 2971 1582 3021 sunl
1619 2970 1679 3021 et
1726 2964 2065 3022 distributi
2102 2964 2176 3022 in
2221 2965 2340 3023 mi-

2452 2077 2591 2146 iiax,
2643 2085 2701 2136 et
2751 2077 2991 2134 idcirco
3031 2077 3099 2135 in
3153 2095 3290 2135 una
3335 2076 3626 2152 familia,
3679 2095 3940 2154 unaque

2448 2179 2633 2235 domo
2669 2175 3022 2250 computati
3055 2183 3230 2233 sunt.
3267 2173 3498 2235 Textus
3541 2172 3660 2234 iste
3707 2172 3936 2254 planus

2451 2279 2567 2334 est.
2603 2309 2684 2317 —
2711 2271 2949 2334 Deinde
2979 2271 3281 2333 scribitur
3312 2271 3638 2335 distinctio
3670 2270 3940 2335 familia-

2451 2389 2592 2432 rum
2643 2377 2934 2432 natarum
2985 2389 3060 2432 ex
3109 2368 3302 2432 Caath
3356 2368 3496 2432 filio
3545 2369 3719 2433 Levi.
3771 2373 3942 2432 Filii

2454 2471 2654 2530 Caatli
2695 2467 2978 2544 fuerunt,
3023 2472 3300 2529 Amram
3337 2478 3397 2529 et
3439 2472 3651 2540 Isaar,
3685 2472 3940 2531 Hebron

2449 2578 2509 2629 el
2557 2570 2759 2638 Oziel,
2797 2577 3099 2648 quatuor.
3144 2569 3314 2629 Filii
3350 2571 3624 2629 Amram
3667 2589 3689 2627 .·
3717 2571 3939 2630 Aaron

2448 2675 2508 2728 et
2542 2670 2809 2742 IlloyseS.
2845 2669 3326 2745 separatusque
3353 2675 3442 2726 est
3461 2668 3707 2737 Aaron,
3734 2664 3796 2727 id
3817 2672 3938 2741 est,

2450 2766 2576 2827 Deo
2613 2762 2878 2846 jubente
2915 2763 3278 2846 specialiter
3316 2765 3680 2844 deputatuS,
3715 2774 3788 2824 ut
3819 2765 3943 2824 mi-

2450 2866 2783 2935 nistraret,
2820 2864 2882 2926 id
2916 2865 3110 2926 estad
3139 2863 3654 2940 ministrandum,
3681 2865 3753 2922 in
3775 2865 3942 2924 San-

2450 2973 2551 3022 cta
2598 2973 2990 3034 sanctorum,
3024 2963 3159 3040 ipse
3203 2972 3262 3023 et
3291 2964 3426 3041 filii
3473 2963 3613 3039 ejus
3656 2964 3724 3021 in
3773 2981 3936 3020 sem-

848 3061 1195 3120 nisterium
1224 3062 1451 3120 domus
1484 3061 1751 3120 Domini
1781 3062 2022 3137 viyinli
2059 3071 2342 3140 quatuor
2374 3057 2418 3120 C
2443 3065 2801 3138 pit-arnum.
2848 3060 3076 3123 Sancta
3115 3069 3478 3123 sanctorum
3511 3059 3610 3123 vel
3639 3059 3933 3122 Sanctum

849 3160 1094 3227 millia,
1124 3157 1237 3238 qui
1269 3157 1515 3220 scilicet
1558 3157 1624 3219 in
1664 3159 1905 3241 templo
1934 3158 2250 3222 servirent
2280 3167 2342 3221 et

852 3256 1285 3319 sacerdotibus
1356 3257 1915 3320 subministrarent
1982 3259 2342 3322 successive

852 3374 962 3418 scu
996 3363 1278 3438 tempore
1308 3363 1669 3438 opportuno
1700 3356 1823 3418 sibi
1856 3355 2119 3438 praelixo
2146 3381 2160 3428 ;
2185 3377 2344 3434 prae-

840 3457 1203 3532 positorum
1224 3465 1440 3516 autem
1459 3465 1519 3515 et
1535 3456 1846 3532 judicu-m
1880 3474 2185 3517 numerus
2218 3455 2343 3517 fuit

849 3574 960 3613 seoe
990 3553 1233 3622 millia,
1256 3553 1368 3634 qui
1392 3551 1674 3634 praefatis
1696 3553 1981 3615 millibus
2004 3562 2339 3636 praeerant,

851 3651 929 3712 ad
979 3650 1447 3733 disponendum
1497 3652 1753 3732 quando
1796 3659 1858 3714 et
1906 3651 2182 3732 qualiter
2230 3672 2344 3715 sua

852 3749 1178 3831 explerent
1205 3749 1531 3829 obsequia,
1568 3769 1649 3812 ne
1680 3749 1744 3811 in
1767 3749 2179 3813 multitudine
2211 3760 2346 3813 tan-

851 3857 915 3910 ta
944 3856 1111 3912 esset
1140 3846 1455 3911 confusio.
1480 3848 1696 3929 Aliqui
1722 3867 1872 3912 vero
1895 3847 2137 3926 dicunt,
2172 3851 2343 3930 quod

852 3949 1143 4012 custodes
1175 3967 1469 4011 vasorum
1502 3956 1613 4010 aut
1640 3949 2080 4011 thesaurorum
2114 3968 2344 4012 vocen-

850 4055 955 4110 tur
985 4047 1333 4130 praepositi,
1368 4047 1480 4129 qui
1513 4056 1577 4110 et
1607 4048 1851 4109 ratione
1891 4047 2092 4109 aetatis
2136 4067 2209 4110 ac
2241 4066 2345 4109 ex-

852 4145 1181 4228 perientiae
1222 4154 1413 4226 atque
1457 4145 1717 4225 maj0ris
1762 4145 2009 4228 peritiae
2052 4153 2345 4227 poterant

2452 3167 2840 3235 sanctorum,
2879 3159 3001 3221 fuit
3050 3158 3316 3221 interior
3359 3178 3504 3241 pars
3557 3156 3774 3239 templi
3824 3175 3936 3219 seu

4009 1410 4032 1428 ¹⁷
4063 1409 4240 1452 luitici

2453 3256 2846 3320 tabernaculi
2885 3275 2897 3319 :
2935 3258 2999 3319 in
3030 3276 3220 3338 quam
3253 3266 3494 3339 partem
3527 3256 3700 3320 solus
3732 3255 3938 3337 ponti-
3967 3279 4126 3322 near.
4139 3283 4266 3326 215.

2453 3355 2558 3418 l'ex
2605 3355 2892 3418 introivit
2934 3357 3012 3419 ad
3051 3356 3544 3438 deprecandum,
3587 3355 3697 3436 qui
3737 3363 3800 3417 et
3846 3353 3942 3415 in-

2453 3473 2716 3518 censum
2741 3473 2850 3516 seu
2877 3455 3222 3537 thymiama
3241 3454 3514 3518 adolevit
3533 3472 3723 3535 super
3743 3452 3940 3515 altare

2455 3553 2724 3628 incensi,
2759 3554 2930 3635 quod
2968 3553 3088 3615 fuit.
3121 3553 3186 3615 in
3207 3553 3516 3616 exteriore
3549 3551 3942 3614 tabernaculi

2453 3659 2653 3734 parte.
2686 3651 2862 3725 Quod
2893 3669 3041 3730 ergo
3074 3670 3244 3714 nunc
3265 3651 3520 3727 dicitur,
3545 3651 3714 3731 quod
3735 3650 3942 3712 Aaron

2455 3758 2518 3812 et
2550 3751 2674 3812 filii
2697 3751 2833 3831 ejus
2865 3749 3137 3832 separati
3162 3749 3422 3813 fuerunt
3441 3750 3518 3810 ad
3541 3749 3944 3812 serviendum

2455 3851 2521 3911 in
2555 3849 2784 3912 Sancta
2813 3857 3176 3912 sanctorum
3222 3848 3289 3909 in
3335 3848 3814 3930 sempiternum,
3847 3856 3948 3909 ut-

2456 3957 2602 4030 pote
2631 3967 2744 4030 per
2774 3965 2963 4009 omne
2994 3956 3245 4030 tempus
3277 3946 3510 4009 veteris
3531 3945 3941 4022 Testamenti,

2457 4047 2942 4125 intelligendum
2985 4054 3080 4109 est
3124 4046 3202 4108 dc
3248 4044 3387 4127 ipso
3417 4045 3624 4108 Aaron
3673 4053 3734 4107 et
3785 4042 3946 4106 filiis

2457 4146 2596 4226 ejus
2628 4144 2752 4208 sibi
2784 4144 2848 4206 in
2889 4143 3275 4226 pontificatu
3316 4142 3824 4206 succedentibus
3861 4147 3947 4206 Ec

848 4245 1139 4326 juniores
1170 4245 1419 4307 Levitas
1464 4243 1739 4324 dirigere
1778 4246 2138 4308 acdocere.
2172 4245 2344 4308 Judi-
2375 4245 2424 4306 D
2456 4249 2736 4305 adoleret
2776 4245 3110 4304 incensum
3141 4245 3444 4313 Domino,
3473 4244 3828 4304 secundum
3855 4245 3948 4302 ri-

851 4362 955 4406 ces
1014 4361 1271 4424 quoque
1317 4360 1425 4405 eos
1475 4341 1821 4424 appellant,
1874 4343 1984 4423 qui
2035 4343 2344 4426 populum

849 4440 1231 4504 erudiebant
1265 4459 1279 4502 :
1315 4442 1486 4522 quod
1518 4449 1731 4503 tamen
1773 4441 1849 4503 ad
1882 4442 2240 4505 sacerdotes
2272 4463 2343 4506 ac

852 4540 1094 4603 scribas
1124 4539 1326 4620 magis
1365 4539 1749 4621 pertinuisse
1788 4548 2102 4624 censetur.
2136 4544 2342 4602 Porro

850 4650 1133 4721 quatuor
1170 4641 1389 4699 millia
1429 4646 1604 4700 erant
1632 4640 1981 4716 janitor-ea,
2014 4639 2147 4700 suis
2186 4648 2344 4702 'tem-

850 4738 1113 4823 poribus
1146 4737 1576 4801 custodientes
1596 4737 1824 4819 januas
1854 4738 2079 4800 domus
2101 4739 2210 4801 Dei
2245 4757 2344 4801 ex-

847 4837 1113 4901 teriores
1162 4845 1225 4900 et
1275 4836 1647 4911 interiores3
1698 4845 1757 4897 et
1810 4840 2071 4898 totidem
2112 4842 2343 4915 psaltoe

846 4947 1141 4999 canentes
1161 4938 1437 4997 Domino
1460 4937 1531 4996 in
1552 4938 1841 5013 omani-3,
1858 4935 1920 4997 id
1952 4943 2048 4997 cst
2078 4936 2340 4999 musicis

849 5034 1313 5111 instrumentiS‚
1337 5055 1481 5114 quoe
1508 5036 1749 5112 fecerat
1780 5034 1973 5098 David
1994 5037 2081 5094 ad
2110 5054 2342 5094 canen—

846 5138 1005 5195 dum
1038 5155 1061 5194 .·
1095 5133 1155 5195 id
1190 5141 1307 5210 est,
1342 5140 1613 5214 quatuor
1646 5132 1849 5195 millia
1894 5130 2153 5194 fuerunt
2193 5150 2341 5194 can-

846 5240 1037 5309 toreS‚
1086 5232 1197 5314 qui
1246 5231 1524 5314 psalmos
1574 5238 1635 5294 et
1684 5231 1934 5293 cantica
1981 5247 2091 5292 ore
2130 5239 2342 5293 canta-

843 5329 1020 5407 bant,
1054 5337 1117 5393 et
1146 5329 1336 5392 simul
1370 5328 1633 5391 musicis
1676 5327 2117 5391 instrumentis
2150 5335 2332 5390 erant

2459 4353 2595 4402 lum
2623 4363 2836 4414 suum,
2872 4363 2949 4402 ae
2977 4343 3365 4401 benediceret
3408 4341 3666 4401 nomini
3700 4341 3840 4418 ejus
3871 4343 3944 4402 in

2451 4443 2936 4517 sempiternum.
2961 4442 3208 4516 Moysis
3235 4459 3482 4520 quoque
3511 4441 3794 4500 hominis
3823 4441 3948 4499 Dei

2452 4541 2606 4617 filii,
2636 4541 3058 4600 annumerati
3085 4541 3331 4599 suntin.
3365 4540 3541 4598 tribu
3571 4539 3756 4607 Levi,
3788 4555 3945 4617 quo-

2455 4638 2626 4699 niam
2669 4637 2907 4719 Moyses
2961 4636 3086 4698 fuit
3132 4638 3212 4700 de
3261 4636 3431 4698 tribu
3474 4635 3624 4712 illa3
3675 4653 3804 4699 non
3854 4643 3944 4697 ta-

2452 4755 2598 4798 men
2623 4735 2884 4799 fuerunt
2908 4737 3264 4798 sacerdotes
3287 4743 3356 4796 ut
3378 4735 3502 4797 filii
3524 4734 3754 4797 Aaron.
3775 4736 3942 4796 Filii

2453 4838 2696 4912 Moysis
2743 4857 2766 4895 .·
2819 4839 3076 4895 Gersom
3129 4845 3189 4895 ec
3239 4837 3516 4897 Eliezer.
3571 4835 3740 4895 Filii
3790 4837 3942 4894 Ger—

2449 4955 2582 4993 som
2614 4955 2636 4992 .·
2667 4935 2912 4994 Subuel
2933 4936 3214 5011 primus.
3248 4937 3544 4995 Fuerunt
3564 4943 3781 4993 autem
3807 4933 3943 5008 filii

2450 5034 2710 5093 Eliezer
2750 5051 2772 5093 .·
2812 5033 3100 5093 Rokobia
3142 5019 3438 5109 prz'muS‚·
3474 5041 3534 5092 el
3581 5051 3711 5091 non
3754 5041 3943 5090 erce-nc

2449 5132 2710 5192 Eliezer
2737 5132 2872 5208 filii
2899 5133 3044 5190 alii.
3072 5134 3278 5193 Porro
3301 5132 3438 5208 filii
3455 5131 3739 5191 Rolzobia
3774 5133 3943 5188 mul-

2452 5230 2735 5307 tiplicati
2775 5236 2930 5288 sunt
2973 5230 3195 5289 nimis,
3230 5229 3400 5289 Filii
3447 5231 3639 5288 Isaar
3687 5245 3710 5287 .·
3757 5229 3944 5288 Salo-

2447 5329 2610 5388 mitlz
2641 5328 2950 5412 primm„
2983 5329 3146 5390 Filii
3194 5329 3450 5388 Hebron
3481 5344 3506 5387 .·
3533 5328 3762 5387 Jeriau
3798 5328 3942 5404 pri-

4015 4667 4176 4710 Eaeod.
4215 4685 4264 4714 n,

3973 4731 4168 4778 mon-1,
4191 4737 4264 4774 iti.

3971 4793 3996 4818 ο
