4309 6259
911 516 1261 566 namma-no
1303 518 1366 563 m
1409 518 1545 564 cn».
1592 516 1697 562 x1v
1739 516 1896 563 unm
1938 517 2165 573 omni-1
2202 516 2427 565 amun.
2473 538 2554 550 -
2592 516 2737 565 aar.
2783 518 2911 565 xvu
3376 496 3456 565 59

347 689 536 749 misit
575 691 665 749 ad
703 692 993 760 cedrum,
1030 709 1173 769 quoe
1213 698 1303 749 est
1341 690 1416 749 in
1452 689 1727 757 Libano,
1757 688 1860 747 cli-
1887 688 1938 749 Α
1968 690 2337 749 Bethsames
2367 690 2597 767 oppido
2626 692 2823 752 Iuda.
2860 687 3067 753 Primo
3096 698 3309 753 tamen
3341 707 3456 771 pu-

345 808 498 847 eens
533 807 557 847 .·
595 790 698 848 Da
735 788 954 865 filiam
996 798 1177 849 tuam
1212 789 1354 864 filio
1391 806 1527 849 meo
1565 806 1853 847 uxorem.

356 887 924 966 Transieruntque
953 888 1163 947 bestiae
1189 890 1416 957 saltuS,
1435 906 1577 966 quae
1603 894 1755 945 sunt
1786 887 1858 945 in

347 988 632 1057 Libano,
676 996 738 1047 et
777 990 1318 1048 conculcaverunt
1360 989 1703 1046 carduum.
1747 985 1860 1046 Per

349 1086 691 1161 carduum,
725 1104 874 1167 quae
903 1093 1000 1148 est
1031 1084 1230 1149 herba
1259 1085 1538 1167 spinosa,
1575 1085 1856 1159 mordax,

348 1192 614 1245 austera
656 1190 722 1247 et
765 1182 938 1261 vilis,
976 1183 1251 1264 intelligi
1296 1191 1506 1267 potest
1547 1201 1862 1264 quaeeum-

349 1300 482 1363 que
517 1281 670 1345 vilis
709 1300 1006 1364 persona,
1043 1282 1211 1345 sieut
1247 1301 1362 1365 per
1401 1283 1685 1357 cedrum,
1721 1299 1863 1362 per-

351 1399 513 1444 sona
559 1379 901 1455 sublimis3
949 1388 1014 1444 et
1053 1400 1170 1463 per
1215 1380 1452 1444 bestias
1495 1379 1711 1456 saltuS‚
1751 1379 1862 1443 ho-

351 1480 565 1543 mines
617 1479 937 1543 bellicosi.
990 1482 1134 1543 Joas
1185 1498 1336 1560 ergo
1393 1498 1507 1562 per
1555 1480 1858 1541 carduum

351 1579 722 1660 designavit
773 1580 1120 1655 Amasiam,
1174 1598 1289 1661 per
1339 1580 1598 1643 cedrum
1647 1586 1858 1641 autem

352 1698 422 1741 se
455 1677 700 1760 ipsum,
733 1686 798 1741 et
827 1696 944 1759 per
971 1677 1206 1740 bestias
1235 1677 1456 1753 saltuS‚
1477 1684 1858 1760 pugnatores

353 1796 507 1840 suos
541 1795 557 1839 t
595 1775 821 1859 sieque
853 1795 967 1859 per
999 1776 1186 1839 istam
1217 1776 1584 1858 parabolam
1617 1775 1860 1837 insinu-

1969 796 2329 866 gnaverunt
2360 787 2425 849 in
2458 806 2703 870 eamp0.
2730 792 3199 867 Percussusque
3226 798 3316 849 est
3342 790 3459 850 Ju-

1967 887 2056 944 da
2075 903 2291 944 coram
2313 887 2539 957 Israel,
2560 884 2623 947 id
2654 893 2762 960 est,
2780 885 3055 968 populus
3076 884 3252 966 regni
3274 884 3455 959 Iuda,

1975 1002 2013 1044 a
2043 982 2284 1064 populo
2314 983 2503 1046 Israel
2533 992 2631 1046 est
2659 1003 2879 1061 eaesuS,
2901 984 3029 1047 imo
3051 1003 3088 1046 a
3106 984 3233 1047 Deo
3251 982 3460 1066 primo

1973 1099 2315 1163 percussus
2354 1089 2451 1143 est
2494 1082 2685 1145 eorde
2725 1082 3001 1165 populus
3042 1082 3200 1144 Juda
3234 1098 3248 1143 ε
3284 1080 3456 1163 quia,

1970 1187 2042 1240 ut
2070 1180 2381 1262 Iosephus
2414 1180 2628 1257 refert,
2664 1190 3003 1263 antequam
3043 1197 3328 1263 pugnare
3356 1198 3461 1243 ex-

1972 1277 2099 1340 orsi
2162 1287 2331 1355 sunt,
2396 1278 2768 1360 repentinus
2834 1279 3057 1342 horror
3115 1286 3179 1342 et
3238 1286 3459 1360 stupor

1972 1376 2209 1441 invasit
2237 1376 2474 1440 milites
2506 1377 2796 1455 Amasim,
2830 1377 3083 1459 qualem
3126 1378 3288 1441 Deus
3330 1394 3457 1440 non

1971 1474 2308 1556 propitiuS‚
2359 1475 2479 1537 hoe
2529 1482 2625 1538 est
2671 1474 3349 1552 iratus‚·immitteret;
3397 1483 3460 1537 et

1971 1582 2313 1655 antequam
2346 1581 2658 1637 venerunt
2687 1576 2764 1637 ad
2797 1574 3077 1638 hostium
3108 1593 3355 1651 manuS,
3391 1574 3457 1635 in

1971 1672 2187 1754 fugam
2221 1692 2455 1755 pavore
2485 1674 2683 1737 animi
2716 1682 2865 1737 sunt
2897 1673 3211 1738 conversi.
3245 1676 3330 1736 E't
3356 1674 3462 1751 fu-

1963 1783 2203 1849 yerunt
2224 1774 2667 1853 unusquisque
2686 1792 2903 1836 eorum
2926 1773 3038 1855 qui
3070 1774 3149 1836 de
3180 1772 3460 1836 exercitu

351 1877 511 1953 avit,
538 1875 756 1959 ipsum
789 1874 1109 1937 Amasiam
1143 1883 1722 1956 praesumptuosum
1752 1874 1859 1936 ali·
1896 1874 1943 1937 B
1969 1870 2239 1934 Amasiae
2288 1870 2579 1951 effugere
2635 1872 2867 1954 potuit,
2920 1875 2994 1934 in
3045 1874 3459 1933 tabernacula

351 1974 516 2057 quid
546 1983 889 2060 attentare,
914 1974 1091 2038 velut
1120 1974 1174 2036 si
1204 1974 1354 2038 vilis
1387 1992 1659 2057 persona
1688 1982 1860 2055 petat
1968 1990 2110 2031 sua.
2137 1972 2478 2031 Ama-siam
2508 1990 2655 2031 vero
2684 1990 2893 2047 reyem
2919 1974 3091 2032 Juda
3123 1972 3343 2048 filium
3360 1973 3461 2032 Jo-

354 2073 500 2137 filio
552 2092 671 2136 suo
723 2070 863 2135 dari
912 2072 978 2135 in
1027 2072 1368 2154 conjugem
1416 2072 1689 2153 alicujus
1738 2071 1860 2134 viri
1969 2088 2042 2129 as
2078 2072 2215 2147 filii
2257 2070 2568 2139 Ochoziae,
2596 2072 2760 2146 cepit
2797 2072 2946 2129 Joas
2986 2090 3103 2129 rea:
3141 2072 3348 2131 Israel
3385 2071 3458 2130 in

355 2172 600 2237 nobilis
647 2171 882 2248 filiam,
921 2170 1064 2234 ideo
1105 2171 1316 2253 ipsum
1353 2170 1672 2233 Amasiam
1713 2188 1859 2233 eum
1971 2170 2361 2239 Bethsames,
2395 2177 2455 2229 ει
2483 2170 2767 2228 addua-it
2794 2187 2941 2229 eum
2978 2171 3052 2229 in
3078 2172 3455 2230 Jerusalem.

351 2272 490 2335 suis
521 2290 668 2335 esse
697 2270 1087 2334 vincendum
1128 2289 1165 2332 a
1198 2289 1288 2347 se,
1323 2276 1386 2333 et
1423 2288 1460 2331 a
1498 2267 1863 2351 pugnatori·
1974 2269 2058 2327 E't
2087 2268 2446 2343 interrupit
2482 2265 2625 2329 Joas
2666 2284 2773 2329 rex
2812 2286 3075 2328 murum
3102 2269 3461 2327 Jerusalem

349 2370 478 2433 bus
523 2370 684 2433 suiS.
737 2368 1006 2443 Quidam
1051 2368 1298 2445 dicunt,
1345 2369 1514 2451 quod
1557 2368 1699 2431 Joas
1749 2385 1864 2449 per
1971 2384 2012 2424 a
2034 2374 2229 2441 porta
2256 2364 2581 2443 Ephraim
2612 2384 2811 2444 usque
2839 2367 2929 2424 ad
2952 2373 3213 2441 portam
3235 2365 3462 2440 Anqu-

355 2470 676 2533 carduum
719 2466 1036 2530 intellexit
1076 2466 1286 2548 ipsum
1311 2466 1564 2543 Hemor‚
1599 2467 1709 2549 qui
1741 2467 1865 2531 fuit
1974 2464 2047 2535 li,
2081 2464 2580 2542 quadrinyemis
2617 2464 2871 2524 cubilis·
2902 2461 3105 2536 Quum
3150 2460 3321 2525 enim
3362 2480 3462 2525 00-

355 2565 657 2630 infidelis
689 2575 874 2649 pater
909 2564 1113 2647 ipsius
1144 2564 1418 2642 Siehem,
1452 2566 1564 2647 qui
1607 2566 1790 2649 petiit
1829 2588 1867 2630 a
1973 2560 2174 2641 pisset
2217 2559 2556 2637 Amasiam,
2590 2560 3014 2623 comminatus
3056 2569 3153 2623 est
3196 2559 3257 2623 ei
3294 2577 3462 2623 mor-

197 2702 324 2739 um,
355 2668 575 2744 eedr0,
614 2666 682 2728 id
723 2672 822 2729 est
854 2683 891 2726 a
920 2663 1114 2727 Jacob
1147 2664 1530 2746 patriarcha,
1565 2666 1702 2727 dari
1738 2664 1865 2727 fili-

211 2754 230 2777 *
261 2783 272 2794 ·
355 2785 462 2828 am
493 2784 682 2827 suam
723 2762 948 2825 Dinam
979 2781 1238 2825 uxorem
1272 2761 1414 2825 filio
1444 2781 1560 2826 suo
1586 2763 1857 2840 Siehem,

353 2872 554 2946 atque
583 2881 701 2945 per
731 2860 972 2923 bestias
1002 2861 1200 2923 saltus
1242 2859 1595 2941 significari
1627 2861 1865 2925 Simeo-

353 2982 506 3026 nem
539 2970 606 3025 et
635 2960 814 3037 Levi,
843 2959 956 3043 qui
990 2958 1361 3024 oeciderunt
1389 2959 1601 3041 ipsum
1633 2960 1863 3024 Hemor

1972 2667 2122 2737 tem,
2143 2658 2269 2721 nisi
2291 2658 2413 2721 sibi
2437 2659 2834 2740 promitteret
2851 2659 3022 2741 quod
3054 2660 3461 2740 persuaderet

1970 2757 2454 2840 lerosolymitiS,
2492 2766 2560 2820 ut
2590 2778 2657 2821 se
2685 2758 2827 2820 Joas
2857 2776 3005 2822 eum
3036 2776 3151 2822 suo
3178 2758 3459 2822 exercitu

1973 2858 2039 2919 in
2063 2857 2387 2920 civitatem
2410 2857 2647 2923 intrare
2675 2858 3135 2940 permitterent.
3160 2860 3461 2939 Tulitque

1971 2976 2158 3017 omne
2203 2976 2468 3029 aurum,
2521 2968 2581 3018 et
2628 2968 2995 3035 arqentum,
3045 2967 3105 3018 ει
3152 2959 3459 3019 universa

350 3070 416 3125 et
448 3060 736 3136 Siehem,
773 3058 939 3121 sieut
974 3058 1038 3120 in
1071 3056 1300 3121 Genesi
1342 3058 1595 3139 legitur.
1631 3058 1862 3142 Sieque
1898 3059 1941 3123 C
1973 3076 2126 3116 vasa
2169 3076 2311 3137 quoe
2354 3057 2619 3117 inventa
2656 3067 2810 3117 sunt
2848 3059 2921 3117 in
2950 3060 3135 3117 domo
3164 3059 3455 3129 Domini,

351 3159 726 3235 affirmant,
769 3159 943 3239 quod
984 3156 1182 3220 Judaei
1226 3166 1696 3221 consueverunt
1740 3159 1863 3223 isto

349 3256 710 3342 proverbio
753 3256 874 3333 uti,
922 3256 1074 3318 dum
1122 3256 1269 3336 quis
1318 3256 1667 3319 conabatur
1710 3276 1863 3340 prae-

351 3364 812 3439 sumptuosum
842 3354 1000 3436 quid
1031 3370 1260 3433 agere:
1290 3362 1352 3417 et
1384 3354 1474 3417 ita
1501 3355 1864 3438 applicabat

347 3457 500 3520 Joas
533 3452 953 3537 proverbium
995 3452 1167 3515 istud
1212 3453 1291 3516 ad
1334 3453 1677 3516 Amasiam.
1710 3458 1864 3517 Per-

349 3557 613 3617 cutiens
655 3553 1008 3614 invaluisti
1044 3570 1238 3629 super
1275 3554 1484 3614 E'dom
1516 3552 1862 3618 occidendo

351 3653 696 3727 IdumaeOS,
715 3660 775 3712 ει
801 3652 1160 3711 sublevavit
1193 3660 1249 3711 te
1275 3670 1384 3710 eor
1414 3660 1620 3724 tuum,
1646 3650 1710 3714 id
1740 3661 1857 3730 est,

349 3749 670 3830 cogitatio
702 3746 913 3811 cordis
941 3747 1037 3810 tui
1068 3747 1317 3812 extollit
1344 3755 1428 3825 te,
1455 3748 1544 3811 ita
1569 3750 1740 3829 quod
1759 3768 1864 3812 eu·

351 3850 458 3932 pis
512 3846 897 3930 ampliorem
947 3846 1304 3911 victoriam.
1356 3850 1698 3909 Contentus
1735 3860 1861 3911 esto

342 3948 605 4026 yloria,
633 3945 758 4008 hoe
786 3953 884 4008 est
914 3943 1087 4008 fama
1116 3954 1181 4009 et
1210 3945 1400 4009 laude
1435 3965 1626 4028 quam
1667 3946 1861 4010 habes

351 4047 436 4109 de
469 4045 899 4108 Idumaeorum
932 4044 1379 4125 prostratione,
1397 4056 1458 4106 et
1483 4049 1628 4106 sede
1657 4048 1730 4107 in
1753 4048 1862 4107 do-

351 4164 460 4206 mo
490 4154 631 4206 tua.
655 4146 871 4213 Quare
891 4163 1201 4221 provocas
1231 4143 1586 4215 malum,id
1617 4151 1728 4222 est,
1747 4163 1860 4207 cur

1969 3166 2030 3216 et
2059 3158 2131 3217 in
2167 3156 2484 3217 thesauris
2504 3159 2694 3233 reyis,
2716 3166 2776 3217 et
2805 3158 3072 3226 obsides,
3092 3166 3153 3217 et
3174 3176 3460 3217 reversus

1969 3264 2058 3315 est
2080 3255 2151 3315 in
2174 3256 2577 3317 Samariam.
2592 3257 2869 3334 Reliqua
2888 3265 3103 3316 autem
3124 3257 3460 3315 verborum

1967 3356 2117 3415 Joas
2145 3374 2290 3432 quae
2317 3353 2497 3430 feeit,
2526 3362 2585 3413 et
2621 3353 2940 3430 fortitudo
2977 3353 3138 3431 ejus,
3172 3374 3303 3433 qua
3330 3370 3459 3431 pu-

1963 3454 2201 3527 9navit
2229 3462 2454 3512 eontra
2482 3453 2823 3514 Amasiam
2851 3471 3061 3528 reqem
3087 3455 3290 3521 Iuda,
3310 3472 3461 3513 non·

1968 3570 2050 3611 ne
2093 3550 2227 3612 hoec
2262 3552 2507 3630 scripta
2546 3560 2697 3611 sunt
2746 3552 2818 3612 in
2868 3552 3029 3611 libro
3076 3552 3459 3613 Sermonum

1971 3650 2229 3710 dierum
2270 3668 2499 3725 reyum
2536 3653 2793 3712 Israel?
2830 3650 3277 3730 Dormivitque
3313 3652 3461 3711 Joas

1968 3768 2117 3809 cum
2150 3750 2452 3826 patribus
2489 3750 2651 3819 suis,
2679 3759 2739 3810 et
2778 3753 3068 3826 sepultus
3104 3758 3195 3810 est
3234 3751 3306 3809 in
3346 3751 3464 3810 Sa-

1969 3847 2187 3907 maria
2217 3866 2365 3906 eum
2394 3848 2650 3922 reyibus
2678 3849 2908 3915 Israel,
2937 3855 2997 3906 ει
3028 3848 3324 3922 reynavit
3361 3850 3462 3908 Je—

1969 3947 2231 4005 roboam
2257 3946 2445 4021 filius
2470 3945 2611 4021 ejus
2634 3963 2759 4022 pro
2786 3964 2878 4005 εο.

2081 4046 2258 4106 Viaeit
2301 4053 2516 4104 autem
2563 4046 2865 4104 Ama-sias
2913 4042 3097 4122 filius
3144 4046 3295 4103 Joas
3345 4064 3461 4103 rea·

1969 4145 2171 4211 Juda,
2180 4150 2521 4222 postquam
2550 4151 2843 4202 mortuus
2867 4151 2957 4202 est
2973 4144 3122 4203 Joas
3150 4142 3335 4220 filius
3358 4144 3461 4202 Jo-

349 4252 490 4307 tam
541 4241 989 4323 imprudenter
1033 4240 1260 4304 incitas
1305 4260 1406 4304 me
1448 4242 1528 4304 ad
1573 4260 1861 4324 pugnan-
1891 4249 1940 4310 D
1969 4243 2173 4302 achaz
2204 4240 2373 4317 reyis
2401 4242 2633 4311 Israel,
2656 4241 2899 4317 viqinti
2926 4243 3213 4321 quinque
3234 4243 3454 4304 annis.

351 4341 516 4403 dum
550 4340 892 4403 adversum
925 4347 1010 4415 te,
1033 4349 1109 4401 ut
1127 4342 1322 4417 cadas
1345 4349 1416 4401 tu
1432 4350 1492 4401 et
1523 4339 1726 4403 tribus
1744 4344 1860 4403 Ju-

349 4444 440 4501 da
481 4448 691 4500 tecum
723 4437 790 4499 in
823 4437 1090 4519 praelioi

433 4540 530 4600 Ec
573 4558 708 4599 non
749 4538 1078 4617 acquievit
1113 4539 1436 4599 Amasias.
1471 4537 1648 4601 Circa
1689 4540 1857 4620 quod

349 4634 675 4718 losepbus
733 4634 904 4697 fatur
952 4652 968 4697 ε
1016 4634 1180 4712 Haee,
1230 4635 1478 4699 scilieet
1524 4636 1858 4719 epistolam

351 4732 528 4814 regis
577 4733 746 4809 Joas,
797 4732 1087 4814 relegens
1137 4734 1442 4812 Amasias‚
1491 4735 1569 4797 ad
1617 4734 1856 4798 bellum

351 4830 576 4913 potius
627 4829 930 4895 incitatus
982 4839 1098 4908 est,
1135 4832 1260 4895 Deo
1301 4833 1402 4913 (ut
1443 4831 1742 4914 arbitror)
1779 4834 1859 4897 ad

355 4930 484 4993 hoe
515 4929 916 5011 impellente,
941 4929 1186 4993 scilieet
1218 4930 1614 5012 permissive,
1642 4941 1712 4994 ut
1743 4951 1858 5014 pro

353 5028 458 5090 bis
509 5047 659 5110 quae
707 5028 966 5105 fecerat,
1016 5047 1239 5111 poenas
1291 5031 1665 5107 exsolveret,
1708 5032 1860 5114 quia

351 5126 486 5207 jam
521 5128 680 5190 deos
715 5126 1132 5190 ldumaeorum
1164 5137 1444 5210 eoeperat
1473 5130 1756 5193 adorare.

433 5226 880 5305 Ascenditque
893 5228 1058 5295 Joas,
1082 5237 1143 5288 ει
1163 5228 1472 5290 viderunt
1489 5249 1552 5289 se
1582 5228 1854 5293 invicem

353 5322 424 5385 hi
455 5323 588 5387 duo
619 5340 824 5403 rege8‚
849 5325 984 5401 ipse
1011 5334 1072 5385 et
1100 5327 1404 5387 Amasias
1433 5346 1550 5387 rem
1576 5330 1752 5389 Juda
1783 5330 1856 5391 in

1969 4342 2249 4420 Reliqua
2284 4349 2499 4401 autem
2526 4360 2891 4401 sermonum
2918 4342 3223 4412 Amasioe,
3246 4359 3461 4402 norme

1969 4442 2102 4501 hoec
2119 4440 2365 4517 scripta
2382 4449 2534 4500 sunt
2556 4440 2628 4499 in
2653 4440 2813 4499 libro
2828 4440 3213 4501 Sermonum
3235 4458 3457 4517 reyum

1966 4540 2186 4599 Juda?
2204 4542 2532 4618 Factaque
2549 4548 2637 4599 est
2667 4548 2891 4599 eontra
2918 4559 3064 4599 eum
3094 4540 3460 4617 conjuratio

1970 4640 2044 4697 iu
2078 4640 2437 4698 Jerusalem
2469 4658 2493 4696 .·
2521 4636 2674 4718 quia
2710 4637 2983 4718 maj0res
3028 4644 3092 4699 et
3131 4637 3242 4699 alii
3286 4638 3458 4702 cives

1967 4734 2337 4813 Jerusalem,
2373 4735 2662 4800 videntes
2693 4754 2761 4799 se
2792 4743 2884 4799 tot
2914 4738 3178 4800 adversa
3210 4756 3460 4821 perpes-

1969 4852 2072 4898 sos
2117 4842 2378 4917 propter
2418 4833 2703 4898 facinora
2740 4834 3027 4912 Amasiae,
3064 4835 3461 4918 conspirave-

1969 4941 2130 4995 runt*
2172 4932 2337 4996 inter
2388 4952 2475 5011 se,
2524 4942 2587 4997 et
2637 4933 3057 4998 decreverunt
3104 4953 3251 4997 eum
3300 4934 3461 4999 00οἰ-

1970 5033 2141 5095 dere.
2169 5035 2257 5094 At
2290 5036 2403 5092 ille
2432 5035 2609 5113 fuqit
2639 5035 2711 5092 in
2734 5036 2989 5094 Lac-leis.
3015 5035 3462 5114 Miseruntque

1962 5142 2104 5211 post
2142 5153 2289 5192 eum
2332 5134 2405 5191 in
2444 5134 2705 5201 Lac-his,
2734 5143 2793 5192 et
2824 5134 3286 5209 interfecerunt
3313 5153 3459 5193 eum

1971 5233 2084 5301 ibi,
2116 5239 2177 5290 et
2206 5239 2700 5307 asportaverunt
2721 5232 2793 5290 in
2827 5232 3029 5309 equis,
3051 5234 3463 5311 sepultusque

1966 5338 2056 5389 est
2085 5330 2159 5388 in
2188 5330 2566 5401 Jerusalem,
2600 5348 2747 5389 cum
2768 5328 3069 5404 patribus
3107 5330 3247 5389 suis
3276 5332 3349 5390 in
3374 5331 3459 5391 ei-
