4309 6259
617 2746 772 2796 Len-1,
794 2747 842 2797 83

578 2822 648 2859 vn,
662 2811 701 2859 ὃς
715 2823 766 2859 iv,
781 2811 841 2860 ll,

579 2874 644 2922 ¹2,
667 2874 733 2914 20.

884 471 1002 535 254

1231 489 1580 537 ENARRATIO
1622 490 1682 535 m
1727 490 1863 535 CAP-
1911 489 2062 535 xxlx
2103 489 2263 535 LIBRI
2305 490 2557 537 SECUNDI
2595 490 3126 541 PARALIPOMENON.
3172 514 3253 524 —
3291 495 3434 541 AM.
3480 495 3631 542 xxix

880 663 1188 721 universa
1209 662 1558 722 multitudo
1582 679 1696 742 per
1717 679 1941 723 manus
1975 663 2370 725 sacerdotum
2404 656 2454 723 A
2483 671 2546 725 et
2564 664 2727 726 atrio
2760 664 3022 727 fuerunt
3042 666 3249 729 electi.
3276 666 3351 729 At
3374 686 3525 731 vero
3545 669 3623 731 de
3642 686 3963 732 consecra-

881 762 1118 819 hostias
1149 758 1454 841 pacificas
1483 768 1542 818 et
1571 763 1817 831 laudes,
1850 760 1912 821 id
1955 768 2052 823 est
2077 759 2373 823 victimas

881 858 1228 940 gratiarum
1278 858 1568 935 actioniS,
1602 868 1660 917 et
1689 862 2053 919 holocausta
2084 860 2164 921 ad
2211 879 2373 921 sum-

881 975 998 1019 mae
1031 958 1448 1020 reverentiam
1481 956 1855 1037 majestatiS,
1892 956 1956 1019 in
1987 956 2369 1038 recognitio-

881 1075 1026 1119 nem
1057 1056 1227 1138 quod
1257 1055 1472 1118 omnia
1501 1055 1668 1119 bona
1697 1056 2069 1119 deriventur
2094 1057 2175 1119 ab
2206 1057 2366 1139 ipsa,

879 1163 944 1217 et
970 1156 1137 1236 quod
1165 1154 1356 1217 homo
1389 1170 1456 1217 se
1492 1163 1690 1217 totum
1724 1155 1952 1219 debeat
1980 1156 2127 1233 De0‚
2168 1167 2372 1217 mente

877 1256 1119 1313 devota.
1140 1256 1346 1315 Porro
1367 1275 1677 1314 numerus
1695 1256 2206 1315 holocaustorum
2229 1276 2372 1333 quae

879 1353 1108 1411 obtulit
1137 1353 1514 1420 multitudo,
1537 1352 1642 1411 hic
1658 1352 1796 1427 fuit
1816 1372 1838 1411 :
1866 1356 2108 1413 Tauros
2127 1361 2373 1430 septua-

872 1452 1083 1525 qima,
1101 1451 1330 1509 arietes
1347 1460 1620 1517 centum,
1645 1470 1845 1526 aqnos
1864 1453 2187 1512 ducentos.
2209 1454 2371 1513 San-

877 1549 1452 1626 ctificaveruntque
1488 1548 1766 1609 Domino
1810 1551 1990 1609 boves
2023 1560 2367 1621 sexcentos,

879 1655 940 1705 et
987 1666 1128 1705 oves
1176 1646 1308 1706 tria
1358 1646 1571 1705 millia
1593 1663 1616 1705 .·
1650 1644 1715 1708 id
1763 1653 1878 1721 est,
1925 1654 2018 1709 tot
2065 1648 2368 1711 animalia

877 1750 1334 1824 separaverunt
1354 1751 1416 1805 et
1437 1743 1903 1825 deputaverunt
1932 1746 2010 1807 ad
2033 1745 2173 1823 hoc,
2194 1747 2365 1827 quod

2486 761 2657 824 tione
2700 763 3098 826 sacerdotum
3144 773 3207 828 et
3245 766 3631 842 Levitarum,
3666 766 3961 829 scribitur
3988 791 4181 837 emm:

2483 860 2548 921 in
2582 860 2747 923 libro
2776 861 2996 939 Exodi,
3034 862 3099 924 in
3132 863 3410 927 Levitico
3441 874 3503 927 et
3533 864 3712 927 alibi.
3985 854 4171 961 ’,ᾗῇ-’ζῇ

2561 962 2857 1021 Fuerunt
2877 982 3023 1038 erqo
3054 965 3417 1023 holocausta
3432 966 3726 1039 plurima
3751 964 3963 1027 immo-

2482 1057 2629 1134 lata,
2666 1061 2887 1135 adipes
2908 1062 3361 1137 pacificorum,
3392 1061 3454 1124 id
3486 1071 3584 1124 est
3613 1062 3961 1125 hostiarum

2478 1174 2622 1237 quae
2652 1154 3095 1219 offerebantur
3124 1177 3238 1240 pro
3270 1178 3427 1240 pace
3456 1160 3621 1235 data,
3647 1160 3714 1221 in
3742 1160 3962 1240 gratia-

2480 1270 2618 1314 rum
2652 1251 2989 1331 actionem,
3022 1254 3123 1317 vel
3156 1274 3271 1337 pro
3302 1274 3455 1337 pace
3484 1255 3833 1318 obtinenda
3858 1266 3961 1318 aut

2479 1352 2932 1429 conservanda,
2969 1362 3029 1413 et
3075 1356 3389 1415 libamina
3429 1358 3960 1427 holocaustorum,

2480 1448 2599 1511 hoc
2658 1457 2755 1512 est
2810 1449 3089 1513 materiae
3148 1449 3433 1532 liquidae,
3495 1459 3566 1513 ut
3622 1451 3845 1516 vinum
3904 1461 3961 1515 et

2477 1547 2713 1625 oleum,
2750 1567 2893 1630 quae
2938 1549 3128 1611 simul
3174 1569 3320 1613 cum
3370 1550 3758 1614 holocaustis
3806 1551 3963 1614 offe-

2478 1645 2801 1709 rebantur.
2837 1651 2922 1708 Et
2968 1652 3315 1725 completus
3354 1660 3443 1710 cst
3480 1654 3691 1711 cultus
3736 1654 3962 1711 domus

2477 1748 2768 1816 Domini,
2800 1745 2864 1809 id
2896 1755 2992 1809 est
3022 1748 3347 1810 veneratio
3368 1748 3479 1811 Dei
3510 1757 3573 1811 et
3610 1749 3753 1830 ejus
3782 1748 3965 1811 obse-

875 1848 1160 1922 tempore
1179 1848 1533 1922 opportuno
1555 1842 2034 1906 immolarentur
2053 1844 2201 1907 Deo.
2223 1844 2368 1907 San·
2404 1846 2448 1907 B
2477 1844 2702 1924 quium
2751 1844 2817 1905 in
2850 1845 3089 1927 templo
3132 1854 3194 1907 et
3226 1846 3409 1909 atrio.
3441 1850 3853 1927 Luctatusque
3878 1856 3963 1907 est

874 1938 1150 2001 ctificari
1181 1938 1417 2001 etenim
1448 1940 1890 2022 dicitur,quod
1920 1942 2142 2006 divino
2163 1942 2365 2005 cultui

875 2038 1232 2121 applicatur
1262 2046 1371 2100 aut
1400 2039 1760 2121 deputatur.

954 2142 1323 2201 Sacerdotes
1361 2159 1502 2199 vero
1532 2142 1736 2216 pauci
1763 2150 1975 2211 crant,
2011 2148 2162 2204 tunc
2207 2161 2366 2223 prae-

874 2246 1106 2313 senteS,
1159 2245 1224 2299 et
1269 2236 1420 2299 satis
1472 2236 1896 2313 sanctificati3
1930 2260 2044 2299 nec
2062 2250 2364 2316 poterant

871 2338 1181 2412 sufficere,
1207 2345 1275 2395 ut
1289 2340 1484 2411 pelles
1506 2338 2018 2396 holocaustorum
2041 2337 2361 2400 autetiam

874 2433 1144 2496 aliorum
1191 2430 1658 2495 sacrificiorum
1688 2436 2140 2495 detraherent:
2190 2436 2361 2516 quod

873 2541 1085 2595 tamen
1109 2533 1185 2594 ad
1207 2550 1428 2595 eorum
1453 2531 1779 2613 spectabat
1797 2530 2116 2595 officium.
2140 2532 2362 2607 Quam·

877 2632 971 2693 vis
1028 2640 1241 2694 autem
1290 2630 1659 2692 holocausta
1709 2629 1985 2694 totaliter
2033 2633 2364 2696 combure—

876 2731 1127 2805 bantur,
1153 2729 1354 2811 pelles
1377 2737 1590 2791 tamen
1612 2728 1820 2809 primo
1842 2729 2358 2807 detrahebantur,

871 2837 1179 2909 erantque
1208 2828 1629 2903 sacerdotum,
1665 2826 1791 2888 nisi
1821 2829 2078 2909 quando
2108 2848 2224 2910 pro
2246 2830 2363 2911 [ip-

836 2996 845 3002 ,
871 2946 1086 2991 sorum
1133 2925 1266 3008 aut]
1320 2924 1514 2989 totius
1575 2926 2050 2988 communitatis
2100 2936 2361 3009 peccato

2476 1944 2787 2003 Ezechias
2832 1953 2891 2004 et
2938 1946 3148 2004 omnis
3173 1948 3483 2021 populus,
3512 1966 3580 2005 eo
3629 1948 3803 2024 quod
3850 1948 3965 2005 mi-

2472 2044 2817 2102 nisterium
2835 2044 3106 2103 Domini
3134 2052 3285 2103 essct
3312 2047 3654 2120 expletum.
3680 2043 3961 2106 Virtuosi

2473 2139 2705 2201 etenim
2738 2140 3020 2219 gaudent
3046 2140 3112 2202 in
3144 2140 3392 2203 actibus
3423 2140 3632 2217 bonIS,
3666 2149 3731 2204 et
3760 2141 3843 2203 de
3874 2160 3965 2203 rc·

2473 2238 2758 2301 verentia
2806 2238 2933 2301 Deo
2976 2238 3277 2315 exhibita,
3330 2258 3526 2321 quum
3578 2248 3643 2302 et
3682 2239 3966 2302 Philoso-

2472 2336 2638 2417 phus
2670 2335 2861 2413 dicat,
2897 2337 3069 2417 quod
3101 2336 3349 2417 signum
3384 2337 3638 2401 virtutis
3668 2347 3769 2400 est
3796 2338 3965 2401 dele-

2472 2435 2664 2497 ctatio
2696 2432 2861 2497 fiens
2896 2435 2961 2497 in
2994 2454 3185 2517 opere
3214 2435 3405 2498 bono.
3430 2440 3704 2514 Repente
3724 2438 3966 2515 quippe

2471 2536 2585 2593 hoc
2610 2537 2760 2613 fieri
2780 2538 3138 2610 placuerat,
3162 2534 3284 2597 hoc
3314 2542 3431 2611 est,
3464 2535 3651 2598 valde
3679 2536 3967 2617 compla-

2470 2632 2604 2695 cuit
2650 2632 2930 2695 Ezechiae
2978 2652 3052 2694 ac
3111 2633 3371 2715 popu10,
3423 2634 3593 2715 quod
3644 2636 3965 2715 reparatio

2470 2730 2678 2792 cultus
2727 2728 2953 2807 divini,
3008 2731 3337 2793 mundatio
3388 2731 3629 2813 templi,
3664 2740 3729 2793 et
3778 2732 3967 2795 obse-

2470 2827 2693 2910 quium
2725 2828 2835 2891 Dei
2876 2828 2941 2889 in
2988 2846 3085 2905 e0,
3121 2827 3384 2891 fuerunt
3430 2837 3554 2891 tam
3587 2829 3825 2905 subito,
3864 2850 3967 2893 ex-

2472 2928 2683 3009 pedite
2728 2934 2791 2989 et
2834 2945 3137 3009 prospere
3186 2927 3550 3009 adimpleta.
3584 2928 3709 3010 Ipsi
3760 2929 3963 2991 etiam

867 3025 1309 3088 holocaustum
1359 3021 1777 3087 offerebatur.
1823 3028 2001 3087 Unde
2031 3035 2088 3084 et
2118 3029 2360 3087 Levitoe
2393 3035 2436 3098 C
2470 3027 2831 3103 voluerunt,
2867 3034 2936 3087 ut
2964 3026 3181 3089 omnia
3218 3026 3341 3089 ista
3377 3025 3619 3108 absque
3648 3026 3966 3091 dilatione

864 3125 1108 3200 fratres
1128 3143 1347 3184 eorum
1369 3125 1766 3201 adjuverunt
1786 3144 1919 3184 cos:
1948 3124 2102 3205 quia
2133 3143 2359 3206 urgen-

865 3230 928 3285 te
957 3222 1355 3299 necessitate,
1393 3241 1535 3304 quae
1572 3221 2070 3303 dispensationis
2101 3231 2199 3285 est
2228 3242 2359 3286 ma-

865 3328 976 3395 ter,
1013 3328 1304 3402 poterant
1335 3320 1422 3382 ita
1441 3321 1772 3403 cooperari
1805 3321 2359 3384 sacerdotali-offi-

864 3418 1005 3493 ci03
1057 3422 1276 3491 donec,
1320 3418 1384 3480 id
1431 3427 1527 3481 est
1574 3436 1929 3500 quousque,
1977 3420 2357 3497 impleretur

864 3537 1020 3594 opus
1068 3516 1272 3581 divini
1321 3516 1611 3598 obsequii
1663 3517 1728 3578 in
1789 3515 2245 3595 oblationibus,
2298 3527 2358 3578 et

859 3619 1432 3694 sanctificarentur
1459 3618 1803 3685 antistites,
1834 3615 1899 3679 id
1921 3624 2038 3692 est,
2071 3618 2357 3680 sacerdo-

863 3722 957 3777 tes
987 3712 1394 3777 sufficienter
1427 3722 1867 3796 purgarentur,
1893 3722 1956 3778 et
1984 3722 2356 3796 aptarentur

864 3815 941 3875 ad
977 3832 1234 3877 suorum
1279 3812 1753 3877 exsecutionem
1801 3810 2198 3876 officiorum.
2230 3814 2355 3875 An-

861 3912 1064 3990 tisteS,
1110 3931 1225 3994 pro
1265 3931 1496 3994 magno
1536 3912 1861 3976 sacerdote
1901 3930 2012 3975 seu
2052 3912 2354 3995 episcopo

860 4010 1065 4093 accipi
1119 4011 1279 4074 solet
1319 4012 1477 4092 :qui
1529 4019 1792 4075 vocatur
1838 4010 2124 4087 antisteS,
2168 4011 2353 4093 quasi

859 4119 1008 4173 ante
1037 4110 1196 4173 alios
1230 4119 1404 4172 stans
1431 4134 1446 4183 3
1482 4110 1591 4172 sed
1625 4109 1730 4171 hic
1761 4128 1876 4191 pro
1907 4111 2231 4172 sacerdote
2260 4129 2354 4172 ac-

2467 3132 2941 3207 peragerentur.

2546 3221 2849 3305 AmpliuS‚
2887 3224 2965 3286 de
3009 3222 3328 3304 spirituali
3372 3223 3801 3303 intelligentia
3846 3225 3967 3287 hu·
4042 3258 4183 3300 Sem,

2463 3322 2568 3403 jus
2626 3321 2913 3404 capituli,
2968 3329 3031 3383 et
3079 3320 3433 3385 rationibus
3482 3320 3965 3386 sacrificiorum
3990 3320 4209 3376 wiriw-

2465 3420 2935 3503 praedictorum,
2969 3420 3171 3481 multa
3206 3420 3387 3483 valde
3426 3429 3684 3502 possent
3711 3420 3825 3484 hic
3874 3422 3969 3485 in-

2466 3518 2711 3582 troduci
2739 3534 2753 3578 :
2787 3518 2866 3580 de
2895 3516 3153 3600 quibuS,
3180 3516 3476 3581 brevitati
3507 3517 3793 3596 stadem,
3818 3538 3967 3601 per-

2466 3625 2737 3694 transe0,
2772 3615 3125 3699 praesertim
3154 3614 3460 3698 quoniam
3499 3634 3690 3697 super
3717 3616 3968 3679 Leviti-
4030 3648 4215 3691 Lam

2462 3734 2609 3777 cum
2658 3714 2916 3797 copiose
2964 3720 3114 3775 sunt
3162 3712 3391 3797 posita.
3422 3712 3743 3777 Moraliter
3774 3734 3962 3794 vero,

2462 3814 2765 3877 docemur
2796 3831 2872 3875 ex
2910 3812 3032 3875 isto
3071 3812 3376 3894 capitu10,
3406 3831 3603 3893 quam
3646 3832 3969 3895 magnum

2462 3912 2571 3975 Dei
2592 3912 2831 3974 donum
2852 3911 2951 3987 sit,
2964 3910 3201 3974 habere
3220 3910 3577 3976 virtuosum
3597 3911 3963 3992 praelatum,

2462 4020 2525 4074 et
2554 4018 2792 4091 quanta
2822 4009 3219 4072 subditorum
3252 4009 3444 4087 saluS,
3467 4008 3691 4090 gratia,
3716 4020 3785 4073 et
3818 4032 3969 4094 pro-

2462 4103 2668 4169 fectus
2701 4105 2851 4168 inde
2882 4114 3263 4180 nascantur3
3298 4124 3489 4186 quam
3520 4106 3673 4169 item
3702 4108 3969 4187 pericu-

859 4208 1119 4289 cipitur.
1153 4209 1394 4269 Levitae
1437 4209 1674 4286 quippe
1713 4208 2012 4284 faciliori
2039 4209 2176 4267 ritu
2204 4228 2353 4267 san·
2381 4214 2430 4276 D
2461 4204 2665 4268 losum
2700 4204 2805 4282 sit,
2839 4204 3143 4267 vitiosum
3188 4212 3297 4266 aut
3333 4204 3759 4285 negligentem
3794 4226 3967 4289 prae-

857 4310 1257 4383 diluantur,
1289 4305 1356 4367 id
1388 4314 1505 4381 est,
1542 4305 1621 4366 ad
1653 4324 1766 4366 sua
1797 4303 2023 4367 officia
2051 4314 2352 4387 coaptan-

859 4413 962 4466 tur
993 4413 1056 4467 et
1085 4401 1538 4486 purificantur,
1574 4424 1770 4482 quam
1799 4406 2168 4464 sacerdotes.
2194 4403 2348 4465 Nam

857 4511 922 4565 et
953 4501 1258 4565 inferiora
1289 4509 1353 4565 et
1382 4500 1857 4583 imperfectiora
1876 4502 1954 4564 ad
1987 4520 2165 4562 suam
2201 4500 2350 4563 faci-

859 4600 982 4663 lius
1024 4600 1395 4683 pertingunt
1438 4598 1922 4682 perfectionem,
1955 4618 2148 4680 quam
2194 4600 2349 4663 emi-

857 4700 1149 4762 nentiora
1175 4718 1188 4761 z
1214 4700 1360 4762 ideo
1388 4698 1622 4763 Levitae
1667 4698 1856 4760 citius
1895 4705 2078 4759 erant
2122 4697 2188 4759 in
2232 4716 2348 4760 nu—

855 4798 1031 4862 mero
1072 4797 1450 4875 sufficIenti,
1486 4816 1679 4878 quam
1723 4797 2102 4860 sacerdotes,
2137 4796 2345 4859 Aliam

853 4916 1110 4961 causam
1149 4898 1409 4979 quidam
1452 4896 1800 4977 assignant,
1845 4894 2129 4957 dicentes
2176 4897 2344 4975 quod

852 4997 1056 5060 Achaz
1090 4997 1494 5077 elongaverat
1529 4996 1884 5058 sacerdotes
1917 5012 1954 5055 a
1983 4992 2241 5057 civitate
2282 5001 2345 5056 et

850 5096 1091 5179 templo
1113 5096 1322 5159 cultus
1344 5094 1546 5159 divini
1569 5112 1582 5156 :
1611 5095 1720 5156 sed
1751 5111 1880 5174 qua
1910 5091 2157 5154 ratione
2176 5092 2345 5157 elon-

847 5196 1022 5278 gavit
1044 5196 1192 5258 inde
1215 5194 1595 5271 sacerdoteS,
1621 5192 1872 5255 videtur
1891 5192 2063 5273 quod
2085 5199 2146 5253 et
2167 5190 2345 5253 Levi·

848 5304 968 5371 taS,
999 5294 1154 5377 quia
1179 5293 1438 5375 utrique
1466 5292 1544 5354 ad
1586 5291 1832 5355 cultum
1861 5289 1972 5352 Dei
2004 5288 2071 5350 in
2105 5289 2342 5371 templo

2460 4303 2771 4366 sidentem
2824 4302 3079 4365 habere.
3113 4303 3377 4385 Propter
3424 4303 3595 4384 quod
3646 4302 3961 4369 Salomon

2457 4400 2618 4463 dixit
2653 4418 2666 4461 ε
2700 4400 3136 4481 Regnantibus
3178 4400 3417 4482 impiiS,
3462 4401 3663 4464 ruinae
3694 4404 3959 4484 populi.

2457 4499 2533 4561 Et
2562 4518 2779 4561 rursus
2807 4498 3047 4573 :Quum
3082 4498 3264 4580 impii
3292 4500 3683 4581 sumpserint
3710 4500 3965 4581 princi·
3993 4506 4093 4597 ἔξω
4132 4557 4155 4597 2

2456 4594 3423 4678 patum,gemetpopuluS.Hinc
3445 4596 3719 4678 populus
3740 4598 3965 4661 Domi·
4098 4589 4111 4604 ’
4158 4586 4169 4597 ”

2455 4715 2609 4758 num
2643 4694 2881 4776 jugiter
2916 4696 3312 4777 deprecetur,
3349 4703 3420 4758 ut
3454 4694 3579 4757 sibi
3610 4696 3691 4759 de
3712 4696 3962 4762 idoneo

2456 4803 2516 4857 et
2548 4793 2865 4873 condigno
2888 4792 3222 4875 providere
3241 4793 3538 4873 dignetur
3568 4794 3869 4877 principe
3890 4806 3965 4860 et

2457 4891 2737 4975 praelato.
2784 4892 3091 4954 Praeterea
3132 4891 3409 4971 devotio,
3443 4891 3798 4972 diligentia,
3848 4914 3963 4956 ar-

2453 4992 2591 5067 dor,
2627 4990 2851 5070 religio
2895 4990 3081 5053 electi
3130 4990 3435 5067 Ezechiae,
3470 4990 3653 5053 nobis
3696 5011 3775 5054 ex
3820 4992 3960 5057 isto

2453 5088 2734 5171 capitulo
2756 5088 2925 5151 clare
2947 5096 3139 5169 atquc
3160 5088 3481 5151 uberrime
3500 5092 3963 5154 commendan-

2458 5196 2578 5250 tur.
2604 5187 2680 5249 Et
2713 5187 2851 5269 ipse
2890 5206 2997 5250 rex
3018 5186 3317 5249 Ezechias
3350 5187 3665 5249 universis
3705 5189 3963 5269 princi-

2452 5287 2643 5370 pibus
2662 5294 2727 5350 et
2745 5286 3022 5369 praelatis
3056 5284 3437 5366 proponitur
3460 5285 3527 5347 in
3547 5285 3954 5368 exemplum,
