<?xml version="1.0" encoding="UTF-8"?>
<!DOCTYPE html PUBLIC "-//W3C//DTD XHTML 1.0 Transitional//EN"
    "http://www.w3.org/TR/xhtml1/DTD/xhtml1-transitional.dtd">
<html xmlns="http://www.w3.org/1999/xhtml" xml:lang="en" lang="en">
 <head>
  <title>
</title>
<meta http-equiv="Content-Type" content="text/html;charset=utf-8" />
  <meta name='ocr-system' content='tesseract 3.04.00' />
  <meta name='ocr-capabilities' content='ocr_page ocr_carea ocr_par ocr_line ocrx_word'/>
</head>
<body>
  <div class='ocr_page' id='page_1' title='image "./doctorisecstati06unkngoog_0673.png"; bbox 0 0 4309 6259; ppageno 0'>
   <div class='ocr_carea' id='block_1_1' title="bbox 1154 505 2627 559">
    <p class='ocr_par' dir='ltr' id='par_1_1' title="bbox 1154 505 2627 559">
     <span class='ocr_line' id='line_1_1' title="bbox 1154 505 2627 559; baseline 0.001 -2"><span class='ocrx_word' id='word_1_1' title='bbox 1154 506 1504 558; x_wconf 74' lang='lat' dir='ltr'>ENARRA&#39;rlo</span> <span class='ocrx_word' id='word_1_2' title='bbox 1548 513 1609 558; x_wconf 77' lang='grc' dir='ltr'>ΙΝ</span> <span class='ocrx_word' id='word_1_3' title='bbox 1653 512 1788 558; x_wconf 74' lang='grc' dir='ltr'>ΟΑΡ.</span> <span class='ocrx_word' id='word_1_4' title='bbox 1835 505 1965 558; x_wconf 78' lang='lat' dir='ltr'>XXX</span> <span class='ocrx_word' id='word_1_5' title='bbox 2004 508 2130 559; x_wconf 79' lang='lat'>1013.</span> <span class='ocrx_word' id='word_1_6' title='bbox 2176 533 2256 543; x_wconf 90' lang='lat'><em>-</em></span> <span class='ocrx_word' id='word_1_7' title='bbox 2297 509 2439 559; x_wconf 69' lang='grc' dir='ltr'>ΛΒΤ.</span> <span class='ocrx_word' id='word_1_8' title='bbox 2487 510 2627 559; x_wconf 75' lang='lat' dir='ltr'>&#39;tvm</span> 
     </span>
    </p>
   </div>
   <div class='ocr_carea' id='block_1_2' title="bbox 3314 490 3434 560">
    <p class='ocr_par' dir='ltr' id='par_1_2' title="bbox 3314 490 3434 560">
     <span class='ocr_line' id='line_1_2' title="bbox 3314 490 3434 560; baseline 0.008 -1"><span class='ocrx_word' id='word_1_9' title='bbox 3314 490 3434 560; x_wconf 79' lang='lat'>639</span> 
     </span>
    </p>
   </div>
   <div class='ocr_carea' id='block_1_3' title="bbox 328 678 3428 764">
    <p class='ocr_par' dir='ltr' id='par_1_3' title="bbox 328 678 3428 764">
     <span class='ocr_line' id='line_1_3' title="bbox 328 678 3428 764; baseline 0.002 -25"><span class='ocrx_word' id='word_1_10' title='bbox 328 678 573 749; x_wconf 76' lang='lat' dir='ltr'>dicitur</span> <span class='ocrx_word' id='word_1_11' title='bbox 623 682 879 744; x_wconf 89' lang='lat' dir='ltr'>mobilis</span> <span class='ocrx_word' id='word_1_12' title='bbox 928 702 1143 758; x_wconf 84' lang='lat' dir='ltr'>arena,</span> <span class='ocrx_word' id='word_1_13' title='bbox 1194 683 1645 764; x_wconf 79' lang='lat' dir='ltr'>significatque</span> <span class='ocrx_word' id='word_1_14' title='bbox 1697 683 1831 746; x_wconf 87' lang='lat' dir='ltr'>loca</span> <span class='ocrx_word' id='word_1_15' title='bbox 1862 682 1913 743; x_wconf 87' lang='lat' dir='ltr'>A</span> <span class='ocrx_word' id='word_1_16' title='bbox 2029 687 2416 746; x_wconf 75' lang='lat' dir='ltr'>Pharecram</span> <span class='ocrx_word' id='word_1_17' title='bbox 2455 687 2629 745; x_wconf 77' lang='lat' dir='ltr'>enim</span> <span class='ocrx_word' id='word_1_18' title='bbox 2669 706 2856 745; x_wconf 79' lang='lat' dir='ltr'>suam</span> <span class='ocrx_word' id='word_1_19' title='bbox 2895 687 3174 761; x_wconf 76' lang='lat' dir='ltr'>aperuit,</span> <span class='ocrx_word' id='word_1_20' title='bbox 3209 684 3271 747; x_wconf 90' lang='lat' dir='ltr'>id</span> <span class='ocrx_word' id='word_1_21' title='bbox 3312 694 3428 760; x_wconf 85' lang='lat' dir='ltr'>est,</span> 
     </span>
    </p>
   </div>
   <div class='ocr_carea' id='block_1_4' title="bbox 323 776 1833 1845">
    <p class='ocr_par' dir='ltr' id='par_1_4' title="bbox 323 776 1832 1530">
     <span class='ocr_line' id='line_1_4' title="bbox 330 776 1832 863; baseline 0.003 -26"><span class='ocrx_word' id='word_1_22' title='bbox 330 776 399 838; x_wconf 90' lang='lat' dir='ltr'>in</span> <span class='ocrx_word' id='word_1_23' title='bbox 442 779 789 859; x_wconf 88' lang='lat' dir='ltr'>paludibus</span> <span class='ocrx_word' id='word_1_24' title='bbox 830 781 1054 857; x_wconf 88' lang='lat' dir='ltr'>solida,</span> <span class='ocrx_word' id='word_1_25' title='bbox 1097 782 1203 843; x_wconf 93' lang='lat' dir='ltr'>ubi</span> <span class='ocrx_word' id='word_1_26' title='bbox 1252 782 1526 845; x_wconf 89' lang='lat' dir='ltr'>latrones</span> <span class='ocrx_word' id='word_1_27' title='bbox 1575 790 1832 863; x_wconf 84' lang='lat' dir='ltr'>propter</span> 
     </span>
     <span class='ocr_line' id='line_1_5' title="bbox 331 876 1831 960; baseline 0.004 -25"><span class='ocrx_word' id='word_1_28' title='bbox 331 876 601 937; x_wconf 89' lang='lat' dir='ltr'>tutelam</span> <span class='ocrx_word' id='word_1_29' title='bbox 636 886 986 955; x_wconf 86' lang='lat' dir='ltr'>morantur,</span> <span class='ocrx_word' id='word_1_30' title='bbox 1012 897 1087 941; x_wconf 89' lang='lat' dir='ltr'>eo</span> <span class='ocrx_word' id='word_1_31' title='bbox 1115 881 1285 960; x_wconf 90' lang='lat' dir='ltr'>quod</span> <span class='ocrx_word' id='word_1_32' title='bbox 1320 880 1453 941; x_wconf 89' lang='lat' dir='ltr'>loca</span> <span class='ocrx_word' id='word_1_33' title='bbox 1487 879 1638 941; x_wconf 82' lang='lat' dir='ltr'>talia</span> <span class='ocrx_word' id='word_1_34' title='bbox 1668 880 1831 941; x_wconf 90' lang='lat' dir='ltr'>inac-</span> 
     </span>
     <span class='ocr_line' id='line_1_6' title="bbox 326 974 1832 1058; baseline 0.002 -24"><span class='ocrx_word' id='word_1_35' title='bbox 326 974 655 1036; x_wconf 90' lang='lat' dir='ltr'>cessibilia</span> <span class='ocrx_word' id='word_1_36' title='bbox 703 975 854 1037; x_wconf 89' lang='lat' dir='ltr'>sint.</span> <span class='ocrx_word' id='word_1_37' title='bbox 895 976 1199 1039; x_wconf 81' lang='lat' dir='ltr'>Dicuntur</span> <span class='ocrx_word' id='word_1_38' title='bbox 1231 985 1441 1040; x_wconf 82' lang='lat' dir='ltr'>autem</span> <span class='ocrx_word' id='word_1_39' title='bbox 1483 977 1681 1058; x_wconf 85' lang='lat' dir='ltr'>aliqui</span> <span class='ocrx_word' id='word_1_40' title='bbox 1722 978 1832 1037; x_wconf 88' lang='lat' dir='ltr'>ha-</span> 
     </span>
     <span class='ocr_line' id='line_1_7' title="bbox 326 1070 1831 1155; baseline 0.004 -24"><span class='ocrx_word' id='word_1_41' title='bbox 326 1070 537 1135; x_wconf 88' lang='lat' dir='ltr'>bitare</span> <span class='ocrx_word' id='word_1_42' title='bbox 566 1092 762 1154; x_wconf 91' lang='lat' dir='ltr'>supra</span> <span class='ocrx_word' id='word_1_43' title='bbox 791 1074 1073 1155; x_wconf 83' lang='lat' dir='ltr'>aliquem</span> <span class='ocrx_word' id='word_1_44' title='bbox 1104 1076 1337 1151; x_wconf 90' lang='lat' dir='ltr'>locum,</span> <span class='ocrx_word' id='word_1_45' title='bbox 1359 1076 1512 1155; x_wconf 88' lang='lat' dir='ltr'>quia</span> <span class='ocrx_word' id='word_1_46' title='bbox 1540 1076 1831 1139; x_wconf 88' lang='lat' dir='ltr'>habitant</span> 
     </span>
     <span class='ocr_line' id='line_1_8' title="bbox 323 1168 1831 1255; baseline 0.003 -24"><span class='ocrx_word' id='word_1_47' title='bbox 323 1168 505 1248; x_wconf 82' lang='lat' dir='ltr'>juxta</span> <span class='ocrx_word' id='word_1_48' title='bbox 539 1190 687 1233; x_wconf 88' lang='lat' dir='ltr'>eum</span> <span class='ocrx_word' id='word_1_49' title='bbox 716 1174 1292 1253; x_wconf 81' lang='lat' dir='ltr'>:quemadmodum</span> <span class='ocrx_word' id='word_1_50' title='bbox 1322 1174 1580 1255; x_wconf 91' lang='lat' dir='ltr'>quidam</span> <span class='ocrx_word' id='word_1_51' title='bbox 1613 1175 1831 1237; x_wconf 91' lang='lat' dir='ltr'>dicun-</span> 
     </span>
     <span class='ocr_line' id='line_1_9' title="bbox 328 1268 1826 1355; baseline 0.005 -27"><span class='ocrx_word' id='word_1_52' title='bbox 328 1276 433 1329; x_wconf 90' lang='lat' dir='ltr'>tur</span> <span class='ocrx_word' id='word_1_53' title='bbox 465 1268 760 1332; x_wconf 90' lang='lat' dir='ltr'>habitare</span> <span class='ocrx_word' id='word_1_54' title='bbox 799 1290 992 1353; x_wconf 90' lang='lat' dir='ltr'>super</span> <span class='ocrx_word' id='word_1_55' title='bbox 1032 1271 1316 1334; x_wconf 84' lang='lat' dir='ltr'>Rhenum</span> <span class='ocrx_word' id='word_1_56' title='bbox 1351 1296 1364 1343; x_wconf 83' lang='lat'><em>3</em></span> <span class='ocrx_word' id='word_1_57' title='bbox 1407 1292 1599 1354; x_wconf 88' lang='lat' dir='ltr'>super</span> <span class='ocrx_word' id='word_1_58' title='bbox 1637 1293 1826 1355; x_wconf 88' lang='lat' dir='ltr'>quem</span> 
     </span>
     <span class='ocr_line' id='line_1_10' title="bbox 327 1368 1828 1452; baseline 0.005 -25"><span class='ocrx_word' id='word_1_59' title='bbox 327 1376 391 1427; x_wconf 85' lang='lat' dir='ltr'>et</span> <span class='ocrx_word' id='word_1_60' title='bbox 440 1368 707 1431; x_wconf 89' lang='lat' dir='ltr'>Colonia</span> <span class='ocrx_word' id='word_1_61' title='bbox 764 1370 998 1431; x_wconf 89' lang='lat' dir='ltr'>dieitur</span> <span class='ocrx_word' id='word_1_62' title='bbox 1055 1371 1195 1446; x_wconf 85' lang='lat' dir='ltr'>sita,</span> <span class='ocrx_word' id='word_1_63' title='bbox 1248 1370 1399 1452; x_wconf 88' lang='lat' dir='ltr'>quia</span> <span class='ocrx_word' id='word_1_64' title='bbox 1447 1372 1623 1450; x_wconf 86' lang='lat' dir='ltr'>juxta</span> <span class='ocrx_word' id='word_1_65' title='bbox 1681 1392 1828 1434; x_wconf 90' lang='lat' dir='ltr'>eum</span> 
     </span>
     <span class='ocr_line' id='line_1_11' title="bbox 329 1476 847 1530; baseline 0 -1"><span class='ocrx_word' id='word_1_66' title='bbox 329 1476 704 1530; x_wconf 89' lang='lat' dir='ltr'>constructa</span> <span class='ocrx_word' id='word_1_67' title='bbox 730 1476 847 1529; x_wconf 86' lang='lat' dir='ltr'>est.</span> 
     </span>
    </p>

    <p class='ocr_par' dir='ltr' id='par_1_5' title="bbox 336 1568 1833 1845">
     <span class='ocr_line' id='line_1_12' title="bbox 416 1568 1829 1649; baseline 0.001 -22"><span class='ocrx_word' id='word_1_68' title='bbox 416 1569 547 1635; x_wconf 68' lang='lat' dir='ltr'>Qui</span> <span class='ocrx_word' id='word_1_69' title='bbox 572 1568 745 1627; x_wconf 81' lang='lat' dir='ltr'>inter</span> <span class='ocrx_word' id='word_1_70' title='bbox 766 1568 1211 1644; x_wconf 73' lang='lat' dir='ltr'>hujuscemodi</span> <span class='ocrx_word' id='word_1_71' title='bbox 1233 1571 1621 1629; x_wconf 74' lang='lat' dir='ltr'>la’tahantar</span> <span class='ocrx_word' id='word_1_72' title='bbox 1637 1589 1658 1627; x_wconf 90' lang='grc'>.·</span> <span class='ocrx_word' id='word_1_73' title='bbox 1680 1568 1829 1649; x_wconf 87' lang='lat' dir='ltr'>quia</span> 
     </span>
     <span class='ocr_line' id='line_1_13' title="bbox 336 1664 1833 1747; baseline 0.001 -21"><span class='ocrx_word' id='word_1_74' title='bbox 336 1674 529 1727; x_wconf 75' lang='lat' dir='ltr'>tantae</span> <span class='ocrx_word' id='word_1_75' title='bbox 575 1664 838 1727; x_wconf 80' lang='lat' dir='ltr'>fuerunt</span> <span class='ocrx_word' id='word_1_76' title='bbox 880 1666 1187 1746; x_wconf 66' lang='lat' dir='ltr'>penuriae,</span> <span class='ocrx_word' id='word_1_77' title='bbox 1220 1667 1389 1746; x_wconf 90' lang='lat' dir='ltr'>quod</span> <span class='ocrx_word' id='word_1_78' title='bbox 1436 1667 1697 1747; x_wconf 80' lang='lat' dir='ltr'>praefata</span> <span class='ocrx_word' id='word_1_79' title='bbox 1741 1668 1833 1731; x_wconf 86' lang='lat' dir='ltr'>vi-</span> 
     </span>
     <span class='ocr_line' id='line_1_14' title="bbox 337 1762 1827 1845; baseline 0.002 -22"><span class='ocrx_word' id='word_1_80' title='bbox 337 1762 583 1823; x_wconf 89' lang='lat' dir='ltr'>lissima</span> <span class='ocrx_word' id='word_1_81' title='bbox 626 1771 809 1825; x_wconf 85' lang='lat' dir='ltr'>erant</span> <span class='ocrx_word' id='word_1_82' title='bbox 852 1763 945 1825; x_wconf 90' lang='lat' dir='ltr'>eis</span> <span class='ocrx_word' id='word_1_83' title='bbox 988 1763 1264 1844; x_wconf 92' lang='lat' dir='ltr'>pretiosa</span> <span class='ocrx_word' id='word_1_84' title='bbox 1303 1772 1495 1843; x_wconf 87' lang='lat' dir='ltr'>atque</span> <span class='ocrx_word' id='word_1_85' title='bbox 1522 1764 1827 1845; x_wconf 87' lang='lat' dir='ltr'>jucunda,</span> 
     </span>
    </p>
   </div>
   <div class='ocr_carea' id='block_1_5' title="bbox 1942 781 3726 1844">
    <p class='ocr_par' dir='ltr' id='par_1_6' title="bbox 1942 781 3726 1844">
     <span class='ocr_line' id='line_1_15' title="bbox 1948 781 3433 863; baseline -0.001 -20"><span class='ocrx_word' id='word_1_86' title='bbox 1948 781 2108 843; x_wconf 85' lang='lat' dir='ltr'>Deus</span> <span class='ocrx_word' id='word_1_87' title='bbox 2139 802 2213 843; x_wconf 83' lang='lat' dir='ltr'>ex</span> <span class='ocrx_word' id='word_1_88' title='bbox 2245 801 2360 844; x_wconf 88' lang='lat' dir='ltr'>sua</span> <span class='ocrx_word' id='word_1_89' title='bbox 2401 782 2934 863; x_wconf 79' lang='lat' dir='ltr'>praeordinatione</span> <span class='ocrx_word' id='word_1_90' title='bbox 2965 782 3148 863; x_wconf 85' lang='lat' dir='ltr'>quasi</span> <span class='ocrx_word' id='word_1_91' title='bbox 3177 801 3252 844; x_wconf 84' lang='lat' dir='ltr'>ex</span> <span class='ocrx_word' id='word_1_92' title='bbox 3283 801 3433 844; x_wconf 89' lang='lat' dir='ltr'>areu</span> 
     </span>
     <span class='ocr_line' id='line_1_16' title="bbox 1945 879 3432 961; baseline 0.001 -22"><span class='ocrx_word' id='word_1_93' title='bbox 1945 880 2222 959; x_wconf 88' lang='lat' dir='ltr'>quodam</span> <span class='ocrx_word' id='word_1_94' title='bbox 2253 880 2514 961; x_wconf 77' lang='lat' dir='ltr'><strong>sagittas</strong></span> <span class='ocrx_word' id='word_1_95' title='bbox 2540 880 2942 943; x_wconf 88' lang='lat' dir='ltr'>adversitatis</span> <span class='ocrx_word' id='word_1_96' title='bbox 2967 879 3127 941; x_wconf 91' lang='lat' dir='ltr'>mihi</span> <span class='ocrx_word' id='word_1_97' title='bbox 3151 879 3432 952; x_wconf 78' lang='lat' dir='ltr'>immisit,</span> 
     </span>
     <span class='ocr_line' id='line_1_17' title="bbox 1945 976 3436 1060; baseline 0 -22"><span class='ocrx_word' id='word_1_98' title='bbox 1945 976 2109 1039; x_wconf 88' lang='lat' dir='ltr'>sicut</span> <span class='ocrx_word' id='word_1_99' title='bbox 2167 996 2240 1039; x_wconf 87' lang='lat' dir='ltr'>ex</span> <span class='ocrx_word' id='word_1_100' title='bbox 2304 978 2602 1060; x_wconf 87' lang='lat' dir='ltr'>pharetra</span> <span class='ocrx_word' id='word_1_101' title='bbox 2660 978 3002 1040; x_wconf 89' lang='lat' dir='ltr'>mittuntur</span> <span class='ocrx_word' id='word_1_102' title='bbox 3051 978 3336 1059; x_wconf 82' lang='lat' dir='ltr'>sagittae3</span> <span class='ocrx_word' id='word_1_103' title='bbox 3376 989 3436 1038; x_wconf 81' lang='lat' dir='ltr'>et</span> 
     </span>
     <span class='ocr_line' id='line_1_18' title="bbox 1944 1077 3436 1159; baseline 0.001 -22"><span class='ocrx_word' id='word_1_104' title='bbox 1944 1078 2185 1153; x_wconf 64' lang='lat' dir='ltr'>afflz&#39;oez‘t</span> <span class='ocrx_word' id='word_1_105' title='bbox 2224 1098 2320 1137; x_wconf 76' lang='lat' dir='ltr'>me</span> <span class='ocrx_word' id='word_1_106' title='bbox 2357 1095 2380 1137; x_wconf 92' lang='lat'>.·</span> <span class='ocrx_word' id='word_1_107' title='bbox 2425 1077 2573 1158; x_wconf 89' lang='lat' dir='ltr'>quia</span> <span class='ocrx_word' id='word_1_108' title='bbox 2620 1077 2988 1139; x_wconf 87' lang='lat' dir='ltr'>licentiante</span> <span class='ocrx_word' id='word_1_109' title='bbox 3030 1078 3128 1141; x_wconf 85' lang='lat' dir='ltr'>vel</span> <span class='ocrx_word' id='word_1_110' title='bbox 3177 1077 3436 1159; x_wconf 88' lang='lat' dir='ltr'>permit-</span> 
     </span>
     <span class='ocr_line' id='line_1_19' title="bbox 1945 1175 3434 1252; baseline 0.001 -17"><span class='ocrx_word' id='word_1_111' title='bbox 1945 1182 2116 1236; x_wconf 89' lang='lat' dir='ltr'>tente</span> <span class='ocrx_word' id='word_1_112' title='bbox 2147 1177 2294 1252; x_wconf 90' lang='lat' dir='ltr'>De0,</span> <span class='ocrx_word' id='word_1_113' title='bbox 2327 1175 2461 1238; x_wconf 80' lang='lat' dir='ltr'>haee</span> <span class='ocrx_word' id='word_1_114' title='bbox 2491 1176 2704 1238; x_wconf 91' lang='lat' dir='ltr'>omnia</span> <span class='ocrx_word' id='word_1_115' title='bbox 2736 1176 3124 1238; x_wconf 86' lang='lat' dir='ltr'>acciderunt.</span> <span class='ocrx_word' id='word_1_116' title='bbox 3150 1176 3309 1239; x_wconf 88' lang='lat' dir='ltr'>Hine</span> <span class='ocrx_word' id='word_1_117' title='bbox 3339 1196 3434 1237; x_wconf 95' lang='lat' dir='ltr'>su-</span> 
     </span>
     <span class='ocr_line' id='line_1_20' title="bbox 1945 1273 3696 1355; baseline 0 -22"><span class='ocrx_word' id='word_1_118' title='bbox 1945 1292 2055 1354; x_wconf 89' lang='lat' dir='ltr'>pra</span> <span class='ocrx_word' id='word_1_119' title='bbox 2102 1273 2263 1334; x_wconf 84' lang='lat' dir='ltr'>dixit</span> <span class='ocrx_word' id='word_1_120' title='bbox 2316 1291 2329 1333; x_wconf 93' lang='lat'>:</span> <span class='ocrx_word' id='word_1_121' title='bbox 2381 1273 2636 1355; x_wconf 84' lang='lat' dir='ltr'>Sagittae</span> <span class='ocrx_word' id='word_1_122' title='bbox 2683 1274 2935 1336; x_wconf 88' lang='lat' dir='ltr'>Domini</span> <span class='ocrx_word' id='word_1_123' title='bbox 2995 1274 3060 1335; x_wconf 92' lang='lat' dir='ltr'>in</span> <span class='ocrx_word' id='word_1_124' title='bbox 3111 1293 3214 1336; x_wconf 90' lang='lat' dir='ltr'>me</span> <span class='ocrx_word' id='word_1_125' title='bbox 3259 1283 3428 1349; x_wconf 89' lang='lat' dir='ltr'>sunt,</span> <span class='ocrx_word' id='word_1_126' title='bbox 3475 1291 3635 1343; x_wconf 66' lang='lat' dir='ltr'>locu-1,</span> <span class='ocrx_word' id='word_1_127' title='bbox 3657 1294 3696 1333; x_wconf 79' lang='grc'>4.</span> 
     </span>
     <span class='ocr_line' id='line_1_21' title="bbox 1943 1371 3426 1453; baseline 0.001 -23"><span class='ocrx_word' id='word_1_128' title='bbox 1943 1390 2211 1449; x_wconf 88' lang='lat' dir='ltr'>quarum</span> <span class='ocrx_word' id='word_1_129' title='bbox 2245 1371 2598 1449; x_wconf 83' lang='lat' dir='ltr'>indignatio</span> <span class='ocrx_word' id='word_1_130' title='bbox 2629 1372 2830 1433; x_wconf 89' lang='lat' dir='ltr'>ebibit</span> <span class='ocrx_word' id='word_1_131' title='bbox 2864 1372 3158 1453; x_wconf 86' lang='lat' dir='ltr'>spiritum</span> <span class='ocrx_word' id='word_1_132' title='bbox 3191 1391 3426 1435; x_wconf 88' lang='lat' dir='ltr'>meum.</span> 
     </span>
     <span class='ocr_line' id='line_1_22' title="bbox 1942 1470 3429 1546; baseline 0.001 -17"><span class='ocrx_word' id='word_1_133' title='bbox 1942 1471 2027 1529; x_wconf 77' lang='lat' dir='ltr'>Et</span> <span class='ocrx_word' id='word_1_134' title='bbox 2050 1472 2318 1545; x_wconf 76' lang='lat' dir='ltr'>frenum</span> <span class='ocrx_word' id='word_1_135' title='bbox 2343 1472 2558 1545; x_wconf 75' lang='lat' dir='ltr'>posuit</span> <span class='ocrx_word' id='word_1_136' title='bbox 2589 1472 2661 1531; x_wconf 77' lang='lat' dir='ltr'>in</span> <span class='ocrx_word' id='word_1_137' title='bbox 2691 1492 2754 1529; x_wconf 84' lang='lat' dir='ltr'>os</span> <span class='ocrx_word' id='word_1_138' title='bbox 2786 1492 2996 1531; x_wconf 78' lang='lat' dir='ltr'>meam</span> <span class='ocrx_word' id='word_1_139' title='bbox 3029 1470 3136 1531; x_wconf 87' lang='lat' dir='ltr'>:id</span> <span class='ocrx_word' id='word_1_140' title='bbox 3167 1479 3283 1546; x_wconf 81' lang='lat' dir='ltr'>est,</span> <span class='ocrx_word' id='word_1_141' title='bbox 3305 1478 3429 1532; x_wconf 76' lang='lat' dir='ltr'>tam</span> 
     </span>
     <span class='ocr_line' id='line_1_23' title="bbox 1945 1566 3434 1650; baseline 0.003 -24"><span class='ocrx_word' id='word_1_142' title='bbox 1945 1566 2080 1628; x_wconf 90' lang='lat' dir='ltr'>dire</span> <span class='ocrx_word' id='word_1_143' title='bbox 2111 1587 2212 1629; x_wconf 88' lang='lat' dir='ltr'>me</span> <span class='ocrx_word' id='word_1_144' title='bbox 2241 1566 2619 1647; x_wconf 81' lang='lat' dir='ltr'>affligendo,</span> <span class='ocrx_word' id='word_1_145' title='bbox 2651 1568 2916 1630; x_wconf 88' lang='lat' dir='ltr'>abstulit</span> <span class='ocrx_word' id='word_1_146' title='bbox 2943 1569 3100 1630; x_wconf 91' lang='lat' dir='ltr'>mihi</span> <span class='ocrx_word' id='word_1_147' title='bbox 3132 1570 3434 1650; x_wconf 88' lang='lat' dir='ltr'>quodam-</span> 
     </span>
     <span class='ocr_line' id='line_1_24' title="bbox 1945 1664 3434 1745; baseline 0.002 -21"><span class='ocrx_word' id='word_1_148' title='bbox 1945 1664 2133 1725; x_wconf 90' lang='lat' dir='ltr'>modo</span> <span class='ocrx_word' id='word_1_149' title='bbox 2181 1664 2616 1745; x_wconf 82' lang='lat' dir='ltr'>apparentiam</span> <span class='ocrx_word' id='word_1_150' title='bbox 2669 1684 2770 1726; x_wconf 90' lang='lat' dir='ltr'>me</span> <span class='ocrx_word' id='word_1_151' title='bbox 2819 1665 3160 1727; x_wconf 85' lang='lat' dir='ltr'>excusandi</span> <span class='ocrx_word' id='word_1_152' title='bbox 3219 1684 3291 1728; x_wconf 86' lang='lat' dir='ltr'>ac</span> <span class='ocrx_word' id='word_1_153' title='bbox 3341 1685 3434 1727; x_wconf 90' lang='lat' dir='ltr'>re-</span> 
     </span>
     <span class='ocr_line' id='line_1_25' title="bbox 1946 1762 3726 1844; baseline 0.001 -22"><span class='ocrx_word' id='word_1_154' title='bbox 1946 1762 2326 1842; x_wconf 90' lang='lat' dir='ltr'>spondendi.</span> <span class='ocrx_word' id='word_1_155' title='bbox 2386 1762 2545 1824; x_wconf 85' lang='lat' dir='ltr'>Hine</span> <span class='ocrx_word' id='word_1_156' title='bbox 2604 1763 2896 1844; x_wconf 90' lang='lat' dir='ltr'>superius</span> <span class='ocrx_word' id='word_1_157' title='bbox 2955 1763 3114 1826; x_wconf 84' lang='lat' dir='ltr'>dixit</span> <span class='ocrx_word' id='word_1_158' title='bbox 3175 1784 3188 1827; x_wconf 91' lang='lat'>:</span> <span class='ocrx_word' id='word_1_159' title='bbox 3246 1764 3436 1843; x_wconf 82' lang='lat' dir='ltr'>Rugae</span> <span class='ocrx_word' id='word_1_160' title='bbox 3461 1782 3726 1833; x_wconf 42' lang='lat' dir='ltr'>manns.</span> 
     </span>
    </p>
   </div>
   <div class='ocr_carea' id='block_1_6' title="bbox 60 1860 3436 1953">
    <p class='ocr_par' dir='ltr' id='par_1_7' title="bbox 60 1860 3436 1953">
     <span class='ocr_line' id='line_1_26' title="bbox 60 1860 3436 1953; baseline 0.001 -34"><span class='ocrx_word' id='word_1_161' title='bbox 60 1878 303 1953; x_wconf 43' lang='lat' dir='ltr'>smum-u,</span> <span class='ocrx_word' id='word_1_162' title='bbox 333 1862 514 1942; x_wconf 85' lang='lat' dir='ltr'>juxta</span> <span class='ocrx_word' id='word_1_163' title='bbox 560 1862 721 1923; x_wconf 90' lang='lat' dir='ltr'>illud</span> <span class='ocrx_word' id='word_1_164' title='bbox 760 1861 1244 1924; x_wconf 82' lang='lat' dir='ltr'>Proverbiorum</span> <span class='ocrx_word' id='word_1_165' title='bbox 1283 1882 1296 1925; x_wconf 92' lang='lat'>:</span> <span class='ocrx_word' id='word_1_166' title='bbox 1331 1863 1560 1926; x_wconf 84' lang='lat' dir='ltr'>Anima</span> <span class='ocrx_word' id='word_1_167' title='bbox 1595 1872 1833 1927; x_wconf 89' lang='lat' dir='ltr'>satura—</span> <span class='ocrx_word' id='word_1_168' title='bbox 1872 1863 1917 1923; x_wconf 89' lang='lat' dir='ltr'>B</span> <span class='ocrx_word' id='word_1_169' title='bbox 1946 1879 2101 1922; x_wconf 84' lang='lat' dir='ltr'>meae</span> <span class='ocrx_word' id='word_1_170' title='bbox 2163 1860 2601 1922; x_wconf 88' lang='lat' dir='ltr'>testimonium</span> <span class='ocrx_word' id='word_1_171' title='bbox 2659 1861 2882 1923; x_wconf 90' lang='lat' dir='ltr'>dieunt</span> <span class='ocrx_word' id='word_1_172' title='bbox 2929 1871 3146 1924; x_wconf 87' lang='lat' dir='ltr'>eontra</span> <span class='ocrx_word' id='word_1_173' title='bbox 3199 1880 3320 1938; x_wconf 90' lang='lat' dir='ltr'>me,</span> <span class='ocrx_word' id='word_1_174' title='bbox 3374 1870 3436 1924; x_wconf 91' lang='lat' dir='ltr'>et</span> 
     </span>
    </p>
   </div>
   <div class='ocr_carea' id='block_1_7' title="bbox 326 1959 1834 3027">
    <p class='ocr_par' dir='ltr' id='par_1_8' title="bbox 326 1959 1834 3027">
     <span class='ocr_line' id='line_1_27' title="bbox 336 1959 1829 2039; baseline 0.002 -18"><span class='ocrx_word' id='word_1_175' title='bbox 336 1969 419 2037; x_wconf 87' lang='lat' dir='ltr'>ta,</span> <span class='ocrx_word' id='word_1_176' title='bbox 456 1959 731 2023; x_wconf 76' lang='lat' dir='ltr'>calcabit</span> <span class='ocrx_word' id='word_1_177' title='bbox 765 1960 977 2023; x_wconf 78' lang='lat' dir='ltr'>favum</span> <span class='ocrx_word' id='word_1_178' title='bbox 1008 1980 1023 2039; x_wconf 90' lang='lat'>;</span> <span class='ocrx_word' id='word_1_179' title='bbox 1056 1960 1271 2023; x_wconf 90' lang='lat' dir='ltr'>anima</span> <span class='ocrx_word' id='word_1_180' title='bbox 1298 1962 1607 2038; x_wconf 72' lang='lat' dir='ltr'>esuriem,</span> <span class='ocrx_word' id='word_1_181' title='bbox 1641 1962 1829 2025; x_wconf 88' lang='lat' dir='ltr'>etiam</span> 
     </span>
     <span class='ocr_line' id='line_1_28' title="bbox 333 2059 1834 2139; baseline 0.001 -20"><span class='ocrx_word' id='word_1_182' title='bbox 333 2077 626 2120; x_wconf 90' lang='lat' dir='ltr'>amarum</span> <span class='ocrx_word' id='word_1_183' title='bbox 670 2077 783 2139; x_wconf 92' lang='lat' dir='ltr'>pro</span> <span class='ocrx_word' id='word_1_184' title='bbox 824 2059 996 2120; x_wconf 91' lang='lat' dir='ltr'>dulci</span> <span class='ocrx_word' id='word_1_185' title='bbox 1029 2068 1257 2121; x_wconf 88' lang='lat' dir='ltr'>sumet.</span> <span class='ocrx_word' id='word_1_186' title='bbox 1292 2064 1375 2120; x_wconf 78' lang='lat' dir='ltr'>Et</span> <span class='ocrx_word' id='word_1_187' title='bbox 1406 2080 1532 2119; x_wconf 78' lang='lat' dir='ltr'>esse</span> <span class='ocrx_word' id='word_1_188' title='bbox 1557 2064 1671 2120; x_wconf 78' lang='lat' dir='ltr'>sab</span> <span class='ocrx_word' id='word_1_189' title='bbox 1698 2083 1834 2121; x_wconf 73' lang='lat' dir='ltr'>sen-</span> 
     </span>
     <span class='ocr_line' id='line_1_29' title="bbox 336 2158 1833 2233; baseline 0.004 -18"><span class='ocrx_word' id='word_1_190' title='bbox 336 2158 508 2216; x_wconf 80' lang='lat' dir='ltr'>tibus</span> <span class='ocrx_word' id='word_1_191' title='bbox 554 2158 827 2217; x_wconf 72' lang='lat' dir='ltr'>delicias</span> <span class='ocrx_word' id='word_1_192' title='bbox 874 2160 1351 2233; x_wconf 75' lang='lat' dir='ltr'>computabant.</span> <span class='ocrx_word' id='word_1_193' title='bbox 1407 2158 1626 2219; x_wconf 74' lang='lat' dir='ltr'>Sontes</span> <span class='ocrx_word' id='word_1_194' title='bbox 1685 2168 1833 2221; x_wconf 86' lang='lat' dir='ltr'>sunt</span> 
     </span>
     <span class='ocr_line' id='line_1_30' title="bbox 332 2254 1830 2336; baseline 0.003 -21"><span class='ocrx_word' id='word_1_195' title='bbox 332 2254 559 2336; x_wconf 83' lang='lat' dir='ltr'>spinae.</span> <span class='ocrx_word' id='word_1_196' title='bbox 605 2255 823 2335; x_wconf 89' lang='lat' dir='ltr'>ltaque</span> <span class='ocrx_word' id='word_1_197' title='bbox 867 2274 1091 2317; x_wconf 87' lang='lat' dir='ltr'>sensus</span> <span class='ocrx_word' id='word_1_198' title='bbox 1135 2264 1251 2326; x_wconf 85' lang='lat' dir='ltr'>est,</span> <span class='ocrx_word' id='word_1_199' title='bbox 1296 2257 1463 2335; x_wconf 90' lang='lat' dir='ltr'>quod</span> <span class='ocrx_word' id='word_1_200' title='bbox 1510 2256 1629 2317; x_wconf 90' lang='lat' dir='ltr'>sub</span> <span class='ocrx_word' id='word_1_201' title='bbox 1676 2257 1830 2319; x_wconf 91' lang='lat' dir='ltr'>loeis</span> 
     </span>
     <span class='ocr_line' id='line_1_31' title="bbox 330 2353 1831 2435; baseline 0.002 -20"><span class='ocrx_word' id='word_1_202' title='bbox 330 2354 637 2435; x_wconf 76' lang='lat' dir='ltr'>spinosi5‚</span> <span class='ocrx_word' id='word_1_203' title='bbox 674 2353 794 2416; x_wconf 92' lang='lat' dir='ltr'>hoc</span> <span class='ocrx_word' id='word_1_204' title='bbox 826 2362 920 2417; x_wconf 90' lang='lat' dir='ltr'>est</span> <span class='ocrx_word' id='word_1_205' title='bbox 950 2354 1071 2415; x_wconf 88' lang='lat' dir='ltr'>sub</span> <span class='ocrx_word' id='word_1_206' title='bbox 1100 2354 1327 2416; x_wconf 88' lang='lat' dir='ltr'>umbra</span> <span class='ocrx_word' id='word_1_207' title='bbox 1366 2374 1701 2435; x_wconf 88' lang='lat' dir='ltr'>parvarum</span> <span class='ocrx_word' id='word_1_208' title='bbox 1735 2377 1831 2418; x_wconf 91' lang='lat' dir='ltr'>ar—</span> 
     </span>
     <span class='ocr_line' id='line_1_32' title="bbox 326 2451 1825 2534; baseline 0.001 -19"><span class='ocrx_word' id='word_1_209' title='bbox 326 2453 559 2515; x_wconf 90' lang='lat' dir='ltr'>borum</span> <span class='ocrx_word' id='word_1_210' title='bbox 592 2454 1015 2534; x_wconf 87' lang='lat' dir='ltr'>spinosarum,</span> <span class='ocrx_word' id='word_1_211' title='bbox 1040 2471 1178 2515; x_wconf 90' lang='lat' dir='ltr'>esse</span> <span class='ocrx_word' id='word_1_212' title='bbox 1209 2451 1331 2515; x_wconf 83' lang='lat' dir='ltr'>fuit</span> <span class='ocrx_word' id='word_1_213' title='bbox 1360 2454 1453 2516; x_wconf 93' lang='lat' dir='ltr'>eis</span> <span class='ocrx_word' id='word_1_214' title='bbox 1481 2474 1825 2531; x_wconf 69' lang='lat' dir='ltr'>amoenum,</span> 
     </span>
     <span class='ocr_line' id='line_1_33' title="bbox 328 2551 1830 2633; baseline 0.002 -20"><span class='ocrx_word' id='word_1_215' title='bbox 328 2551 639 2633; x_wconf 86' lang='lat' dir='ltr'>quoniam</span> <span class='ocrx_word' id='word_1_216' title='bbox 673 2552 1070 2614; x_wconf 85' lang='lat' dir='ltr'>commodius</span> <span class='ocrx_word' id='word_1_217' title='bbox 1112 2552 1509 2631; x_wconf 79' lang='lat' dir='ltr'>refrigerium</span> <span class='ocrx_word' id='word_1_218' title='bbox 1554 2573 1679 2616; x_wconf 90' lang='lat' dir='ltr'>non</span> <span class='ocrx_word' id='word_1_219' title='bbox 1722 2555 1830 2615; x_wconf 88' lang='lat' dir='ltr'>ha—</span> 
     </span>
     <span class='ocr_line' id='line_1_34' title="bbox 328 2650 1830 2731; baseline 0.003 -20"><span class='ocrx_word' id='word_1_220' title='bbox 328 2650 592 2712; x_wconf 90' lang='lat' dir='ltr'>bebant.</span> <span class='ocrx_word' id='word_1_221' title='bbox 651 2652 832 2720; x_wconf 68' lang='lat' dir='ltr'>Filii,</span> <span class='ocrx_word' id='word_1_222' title='bbox 882 2650 1091 2711; x_wconf 89' lang='lat' dir='ltr'>carnis</span> <span class='ocrx_word' id='word_1_223' title='bbox 1144 2650 1597 2731; x_wconf 80' lang='lat' dir='ltr'>propagatione</span> <span class='ocrx_word' id='word_1_224' title='bbox 1648 2652 1830 2715; x_wconf 87' lang='lat' dir='ltr'>vitio-</span> 
     </span>
     <span class='ocr_line' id='line_1_35' title="bbox 330 2747 1829 2829; baseline 0.002 -21"><span class='ocrx_word' id='word_1_225' title='bbox 330 2768 608 2829; x_wconf 87' lang='lat' dir='ltr'>rumque</span> <span class='ocrx_word' id='word_1_226' title='bbox 640 2747 1380 2824; x_wconf 72' lang='lat' dir='ltr'>imitatione,stultoram</span> <span class='ocrx_word' id='word_1_227' title='bbox 1414 2749 1480 2810; x_wconf 93' lang='lat' dir='ltr'>in</span> <span class='ocrx_word' id='word_1_228' title='bbox 1511 2750 1745 2827; x_wconf 88' lang='lat' dir='ltr'>anima,</span> <span class='ocrx_word' id='word_1_229' title='bbox 1772 2761 1829 2811; x_wconf 77' lang='lat' dir='ltr'>et</span> 
     </span>
     <span class='ocr_line' id='line_1_36' title="bbox 331 2849 1829 2928; baseline 0.003 -23"><span class='ocrx_word' id='word_1_230' title='bbox 331 2850 724 2924; x_wconf 74' lang='lat' dir='ltr'>iynobe&#39;le&#39;um</span> <span class='ocrx_word' id='word_1_231' title='bbox 783 2866 1069 2928; x_wconf 76' lang='lat' dir='ltr'>corpore,</span> <span class='ocrx_word' id='word_1_232' title='bbox 1124 2858 1183 2906; x_wconf 77' lang='lat' dir='ltr'>et</span> <span class='ocrx_word' id='word_1_233' title='bbox 1235 2849 1301 2906; x_wconf 77' lang='lat' dir='ltr'>in</span> <span class='ocrx_word' id='word_1_234' title='bbox 1356 2858 1525 2909; x_wconf 80' lang='lat' dir='ltr'>terra</span> <span class='ocrx_word' id='word_1_235' title='bbox 1567 2852 1829 2925; x_wconf 73' lang='lat' dir='ltr'>penitus</span> 
     </span>
     <span class='ocr_line' id='line_1_37' title="bbox 329 2944 1824 3027; baseline 0.001 -20"><span class='ocrx_word' id='word_1_236' title='bbox 329 2967 459 3007; x_wconf 80' lang='lat' dir='ltr'>non</span> <span class='ocrx_word' id='word_1_237' title='bbox 486 2956 813 3021; x_wconf 78' lang='lat' dir='ltr'>parentes,</span> <span class='ocrx_word' id='word_1_238' title='bbox 846 2944 910 3006; x_wconf 92' lang='lat' dir='ltr'>id</span> <span class='ocrx_word' id='word_1_239' title='bbox 960 2953 1056 3006; x_wconf 89' lang='lat' dir='ltr'>est</span> <span class='ocrx_word' id='word_1_240' title='bbox 1100 2944 1165 3005; x_wconf 91' lang='lat' dir='ltr'>in</span> <span class='ocrx_word' id='word_1_241' title='bbox 1206 2945 1383 3008; x_wconf 92' lang='lat' dir='ltr'>nullo</span> <span class='ocrx_word' id='word_1_242' title='bbox 1422 2946 1824 3027; x_wconf 84' lang='lat' dir='ltr'>spectabileS,</span> 
     </span>
    </p>
   </div>
   <div class='ocr_carea' id='block_1_8' title="bbox 326 3041 3067 3123">
    <p class='ocr_par' dir='ltr' id='par_1_9' title="bbox 326 3041 3067 3123">
     <span class='ocr_line' id='line_1_38' title="bbox 326 3041 3067 3123; baseline 0.001 -20"><span class='ocrx_word' id='word_1_243' title='bbox 326 3063 441 3105; x_wconf 84' lang='lat' dir='ltr'>seu</span> <span class='ocrx_word' id='word_1_244' title='bbox 474 3042 655 3103; x_wconf 90' lang='lat' dir='ltr'>nulla</span> <span class='ocrx_word' id='word_1_245' title='bbox 684 3042 992 3121; x_wconf 84' lang='lat' dir='ltr'>dignitate</span> <span class='ocrx_word' id='word_1_246' title='bbox 1022 3042 1501 3123; x_wconf 84' lang='lat' dir='ltr'>conspicui.Vel</span> <span class='ocrx_word' id='word_1_247' title='bbox 1534 3043 1653 3105; x_wconf 89' lang='lat' dir='ltr'>hoe</span> <span class='ocrx_word' id='word_1_248' title='bbox 1685 3044 1827 3108; x_wconf 89' lang='lat' dir='ltr'>ideo</span> <span class='ocrx_word' id='word_1_249' title='bbox 1860 3044 1905 3107; x_wconf 92' lang='lat' dir='ltr'>C</span> <span class='ocrx_word' id='word_1_250' title='bbox 1940 3042 2038 3103; x_wconf 90' lang='lat' dir='ltr'>his</span> <span class='ocrx_word' id='word_1_251' title='bbox 2071 3060 2199 3104; x_wconf 91' lang='lat' dir='ltr'>non</span> <span class='ocrx_word' id='word_1_252' title='bbox 2231 3042 2520 3123; x_wconf 88' lang='lat' dir='ltr'>peccavit</span> <span class='ocrx_word' id='word_1_253' title='bbox 2546 3042 2663 3104; x_wconf 87' lang='lat' dir='ltr'>Job</span> <span class='ocrx_word' id='word_1_254' title='bbox 2694 3041 2880 3119; x_wconf 74' lang='lat' dir='ltr'>labiis</span> <span class='ocrx_word' id='word_1_255' title='bbox 2913 3044 3067 3105; x_wconf 80' lang='lat' dir='ltr'>suis,</span> 
     </span>
    </p>
   </div>
   <div class='ocr_carea' id='block_1_9' title="bbox 322 3140 1827 4208">
    <p class='ocr_par' dir='ltr' id='par_1_10' title="bbox 326 3140 1826 3715">
     <span class='ocr_line' id='line_1_39' title="bbox 326 3140 1822 3221; baseline 0.001 -18"><span class='ocrx_word' id='word_1_256' title='bbox 326 3141 509 3216; x_wconf 89' lang='lat' dir='ltr'>dicit,</span> <span class='ocrx_word' id='word_1_257' title='bbox 544 3140 695 3221; x_wconf 91' lang='lat' dir='ltr'>quia</span> <span class='ocrx_word' id='word_1_258' title='bbox 728 3140 893 3203; x_wconf 89' lang='lat' dir='ltr'>inter</span> <span class='ocrx_word' id='word_1_259' title='bbox 922 3140 1211 3203; x_wconf 89' lang='lat' dir='ltr'>homines</span> <span class='ocrx_word' id='word_1_260' title='bbox 1242 3140 1667 3203; x_wconf 85' lang='lat' dir='ltr'>communiter</span> <span class='ocrx_word' id='word_1_261' title='bbox 1696 3161 1822 3205; x_wconf 91' lang='lat' dir='ltr'>non</span> 
     </span>
     <span class='ocr_line' id='line_1_40' title="bbox 327 3239 1824 3319; baseline 0.001 -18"><span class='ocrx_word' id='word_1_262' title='bbox 327 3240 699 3315; x_wconf 88' lang='lat' dir='ltr'>manebant,</span> <span class='ocrx_word' id='word_1_263' title='bbox 720 3239 889 3301; x_wconf 91' lang='lat' dir='ltr'>sieut</span> <span class='ocrx_word' id='word_1_264' title='bbox 912 3240 1043 3319; x_wconf 76' lang='lat' dir='ltr'>Jam</span> <span class='ocrx_word' id='word_1_265' title='bbox 1076 3239 1255 3300; x_wconf 85' lang='lat' dir='ltr'>dixit.</span> <span class='ocrx_word' id='word_1_266' title='bbox 1278 3240 1365 3301; x_wconf 84' lang='lat' dir='ltr'>Ex</span> <span class='ocrx_word' id='word_1_267' title='bbox 1397 3239 1496 3301; x_wconf 91' lang='lat' dir='ltr'>his</span> <span class='ocrx_word' id='word_1_268' title='bbox 1527 3241 1824 3303; x_wconf 88' lang='lat' dir='ltr'>omnibus</span> 
     </span>
     <span class='ocr_line' id='line_1_41' title="bbox 328 3338 1826 3419; baseline 0.001 -19"><span class='ocrx_word' id='word_1_269' title='bbox 328 3338 706 3419; x_wconf 80' lang='lat' dir='ltr'>magnitudo</span> <span class='ocrx_word' id='word_1_270' title='bbox 747 3338 1149 3401; x_wconf 87' lang='lat' dir='ltr'>adversitatis</span> <span class='ocrx_word' id='word_1_271' title='bbox 1187 3338 1358 3401; x_wconf 89' lang='lat' dir='ltr'>beati</span> <span class='ocrx_word' id='word_1_272' title='bbox 1395 3340 1510 3401; x_wconf 92' lang='lat' dir='ltr'>Job</span> <span class='ocrx_word' id='word_1_273' title='bbox 1548 3340 1826 3403; x_wconf 88' lang='lat' dir='ltr'>declara-</span> 
     </span>
     <span class='ocr_line' id='line_1_42' title="bbox 328 3436 1824 3518; baseline 0.002 -19"><span class='ocrx_word' id='word_1_274' title='bbox 328 3447 433 3499; x_wconf 83' lang='lat' dir='ltr'>tur</span> <span class='ocrx_word' id='word_1_275' title='bbox 470 3438 674 3518; x_wconf 90' lang='lat' dir='ltr'>:quia</span> <span class='ocrx_word' id='word_1_276' title='bbox 711 3455 841 3517; x_wconf 88' lang='lat' dir='ltr'>quo</span> <span class='ocrx_word' id='word_1_277' title='bbox 884 3436 1143 3501; x_wconf 87' lang='lat' dir='ltr'>viliores</span> <span class='ocrx_word' id='word_1_278' title='bbox 1194 3446 1342 3499; x_wconf 91' lang='lat' dir='ltr'>sunt</span> <span class='ocrx_word' id='word_1_279' title='bbox 1393 3437 1704 3515; x_wconf 81' lang='lat' dir='ltr'>irrisoreS,</span> <span class='ocrx_word' id='word_1_280' title='bbox 1748 3459 1824 3502; x_wconf 92' lang='lat' dir='ltr'>eo</span> 
     </span>
     <span class='ocr_line' id='line_1_43' title="bbox 328 3536 1825 3617; baseline 0.002 -19"><span class='ocrx_word' id='word_1_281' title='bbox 328 3538 590 3599; x_wconf 87' lang='lat' dir='ltr'>illorum</span> <span class='ocrx_word' id='word_1_282' title='bbox 622 3536 859 3599; x_wconf 88' lang='lat' dir='ltr'>derisio</span> <span class='ocrx_word' id='word_1_283' title='bbox 894 3536 1055 3599; x_wconf 91' lang='lat' dir='ltr'>solet</span> <span class='ocrx_word' id='word_1_284' title='bbox 1088 3555 1229 3598; x_wconf 91' lang='lat' dir='ltr'>esse</span> <span class='ocrx_word' id='word_1_285' title='bbox 1262 3536 1610 3614; x_wconf 84' lang='lat' dir='ltr'>molestior,</span> <span class='ocrx_word' id='word_1_286' title='bbox 1648 3538 1825 3617; x_wconf 90' lang='lat' dir='ltr'>igno-</span> 
     </span>
     <span class='ocr_line' id='line_1_44' title="bbox 326 3634 1141 3715; baseline -0.004 -18"><span class='ocrx_word' id='word_1_287' title='bbox 326 3634 794 3715; x_wconf 86' lang='lat' dir='ltr'>miniosiorque</span> <span class='ocrx_word' id='word_1_288' title='bbox 824 3643 1141 3697; x_wconf 86' lang='lat' dir='ltr'>censetur.</span> 
     </span>
    </p>

    <p class='ocr_par' dir='ltr' id='par_1_11' title="bbox 322 3736 1827 4208">
     <span class='ocr_line' id='line_1_45' title="bbox 408 3736 1820 3806; baseline -0.001 -9"><span class='ocrx_word' id='word_1_289' title='bbox 408 3736 607 3797; x_wconf 81' lang='lat' dir='ltr'>Nunc</span> <span class='ocrx_word' id='word_1_290' title='bbox 648 3736 720 3794; x_wconf 83' lang='lat' dir='ltr'>in</span> <span class='ocrx_word' id='word_1_291' title='bbox 768 3753 991 3793; x_wconf 77' lang='lat' dir='ltr'>eorum</span> <span class='ocrx_word' id='word_1_292' title='bbox 1028 3736 1354 3794; x_wconf 72' lang='lat' dir='ltr'>canticam</span> <span class='ocrx_word' id='word_1_293' title='bbox 1398 3755 1617 3793; x_wconf 75' lang='lat' dir='ltr'>versas</span> <span class='ocrx_word' id='word_1_294' title='bbox 1654 3756 1820 3806; x_wconf 82' lang='lat' dir='ltr'>sum,</span> 
     </span>
     <span class='ocr_line' id='line_1_46' title="bbox 325 3830 1825 3904; baseline 0.001 -11"><span class='ocrx_word' id='word_1_295' title='bbox 325 3834 389 3895; x_wconf 88' lang='lat' dir='ltr'>id</span> <span class='ocrx_word' id='word_1_296' title='bbox 431 3840 549 3904; x_wconf 88' lang='lat' dir='ltr'>est,</span> <span class='ocrx_word' id='word_1_297' title='bbox 586 3833 667 3893; x_wconf 90' lang='lat' dir='ltr'>de</span> <span class='ocrx_word' id='word_1_298' title='bbox 711 3850 853 3893; x_wconf 90' lang='lat' dir='ltr'>mea</span> <span class='ocrx_word' id='word_1_299' title='bbox 891 3830 1274 3895; x_wconf 79' lang='lat' dir='ltr'>adversitate</span> <span class='ocrx_word' id='word_1_300' title='bbox 1314 3830 1560 3894; x_wconf 84' lang='lat' dir='ltr'>faciunt</span> <span class='ocrx_word' id='word_1_301' title='bbox 1600 3834 1825 3895; x_wconf 86' lang='lat' dir='ltr'>decan—</span> 
     </span>
     <span class='ocr_line' id='line_1_47' title="bbox 326 3930 1825 4010; baseline -0.001 -17"><span class='ocrx_word' id='word_1_302' title='bbox 326 3932 603 3994; x_wconf 84' lang='lat' dir='ltr'>tationes</span> <span class='ocrx_word' id='word_1_303' title='bbox 649 3932 748 3993; x_wconf 83' lang='lat' dir='ltr'>vel</span> <span class='ocrx_word' id='word_1_304' title='bbox 791 3930 1185 4003; x_wconf 87' lang='lat' dir='ltr'>cantilenas;</span> <span class='ocrx_word' id='word_1_305' title='bbox 1231 3941 1290 3990; x_wconf 76' lang='lat' dir='ltr'>et</span> <span class='ocrx_word' id='word_1_306' title='bbox 1319 3934 1531 4010; x_wconf 77' lang='lat' dir='ltr'>factus</span> <span class='ocrx_word' id='word_1_307' title='bbox 1560 3953 1705 3991; x_wconf 81' lang='lat' dir='ltr'>sum</span> <span class='ocrx_word' id='word_1_308' title='bbox 1734 3935 1825 3992; x_wconf 81' lang='lat' dir='ltr'>eis</span> 
     </span>
     <span class='ocr_line' id='line_1_48' title="bbox 322 4028 1827 4110; baseline 0.002 -22"><span class='ocrx_word' id='word_1_309' title='bbox 322 4030 763 4107; x_wconf 77' lang='lat' dir='ltr'>proverbium,</span> <span class='ocrx_word' id='word_1_310' title='bbox 802 4028 865 4091; x_wconf 88' lang='lat' dir='ltr'>id</span> <span class='ocrx_word' id='word_1_311' title='bbox 910 4037 1006 4091; x_wconf 83' lang='lat' dir='ltr'>est</span> <span class='ocrx_word' id='word_1_312' title='bbox 1046 4028 1310 4091; x_wconf 84' lang='lat' dir='ltr'>materia</span> <span class='ocrx_word' id='word_1_313' title='bbox 1348 4030 1673 4110; x_wconf 78' lang='lat' dir='ltr'>proverbii</span> <span class='ocrx_word' id='word_1_314' title='bbox 1704 4050 1827 4091; x_wconf 89' lang='lat' dir='ltr'>ma—</span> 
     </span>
     <span class='ocr_line' id='line_1_49' title="bbox 332 4126 1826 4208; baseline -0.001 -18"><span class='ocrx_word' id='word_1_315' title='bbox 332 4127 649 4191; x_wconf 85' lang='lat' dir='ltr'>ledictorii</span> <span class='ocrx_word' id='word_1_316' title='bbox 686 4145 699 4188; x_wconf 92' lang='lat'><strong>:</strong></span> <span class='ocrx_word' id='word_1_317' title='bbox 738 4126 888 4208; x_wconf 86' lang='lat' dir='ltr'>quia</span> <span class='ocrx_word' id='word_1_318' title='bbox 918 4126 1327 4208; x_wconf 82' lang='lat' dir='ltr'>proverbium</span> <span class='ocrx_word' id='word_1_319' title='bbox 1361 4128 1826 4191; x_wconf 84' lang='lat' dir='ltr'>maledictionis</span> 
     </span>
    </p>
   </div>
   <div class='ocr_carea' id='block_1_10' title="bbox 1920 1957 3726 4210">
    <p class='ocr_par' dir='ltr' id='par_1_12' title="bbox 1947 1957 3438 2140">
     <span class='ocr_line' id='line_1_50' title="bbox 1947 1957 3434 2038; baseline 0.002 -20"><span class='ocrx_word' id='word_1_320' title='bbox 1947 1958 2290 2019; x_wconf 83' lang='lat' dir='ltr'>suscitatur</span> <span class='ocrx_word' id='word_1_321' title='bbox 2344 1957 2720 2038; x_wconf 80' lang='lat' dir='ltr'>falsiloquus</span> <span class='ocrx_word' id='word_1_322' title='bbox 2769 1960 3208 2021; x_wconf 85' lang='lat' dir='ltr'>contradicens</span> <span class='ocrx_word' id='word_1_323' title='bbox 3253 1959 3434 2021; x_wconf 89' lang='lat' dir='ltr'>mihi.</span> 
     </span>
     <span class='ocr_line' id='line_1_51' title="bbox 1947 2056 3438 2140; baseline 0.002 -23"><span class='ocrx_word' id='word_1_324' title='bbox 1947 2056 2250 2136; x_wconf 90' lang='lat' dir='ltr'>Denique,</span> <span class='ocrx_word' id='word_1_325' title='bbox 2286 2057 2446 2118; x_wconf 89' lang='lat' dir='ltr'>Deus</span> <span class='ocrx_word' id='word_1_326' title='bbox 2482 2056 2798 2119; x_wconf 87' lang='lat' dir='ltr'>interdum</span> <span class='ocrx_word' id='word_1_327' title='bbox 2831 2058 3004 2138; x_wconf 86' lang='lat' dir='ltr'>justo</span> <span class='ocrx_word' id='word_1_328' title='bbox 3030 2059 3274 2138; x_wconf 87' lang='lat' dir='ltr'>judicio</span> <span class='ocrx_word' id='word_1_329' title='bbox 3305 2078 3438 2140; x_wconf 87' lang='lat' dir='ltr'>pra-</span> 
     </span>
    </p>

    <p class='ocr_par' dir='ltr' id='par_1_13' title="bbox 1944 2155 3437 2238">
     <span class='ocr_line' id='line_1_52' title="bbox 1944 2155 3437 2238; baseline 0.002 -21"><span class='ocrx_word' id='word_1_330' title='bbox 1944 2174 2167 2217; x_wconf 86' lang='lat' dir='ltr'>vorum</span> <span class='ocrx_word' id='word_1_331' title='bbox 2215 2155 2678 2235; x_wconf 88' lang='lat' dir='ltr'>malignitatem</span> <span class='ocrx_word' id='word_1_332' title='bbox 2725 2175 2838 2237; x_wconf 90' lang='lat' dir='ltr'>per</span> <span class='ocrx_word' id='word_1_333' title='bbox 2882 2158 3146 2219; x_wconf 89' lang='lat' dir='ltr'>adversa</span> <span class='ocrx_word' id='word_1_334' title='bbox 3184 2177 3437 2238; x_wconf 89' lang='lat' dir='ltr'>compe-</span> 
     </span>
    </p>

    <p class='ocr_par' dir='ltr' id='par_1_14' title="bbox 1943 2254 3726 2625">
     <span class='ocr_line' id='line_1_53' title="bbox 1943 2254 3436 2336; baseline 0.001 -21"><span class='ocrx_word' id='word_1_335' title='bbox 1943 2254 2061 2316; x_wconf 86' lang='lat' dir='ltr'>scit</span> <span class='ocrx_word' id='word_1_336' title='bbox 2114 2271 2127 2314; x_wconf 93' lang='lat'>:</span> <span class='ocrx_word' id='word_1_337' title='bbox 2183 2255 2352 2335; x_wconf 88' lang='lat' dir='ltr'>quod</span> <span class='ocrx_word' id='word_1_338' title='bbox 2415 2273 2526 2335; x_wconf 88' lang='lat' dir='ltr'>per</span> <span class='ocrx_word' id='word_1_339' title='bbox 2585 2254 2749 2317; x_wconf 88' lang='lat' dir='ltr'>freni</span> <span class='ocrx_word' id='word_1_340' title='bbox 2798 2254 3274 2336; x_wconf 86' lang='lat' dir='ltr'>impositionem</span> <span class='ocrx_word' id='word_1_341' title='bbox 3321 2256 3436 2317; x_wconf 89' lang='lat' dir='ltr'>ali-</span> 
     </span>
     <span class='ocr_line' id='line_1_54' title="bbox 1944 2351 3432 2433; baseline 0.003 -22"><span class='ocrx_word' id='word_1_342' title='bbox 1944 2352 2198 2432; x_wconf 89' lang='lat' dir='ltr'>quando</span> <span class='ocrx_word' id='word_1_343' title='bbox 2231 2351 2612 2431; x_wconf 83' lang='lat' dir='ltr'>designatur,</span> <span class='ocrx_word' id='word_1_344' title='bbox 2630 2354 3167 2433; x_wconf 89' lang='lat' dir='ltr'>quemadmodum</span> <span class='ocrx_word' id='word_1_345' title='bbox 3190 2354 3255 2415; x_wconf 93' lang='lat' dir='ltr'>in</span> <span class='ocrx_word' id='word_1_346' title='bbox 3277 2354 3432 2416; x_wconf 86' lang='lat' dir='ltr'>Isaia</span> 
     </span>
     <span class='ocr_line' id='line_1_55' title="bbox 1944 2450 3726 2532; baseline 0.003 -21"><span class='ocrx_word' id='word_1_347' title='bbox 1944 2450 2227 2530; x_wconf 89' lang='lat' dir='ltr'>loquitur</span> <span class='ocrx_word' id='word_1_348' title='bbox 2260 2451 2390 2530; x_wconf 84' lang='lat' dir='ltr'>regi</span> <span class='ocrx_word' id='word_1_349' title='bbox 2412 2451 2810 2532; x_wconf 78' lang='lat' dir='ltr'>Assyriorum</span> <span class='ocrx_word' id='word_1_350' title='bbox 2834 2452 3096 2514; x_wconf 89' lang='lat' dir='ltr'>:Ponam</span> <span class='ocrx_word' id='word_1_351' title='bbox 3127 2452 3432 2515; x_wconf 86' lang='lat' dir='ltr'>circulum</span> <span class='ocrx_word' id='word_1_352' title='bbox 3489 2479 3552 2524; x_wconf 74' lang='lat'>1„</span> <span class='ocrx_word' id='word_1_353' title='bbox 3571 2492 3726 2531; x_wconf 59' lang='lat' dir='ltr'>mvn,</span> 
     </span>
     <span class='ocr_line' id='line_1_56' title="bbox 1943 2544 3532 2625; baseline 0.003 -16"><span class='ocrx_word' id='word_1_354' title='bbox 1943 2548 2006 2609; x_wconf 89' lang='lat' dir='ltr'>in</span> <span class='ocrx_word' id='word_1_355' title='bbox 2038 2548 2302 2610; x_wconf 89' lang='lat' dir='ltr'>naribus</span> <span class='ocrx_word' id='word_1_356' title='bbox 2336 2548 2482 2625; x_wconf 83' lang='lat' dir='ltr'>tuiS‚</span> <span class='ocrx_word' id='word_1_357' title='bbox 2503 2558 2564 2612; x_wconf 88' lang='lat' dir='ltr'>et</span> <span class='ocrx_word' id='word_1_358' title='bbox 2597 2548 2845 2611; x_wconf 80' lang='lat' dir='ltr'>frenum</span> <span class='ocrx_word' id='word_1_359' title='bbox 2878 2550 2942 2611; x_wconf 91' lang='lat' dir='ltr'>in</span> <span class='ocrx_word' id='word_1_360' title='bbox 2975 2551 3250 2612; x_wconf 86' lang='lat' dir='ltr'>maxillis</span> <span class='ocrx_word' id='word_1_361' title='bbox 3278 2552 3428 2613; x_wconf 77' lang='lat' dir='ltr'>tuis,</span> <span class='ocrx_word' id='word_1_362' title='bbox 3463 2544 3532 2586; x_wconf 76' lang='lat'>²⁹·</span> 
     </span>
    </p>

    <p class='ocr_par' dir='ltr' id='par_1_15' title="bbox 1942 2646 3432 2729">
     <span class='ocr_line' id='line_1_57' title="bbox 1942 2646 3432 2729; baseline 0.001 -19"><span class='ocrx_word' id='word_1_363' title='bbox 1942 2647 2052 2710; x_wconf 73' lang='lat' dir='ltr'>Vel</span> <span class='ocrx_word' id='word_1_364' title='bbox 2086 2648 2178 2709; x_wconf 90' lang='lat' dir='ltr'>sic</span> <span class='ocrx_word' id='word_1_365' title='bbox 2215 2664 2228 2707; x_wconf 92' lang='lat'><strong>:</strong></span> <span class='ocrx_word' id='word_1_366' title='bbox 2262 2648 2336 2709; x_wconf 94' lang='lat' dir='ltr'>Et</span> <span class='ocrx_word' id='word_1_367' title='bbox 2370 2646 2622 2709; x_wconf 82' lang='lat' dir='ltr'>frenum</span> <span class='ocrx_word' id='word_1_368' title='bbox 2654 2648 2866 2729; x_wconf 90' lang='lat' dir='ltr'>posuit</span> <span class='ocrx_word' id='word_1_369' title='bbox 2898 2648 2961 2709; x_wconf 91' lang='lat' dir='ltr'>in</span> <span class='ocrx_word' id='word_1_370' title='bbox 2993 2668 3061 2711; x_wconf 93' lang='lat' dir='ltr'>os</span> <span class='ocrx_word' id='word_1_371' title='bbox 3097 2669 3332 2727; x_wconf 88' lang='lat' dir='ltr'>meum,</span> <span class='ocrx_word' id='word_1_372' title='bbox 3369 2650 3432 2713; x_wconf 90' lang='lat' dir='ltr'>id</span> 
     </span>
    </p>

    <p class='ocr_par' dir='ltr' id='par_1_16' title="bbox 1941 2746 3434 2925">
     <span class='ocr_line' id='line_1_58' title="bbox 1941 2746 3431 2827; baseline 0.003 -20"><span class='ocrx_word' id='word_1_373' title='bbox 1941 2754 2055 2821; x_wconf 89' lang='lat' dir='ltr'>est,</span> <span class='ocrx_word' id='word_1_374' title='bbox 2092 2766 2206 2827; x_wconf 85' lang='lat' dir='ltr'>per</span> <span class='ocrx_word' id='word_1_375' title='bbox 2243 2746 2511 2826; x_wconf 82' lang='lat' dir='ltr'>gratiam</span> <span class='ocrx_word' id='word_1_376' title='bbox 2557 2766 2734 2807; x_wconf 91' lang='lat' dir='ltr'>suam</span> <span class='ocrx_word' id='word_1_377' title='bbox 2779 2765 2849 2809; x_wconf 92' lang='lat' dir='ltr'>os</span> <span class='ocrx_word' id='word_1_378' title='bbox 2889 2766 3101 2809; x_wconf 91' lang='lat' dir='ltr'>meum</span> <span class='ocrx_word' id='word_1_379' title='bbox 3139 2768 3176 2809; x_wconf 89' lang='lat' dir='ltr'>a</span> <span class='ocrx_word' id='word_1_380' title='bbox 3220 2750 3431 2812; x_wconf 78' lang='lat' dir='ltr'>verbis</span> 
     </span>
     <span class='ocr_line' id='line_1_59' title="bbox 1941 2844 3434 2925; baseline 0.003 -20"><span class='ocrx_word' id='word_1_381' title='bbox 1941 2844 2357 2925; x_wconf 86' lang='lat' dir='ltr'>impatientiae</span> <span class='ocrx_word' id='word_1_382' title='bbox 2391 2844 2740 2907; x_wconf 84' lang='lat' dir='ltr'>refrenavit</span> <span class='ocrx_word' id='word_1_383' title='bbox 2771 2846 2835 2906; x_wconf 92' lang='lat' dir='ltr'>in</span> <span class='ocrx_word' id='word_1_384' title='bbox 2867 2846 3164 2908; x_wconf 89' lang='lat' dir='ltr'>omnibus</span> <span class='ocrx_word' id='word_1_385' title='bbox 3194 2847 3294 2909; x_wconf 89' lang='lat' dir='ltr'>his</span> <span class='ocrx_word' id='word_1_386' title='bbox 3326 2850 3434 2911; x_wconf 86' lang='lat' dir='ltr'>ad-</span> 
     </span>
    </p>

    <p class='ocr_par' dir='ltr' id='par_1_17' title="bbox 1940 2943 3722 3075">
     <span class='ocr_line' id='line_1_60' title="bbox 1940 2943 3722 3024; baseline 0.004 -19"><span class='ocrx_word' id='word_1_387' title='bbox 1940 2943 2162 3018; x_wconf 85' lang='lat' dir='ltr'>versis,</span> <span class='ocrx_word' id='word_1_388' title='bbox 2201 2951 2391 3024; x_wconf 89' lang='lat' dir='ltr'>prout.</span> <span class='ocrx_word' id='word_1_389' title='bbox 2437 2962 2632 3024; x_wconf 87' lang='lat' dir='ltr'>supra</span> <span class='ocrx_word' id='word_1_390' title='bbox 2679 2944 2910 3024; x_wconf 86' lang='lat' dir='ltr'>legitur</span> <span class='ocrx_word' id='word_1_391' title='bbox 2944 2956 2968 3008; x_wconf 74' lang='grc' dir='ltr'>ἐ</span> <span class='ocrx_word' id='word_1_392' title='bbox 3017 2946 3081 3007; x_wconf 91' lang='lat' dir='ltr'>ln</span> <span class='ocrx_word' id='word_1_393' title='bbox 3133 2947 3431 3009; x_wconf 90' lang='lat' dir='ltr'>omnibus</span> <span class='ocrx_word' id='word_1_394' title='bbox 3478 2970 3722 3020; x_wconf 57' lang='lat' dir='ltr'>John-22:1¹,</span> 
     </span>
     <span class='ocr_line' id='line_1_61' title="bbox 3463 3035 3526 3075; baseline 0 -1"><span class='ocrx_word' id='word_1_395' title='bbox 3463 3035 3526 3075; x_wconf 75' lang='grc' dir='ltr'>ιο.</span> 
     </span>
    </p>

    <p class='ocr_par' dir='ltr' id='par_1_18' title="bbox 1920 3144 3724 4210">
     <span class='ocr_line' id='line_1_62' title="bbox 2018 3144 3433 3207; baseline 0.003 -4"><span class='ocrx_word' id='word_1_396' title='bbox 2018 3145 2126 3203; x_wconf 79' lang='lat' dir='ltr'>Ad</span> <span class='ocrx_word' id='word_1_397' title='bbox 2158 3146 2493 3203; x_wconf 68' lang='lat' dir='ltr'>dexteram</span> <span class='ocrx_word' id='word_1_398' title='bbox 2532 3144 2801 3203; x_wconf 76' lang='lat' dir='ltr'>orientis</span> <span class='ocrx_word' id='word_1_399' title='bbox 2839 3147 3240 3205; x_wconf 80' lang='lat' dir='ltr'>calamitates</span> <span class='ocrx_word' id='word_1_400' title='bbox 3282 3167 3433 3207; x_wconf 81' lang='lat' dir='ltr'>meoe</span> 
     </span>
     <span class='ocr_line' id='line_1_63' title="bbox 1920 3241 3434 3326; baseline 0.005 -27"><span class='ocrx_word' id='word_1_401' title='bbox 1920 3244 2115 3301; x_wconf 71' lang='lat' dir='ltr'>-ae&#39;llz&#39;co</span> <span class='ocrx_word' id='word_1_402' title='bbox 2142 3251 2593 3301; x_wconf 69' lang='lat' dir='ltr'>surrexerant.</span> <span class='ocrx_word' id='word_1_403' title='bbox 2631 3241 2756 3303; x_wconf 88' lang='lat' dir='ltr'>Hoc</span> <span class='ocrx_word' id='word_1_404' title='bbox 2786 3242 2964 3318; x_wconf 82' lang='lat' dir='ltr'>dicit,</span> <span class='ocrx_word' id='word_1_405' title='bbox 3000 3243 3152 3324; x_wconf 91' lang='lat' dir='ltr'>quia</span> <span class='ocrx_word' id='word_1_406' title='bbox 3181 3264 3218 3306; x_wconf 88' lang='lat' dir='ltr'>a</span> <span class='ocrx_word' id='word_1_407' title='bbox 3246 3245 3434 3326; x_wconf 83' lang='lat' dir='ltr'>plaga</span> 
     </span>
     <span class='ocr_line' id='line_1_64' title="bbox 1940 3339 3430 3425; baseline 0.003 -24"><span class='ocrx_word' id='word_1_408' title='bbox 1940 3339 2290 3402; x_wconf 87' lang='lat' dir='ltr'>meridiana</span> <span class='ocrx_word' id='word_1_409' title='bbox 2321 3340 2494 3419; x_wconf 84' lang='lat' dir='ltr'>(quae</span> <span class='ocrx_word' id='word_1_410' title='bbox 2537 3347 2634 3402; x_wconf 89' lang='lat' dir='ltr'>est</span> <span class='ocrx_word' id='word_1_411' title='bbox 2673 3340 2748 3401; x_wconf 89' lang='lat' dir='ltr'>ad</span> <span class='ocrx_word' id='word_1_412' title='bbox 2782 3340 3101 3403; x_wconf 87' lang='lat' dir='ltr'>dexteram</span> <span class='ocrx_word' id='word_1_413' title='bbox 3139 3352 3430 3425; x_wconf 89' lang='lat' dir='ltr'>respectu</span> 
     </span>
     <span class='ocr_line' id='line_1_65' title="bbox 1939 3436 3432 3523; baseline 0.002 -23"><span class='ocrx_word' id='word_1_414' title='bbox 1939 3437 2229 3512; x_wconf 85' lang='lat' dir='ltr'>orientis,</span> <span class='ocrx_word' id='word_1_415' title='bbox 2280 3436 2346 3499; x_wconf 91' lang='lat' dir='ltr'>in</span> <span class='ocrx_word' id='word_1_416' title='bbox 2398 3454 2526 3518; x_wconf 90' lang='lat' dir='ltr'>quo</span> <span class='ocrx_word' id='word_1_417' title='bbox 2569 3436 2686 3499; x_wconf 88' lang='lat' dir='ltr'>Job</span> <span class='ocrx_word' id='word_1_418' title='bbox 2734 3436 3066 3515; x_wconf 87' lang='lat' dir='ltr'>habitavit,</span> <span class='ocrx_word' id='word_1_419' title='bbox 3121 3450 3192 3502; x_wconf 92' lang='lat' dir='ltr'>ut</span> <span class='ocrx_word' id='word_1_420' title='bbox 3241 3460 3432 3523; x_wconf 85' lang='lat' dir='ltr'>supra</span> 
     </span>
     <span class='ocr_line' id='line_1_66' title="bbox 1940 3536 3428 3617; baseline 0.003 -20"><span class='ocrx_word' id='word_1_421' title='bbox 1940 3536 2185 3617; x_wconf 86' lang='lat' dir='ltr'>patuit:</span> <span class='ocrx_word' id='word_1_422' title='bbox 2219 3555 2367 3597; x_wconf 91' lang='lat' dir='ltr'>nam</span> <span class='ocrx_word' id='word_1_423' title='bbox 2399 3536 2451 3597; x_wconf 90' lang='lat' dir='ltr'>si</span> <span class='ocrx_word' id='word_1_424' title='bbox 2483 3536 2628 3617; x_wconf 87' lang='lat' dir='ltr'>quis</span> <span class='ocrx_word' id='word_1_425' title='bbox 2655 3537 2732 3598; x_wconf 86' lang='lat' dir='ltr'>ad</span> <span class='ocrx_word' id='word_1_426' title='bbox 2765 3536 3075 3599; x_wconf 87' lang='lat' dir='ltr'>orientem</span> <span class='ocrx_word' id='word_1_427' title='bbox 3106 3556 3174 3600; x_wconf 91' lang='lat' dir='ltr'>se</span> <span class='ocrx_word' id='word_1_428' title='bbox 3203 3548 3428 3616; x_wconf 82' lang='lat' dir='ltr'>vertat,</span> 
     </span>
     <span class='ocr_line' id='line_1_67' title="bbox 1939 3634 3431 3718; baseline 0.004 -23"><span class='ocrx_word' id='word_1_429' title='bbox 1939 3634 2238 3697; x_wconf 80' lang='lat' dir='ltr'>meridies</span> <span class='ocrx_word' id='word_1_430' title='bbox 2278 3644 2540 3716; x_wconf 85' lang='lat' dir='ltr'>apparet</span> <span class='ocrx_word' id='word_1_431' title='bbox 2570 3635 2647 3697; x_wconf 89' lang='lat' dir='ltr'>ad</span> <span class='ocrx_word' id='word_1_432' title='bbox 2687 3635 3038 3713; x_wconf 88' lang='lat' dir='ltr'>dexteram)</span> <span class='ocrx_word' id='word_1_433' title='bbox 3075 3653 3087 3697; x_wconf 91' lang='lat'>:</span> <span class='ocrx_word' id='word_1_434' title='bbox 3127 3635 3360 3718; x_wconf 91' lang='lat' dir='ltr'>itaque,</span> <span class='ocrx_word' id='word_1_435' title='bbox 3395 3659 3431 3701; x_wconf 87' lang='lat' dir='ltr'>a</span> 
     </span>
     <span class='ocr_line' id='line_1_68' title="bbox 1940 3720 3430 3816; baseline 0.002 -19"><span class='ocrx_word' id='word_1_436' title='bbox 1940 3720 2118 3816; x_wconf 74' lang='lat' dir='ltr'>parte</span> <span class='ocrx_word' id='word_1_437' title='bbox 2146 3734 2500 3797; x_wconf 88' lang='lat' dir='ltr'>meridiana</span> <span class='ocrx_word' id='word_1_438' title='bbox 2530 3742 2861 3816; x_wconf 85' lang='lat' dir='ltr'>coeperunt</span> <span class='ocrx_word' id='word_1_439' title='bbox 2891 3743 3109 3796; x_wconf 89' lang='lat' dir='ltr'>eontra</span> <span class='ocrx_word' id='word_1_440' title='bbox 3147 3735 3262 3799; x_wconf 88' lang='lat' dir='ltr'>Job</span> <span class='ocrx_word' id='word_1_441' title='bbox 3302 3757 3430 3801; x_wconf 83' lang='lat' dir='ltr'>suae</span> 
     </span>
     <span class='ocr_line' id='line_1_69' title="bbox 1937 3832 3428 3915; baseline 0.001 -20"><span class='ocrx_word' id='word_1_442' title='bbox 1937 3833 2352 3896; x_wconf 87' lang='lat' dir='ltr'>adversitates</span> <span class='ocrx_word' id='word_1_443' title='bbox 2383 3840 2445 3895; x_wconf 90' lang='lat' dir='ltr'>et</span> <span class='ocrx_word' id='word_1_444' title='bbox 2474 3832 2865 3894; x_wconf 85' lang='lat' dir='ltr'>calamitates</span> <span class='ocrx_word' id='word_1_445' title='bbox 2898 3832 3224 3912; x_wconf 87' lang='lat' dir='ltr'>insurgere</span> <span class='ocrx_word' id='word_1_446' title='bbox 3245 3854 3258 3897; x_wconf 74' lang='grc' dir='ltr'><strong><em>ε</em></strong></span> <span class='ocrx_word' id='word_1_447' title='bbox 3279 3836 3428 3915; x_wconf 89' lang='lat' dir='ltr'>quia</span> 
     </span>
     <span class='ocr_line' id='line_1_70' title="bbox 1936 3931 3431 4012; baseline 0.002 -20"><span class='ocrx_word' id='word_1_448' title='bbox 1936 3933 2035 4011; x_wconf 92' lang='lat' dir='ltr'>(ut</span> <span class='ocrx_word' id='word_1_449' title='bbox 2073 3931 2336 4011; x_wconf 88' lang='lat' dir='ltr'>dicitur)</span> <span class='ocrx_word' id='word_1_450' title='bbox 2363 3952 2440 3993; x_wconf 84' lang='lat' dir='ltr'>ex</span> <span class='ocrx_word' id='word_1_451' title='bbox 2489 3931 2599 3992; x_wconf 90' lang='lat' dir='ltr'>illa</span> <span class='ocrx_word' id='word_1_452' title='bbox 2641 3939 2818 4012; x_wconf 86' lang='lat' dir='ltr'>parte</span> <span class='ocrx_word' id='word_1_453' title='bbox 2860 3939 3171 3994; x_wconf 86' lang='lat' dir='ltr'>venerunt</span> <span class='ocrx_word' id='word_1_454' title='bbox 3211 3942 3431 3995; x_wconf 84' lang='lat' dir='ltr'>eontra</span> 
     </span>
     <span class='ocr_line' id='line_1_71' title="bbox 1939 4028 3724 4110; baseline 0.001 -19"><span class='ocrx_word' id='word_1_455' title='bbox 1939 4049 2083 4091; x_wconf 90' lang='lat' dir='ltr'>eum</span> <span class='ocrx_word' id='word_1_456' title='bbox 2115 4028 2466 4109; x_wconf 84' lang='lat' dir='ltr'>Sabaei‚qui</span> <span class='ocrx_word' id='word_1_457' title='bbox 2500 4028 2705 4110; x_wconf 91' lang='lat' dir='ltr'>primo</span> <span class='ocrx_word' id='word_1_458' title='bbox 2733 4028 2928 4092; x_wconf 86' lang='lat' dir='ltr'>boves</span> <span class='ocrx_word' id='word_1_459' title='bbox 2959 4038 3023 4091; x_wconf 89' lang='lat' dir='ltr'>et</span> <span class='ocrx_word' id='word_1_460' title='bbox 3048 4029 3261 4092; x_wconf 89' lang='lat' dir='ltr'>asinos</span> <span class='ocrx_word' id='word_1_461' title='bbox 3293 4049 3432 4092; x_wconf 85' lang='lat' dir='ltr'>san·</span> <span class='ocrx_word' id='word_1_462' title='bbox 3457 4047 3724 4099; x_wconf 48' lang='lat' dir='ltr'>mattas.</span> 
     </span>
     <span class='ocr_line' id='line_1_72' title="bbox 1938 4126 3430 4210; baseline 0.001 -19"><span class='ocrx_word' id='word_1_463' title='bbox 1938 4129 2023 4191; x_wconf 90' lang='lat' dir='ltr'>eti</span> <span class='ocrx_word' id='word_1_464' title='bbox 2061 4128 2178 4190; x_wconf 88' lang='lat' dir='ltr'>Job</span> <span class='ocrx_word' id='word_1_465' title='bbox 2219 4137 2586 4210; x_wconf 84' lang='lat' dir='ltr'>rapuerunt,</span> <span class='ocrx_word' id='word_1_466' title='bbox 2629 4126 2897 4208; x_wconf 84' lang='lat' dir='ltr'>ejusque</span> <span class='ocrx_word' id='word_1_467' title='bbox 2936 4148 3187 4210; x_wconf 80' lang='lat' dir='ltr'>puer08‚</span> <span class='ocrx_word' id='word_1_468' title='bbox 3234 4129 3295 4191; x_wconf 89' lang='lat' dir='ltr'>id</span> <span class='ocrx_word' id='word_1_469' title='bbox 3335 4138 3430 4193; x_wconf 88' lang='lat' dir='ltr'>est</span> 
     </span>
    </p>
   </div>
   <div class='ocr_carea' id='block_1_11' title="bbox 3485 3459 3708 3511">
    <p class='ocr_par' dir='ltr' id='par_1_19' title="bbox 3485 3459 3708 3511">
     <span class='ocr_line' id='line_1_73' title="bbox 3485 3459 3708 3511; baseline 0 -8"><span class='ocrx_word' id='word_1_470' title='bbox 3485 3459 3604 3503; x_wconf 76' lang='lat' dir='ltr'>lbid.</span> <span class='ocrx_word' id='word_1_471' title='bbox 3623 3475 3650 3511; x_wconf 78' lang='grc' dir='ltr'>ι,</span> <span class='ocrx_word' id='word_1_472' title='bbox 3669 3464 3708 3503; x_wconf 83' lang='grc'>3.</span> 
     </span>
    </p>
   </div>
   <div class='ocr_carea' id='block_1_12' title="bbox 329 4224 3430 4308">
    <p class='ocr_par' dir='ltr' id='par_1_20' title="bbox 329 4224 3430 4308">
     <span class='ocr_line' id='line_1_74' title="bbox 329 4224 3430 4308; baseline -0.001 -18"><span class='ocrx_word' id='word_1_473' title='bbox 329 4229 411 4290; x_wconf 90' lang='lat' dir='ltr'>de</span> <span class='ocrx_word' id='word_1_474' title='bbox 456 4227 574 4289; x_wconf 87' lang='lat' dir='ltr'>Job</span> <span class='ocrx_word' id='word_1_475' title='bbox 623 4234 1142 4308; x_wconf 88' lang='lat' dir='ltr'>composuerunt,</span> <span class='ocrx_word' id='word_1_476' title='bbox 1196 4224 1463 4288; x_wconf 88' lang='lat' dir='ltr'>dicendo</span> <span class='ocrx_word' id='word_1_477' title='bbox 1510 4244 1523 4287; x_wconf 90' lang='lat'><strong>:</strong></span> <span class='ocrx_word' id='word_1_478' title='bbox 1568 4227 1827 4290; x_wconf 85' lang='lat' dir='ltr'>Aecidat</span> <span class='ocrx_word' id='word_1_479' title='bbox 1856 4225 1906 4286; x_wconf 91' lang='lat' dir='ltr'>D</span> <span class='ocrx_word' id='word_1_480' title='bbox 1940 4235 2245 4308; x_wconf 83' lang='lat' dir='ltr'>pastoreS‚</span> <span class='ocrx_word' id='word_1_481' title='bbox 2304 4225 2783 4289; x_wconf 83' lang='lat' dir='ltr'>interfecerunt.</span> <span class='ocrx_word' id='word_1_482' title='bbox 2829 4231 3030 4289; x_wconf 81' lang='lat' dir='ltr'>Pedes</span> <span class='ocrx_word' id='word_1_483' title='bbox 3077 4249 3242 4289; x_wconf 80' lang='lat' dir='ltr'>meos</span> <span class='ocrx_word' id='word_1_484' title='bbox 3287 4231 3430 4289; x_wconf 84' lang='lat' dir='ltr'>sub-</span> 
     </span>
    </p>
   </div>
   <div class='ocr_carea' id='block_1_13' title="bbox 64 4324 1828 5372">
    <p class='ocr_par' dir='ltr' id='par_1_21' title="bbox 333 4324 1828 4407">
     <span class='ocr_line' id='line_1_75' title="bbox 333 4324 1828 4407; baseline 0 -20"><span class='ocrx_word' id='word_1_485' title='bbox 333 4326 453 4387; x_wconf 90' lang='lat' dir='ltr'>tibi</span> <span class='ocrx_word' id='word_1_486' title='bbox 496 4333 561 4387; x_wconf 92' lang='lat' dir='ltr'>et</span> <span class='ocrx_word' id='word_1_487' title='bbox 603 4343 827 4407; x_wconf 87' lang='lat' dir='ltr'>pereas</span> <span class='ocrx_word' id='word_1_488' title='bbox 871 4324 1033 4386; x_wconf 88' lang='lat' dir='ltr'>sieut</span> <span class='ocrx_word' id='word_1_489' title='bbox 1072 4324 1209 4386; x_wconf 87' lang='lat' dir='ltr'>Job.</span> <span class='ocrx_word' id='word_1_490' title='bbox 1255 4324 1411 4386; x_wconf 87' lang='lat' dir='ltr'>Hine</span> <span class='ocrx_word' id='word_1_491' title='bbox 1450 4344 1640 4406; x_wconf 87' lang='lat' dir='ltr'>supra</span> <span class='ocrx_word' id='word_1_492' title='bbox 1686 4345 1828 4387; x_wconf 89' lang='lat' dir='ltr'>san-</span> 
     </span>
    </p>

    <p class='ocr_par' dir='ltr' id='par_1_22' title="bbox 64 4421 1828 5372">
     <span class='ocr_line' id='line_1_76' title="bbox 64 4421 1828 4503; baseline -0.003 -14"><span class='ocrx_word' id='word_1_493' title='bbox 64 4434 475 4495; x_wconf 63' lang='lat' dir='ltr'>10⁶1v12.t-,.ct11s</span> <span class='ocrx_word' id='word_1_494' title='bbox 523 4424 640 4486; x_wconf 89' lang='lat' dir='ltr'>Job</span> <span class='ocrx_word' id='word_1_495' title='bbox 690 4423 849 4485; x_wconf 85' lang='lat' dir='ltr'>dixit</span> <span class='ocrx_word' id='word_1_496' title='bbox 886 4422 1149 4486; x_wconf 90' lang='lat' dir='ltr'>:Posuit</span> <span class='ocrx_word' id='word_1_497' title='bbox 1192 4440 1295 4484; x_wconf 90' lang='lat' dir='ltr'>me</span> <span class='ocrx_word' id='word_1_498' title='bbox 1339 4421 1523 4503; x_wconf 89' lang='lat' dir='ltr'>quasi</span> <span class='ocrx_word' id='word_1_499' title='bbox 1575 4422 1639 4483; x_wconf 89' lang='lat' dir='ltr'>in</span> <span class='ocrx_word' id='word_1_500' title='bbox 1690 4440 1828 4503; x_wconf 91' lang='lat' dir='ltr'>pro-</span> 
     </span>
     <span class='ocr_line' id='line_1_77' title="bbox 332 4520 1825 4602; baseline -0.004 -15"><span class='ocrx_word' id='word_1_501' title='bbox 332 4522 626 4587; x_wconf 81' lang='lat' dir='ltr'>verbium</span> <span class='ocrx_word' id='word_1_502' title='bbox 678 4522 875 4601; x_wconf 86' lang='lat' dir='ltr'>vulgi,</span> <span class='ocrx_word' id='word_1_503' title='bbox 910 4530 971 4584; x_wconf 83' lang='lat' dir='ltr'>et</span> <span class='ocrx_word' id='word_1_504' title='bbox 1018 4520 1380 4602; x_wconf 88' lang='lat' dir='ltr'>exemplum</span> <span class='ocrx_word' id='word_1_505' title='bbox 1428 4539 1568 4582; x_wconf 90' lang='lat' dir='ltr'>sum</span> <span class='ocrx_word' id='word_1_506' title='bbox 1614 4540 1825 4583; x_wconf 88' lang='lat' dir='ltr'>eoram</span> 
     </span>
     <span class='ocr_line' id='line_1_78' title="bbox 326 4619 1827 4701; baseline -0.003 -17"><span class='ocrx_word' id='word_1_507' title='bbox 326 4621 445 4685; x_wconf 80' lang='lat' dir='ltr'>eiS.</span> <span class='ocrx_word' id='word_1_508' title='bbox 482 4621 560 4681; x_wconf 87' lang='lat' dir='ltr'>Et</span> <span class='ocrx_word' id='word_1_509' title='bbox 598 4620 687 4683; x_wconf 91' lang='lat' dir='ltr'>ibi</span> <span class='ocrx_word' id='word_1_510' title='bbox 726 4620 861 4683; x_wconf 81' lang='lat' dir='ltr'>haee</span> <span class='ocrx_word' id='word_1_511' title='bbox 903 4620 1105 4700; x_wconf 90' lang='lat' dir='ltr'>magis</span> <span class='ocrx_word' id='word_1_512' title='bbox 1144 4619 1431 4701; x_wconf 87' lang='lat' dir='ltr'>exposita</span> <span class='ocrx_word' id='word_1_513' title='bbox 1462 4627 1631 4681; x_wconf 91' lang='lat' dir='ltr'>sunt.</span> <span class='ocrx_word' id='word_1_514' title='bbox 1665 4622 1827 4681; x_wconf 82' lang='lat' dir='ltr'>Abo-</span> 
     </span>
     <span class='ocr_line' id='line_1_79' title="bbox 326 4717 1827 4797; baseline -0.003 -16"><span class='ocrx_word' id='word_1_515' title='bbox 326 4723 679 4781; x_wconf 78' lang='lat' dir='ltr'>minantar</span> <span class='ocrx_word' id='word_1_516' title='bbox 730 4740 851 4788; x_wconf 82' lang='lat' dir='ltr'>me,</span> <span class='ocrx_word' id='word_1_517' title='bbox 904 4726 1203 4797; x_wconf 89' lang='lat' dir='ltr'>tanquam</span> <span class='ocrx_word' id='word_1_518' title='bbox 1264 4717 1715 4793; x_wconf 88' lang='lat' dir='ltr'>miserrimum,</span> <span class='ocrx_word' id='word_1_519' title='bbox 1767 4728 1827 4778; x_wconf 78' lang='lat' dir='ltr'>et</span> 
     </span>
     <span class='ocr_line' id='line_1_80' title="bbox 324 4815 1826 4896; baseline 0 -19"><span class='ocrx_word' id='word_1_520' title='bbox 324 4822 515 4893; x_wconf 71' lang='lat' dir='ltr'>lorefse</span> <span class='ocrx_word' id='word_1_521' title='bbox 542 4821 718 4893; x_wconf 75' lang='lat' dir='ltr'>fiunt</span> <span class='ocrx_word' id='word_1_522' title='bbox 746 4838 787 4877; x_wconf 84' lang='lat' dir='ltr'>a</span> <span class='ocrx_word' id='word_1_523' title='bbox 816 4838 939 4885; x_wconf 84' lang='lat' dir='ltr'>me,</span> <span class='ocrx_word' id='word_1_524' title='bbox 973 4826 1276 4895; x_wconf 86' lang='lat' dir='ltr'>tanquam</span> <span class='ocrx_word' id='word_1_525' title='bbox 1307 4815 1385 4877; x_wconf 88' lang='lat' dir='ltr'>ab</span> <span class='ocrx_word' id='word_1_526' title='bbox 1425 4815 1684 4879; x_wconf 90' lang='lat' dir='ltr'>homine</span> <span class='ocrx_word' id='word_1_527' title='bbox 1724 4834 1826 4896; x_wconf 91' lang='lat' dir='ltr'>pe-</span> 
     </span>
     <span class='ocr_line' id='line_1_81' title="bbox 325 4916 1826 4991; baseline -0.002 -14"><span class='ocrx_word' id='word_1_528' title='bbox 325 4916 499 4977; x_wconf 84' lang='lat' dir='ltr'>nitus</span> <span class='ocrx_word' id='word_1_529' title='bbox 531 4916 936 4987; x_wconf 78' lang='lat' dir='ltr'>detestand03</span> <span class='ocrx_word' id='word_1_530' title='bbox 970 4925 1031 4975; x_wconf 78' lang='lat' dir='ltr'>et</span> <span class='ocrx_word' id='word_1_531' title='bbox 1058 4916 1295 4991; x_wconf 83' lang='lat' dir='ltr'>faciem</span> <span class='ocrx_word' id='word_1_532' title='bbox 1327 4934 1531 4974; x_wconf 82' lang='lat' dir='ltr'>meam</span> <span class='ocrx_word' id='word_1_533' title='bbox 1563 4934 1826 4991; x_wconf 79' lang='lat' dir='ltr'>conspu-</span> 
     </span>
     <span class='ocr_line' id='line_1_82' title="bbox 320 5011 1825 5094; baseline 0 -21"><span class='ocrx_word' id='word_1_534' title='bbox 320 5034 426 5073; x_wconf 83' lang='lat' dir='ltr'>ere</span> <span class='ocrx_word' id='word_1_535' title='bbox 458 5034 588 5074; x_wconf 80' lang='lat' dir='ltr'>non</span> <span class='ocrx_word' id='word_1_536' title='bbox 622 5023 949 5082; x_wconf 79' lang='lat' dir='ltr'>verentur,</span> <span class='ocrx_word' id='word_1_537' title='bbox 982 5019 1348 5094; x_wconf 87' lang='lat' dir='ltr'>reputantes</span> <span class='ocrx_word' id='word_1_538' title='bbox 1379 5030 1479 5073; x_wconf 89' lang='lat' dir='ltr'>me</span> <span class='ocrx_word' id='word_1_539' title='bbox 1512 5020 1637 5073; x_wconf 88' lang='lat' dir='ltr'>tam</span> <span class='ocrx_word' id='word_1_540' title='bbox 1670 5011 1825 5073; x_wconf 91' lang='lat' dir='ltr'>indi-</span> 
     </span>
     <span class='ocr_line' id='line_1_83' title="bbox 322 5109 1825 5191; baseline -0.001 -18"><span class='ocrx_word' id='word_1_541' title='bbox 322 5130 546 5191; x_wconf 87' lang='lat' dir='ltr'>gnum,</span> <span class='ocrx_word' id='word_1_542' title='bbox 580 5120 651 5173; x_wconf 90' lang='lat' dir='ltr'>ut</span> <span class='ocrx_word' id='word_1_543' title='bbox 691 5112 830 5173; x_wconf 87' lang='lat' dir='ltr'>sine</span> <span class='ocrx_word' id='word_1_544' title='bbox 870 5120 1127 5191; x_wconf 88' lang='lat' dir='ltr'>peceato</span> <span class='ocrx_word' id='word_1_545' title='bbox 1168 5110 1443 5191; x_wconf 90' lang='lat' dir='ltr'>quilibet</span> <span class='ocrx_word' id='word_1_546' title='bbox 1480 5109 1682 5191; x_wconf 88' lang='lat' dir='ltr'>possit</span> <span class='ocrx_word' id='word_1_547' title='bbox 1722 5129 1825 5172; x_wconf 90' lang='lat' dir='ltr'>me</span> 
     </span>
     <span class='ocr_line' id='line_1_84' title="bbox 324 5208 1823 5293; baseline -0.001 -20"><span class='ocrx_word' id='word_1_548' title='bbox 324 5210 627 5293; x_wconf 84' lang='lat' dir='ltr'>persequi</span> <span class='ocrx_word' id='word_1_549' title='bbox 662 5230 676 5275; x_wconf 75' lang='grc' dir='ltr'><strong><em>ε</em></strong></span> <span class='ocrx_word' id='word_1_550' title='bbox 710 5211 880 5292; x_wconf 91' lang='lat' dir='ltr'>quod</span> <span class='ocrx_word' id='word_1_551' title='bbox 914 5208 1259 5289; x_wconf 84' lang='lat' dir='ltr'>instigante</span> <span class='ocrx_word' id='word_1_552' title='bbox 1297 5208 1554 5271; x_wconf 85' lang='lat' dir='ltr'>diabolo</span> <span class='ocrx_word' id='word_1_553' title='bbox 1600 5208 1823 5271; x_wconf 79' lang='lat' dir='ltr'>fecisse</span> 
     </span>
     <span class='ocr_line' id='line_1_85' title="bbox 325 5310 696 5372; baseline -0.003 -1"><span class='ocrx_word' id='word_1_554' title='bbox 325 5310 696 5372; x_wconf 86' lang='lat' dir='ltr'>ereduntur.</span> 
     </span>
    </p>
   </div>
   <div class='ocr_carea' id='block_1_14' title="bbox 1934 4323 3430 5387">
    <p class='ocr_par' dir='ltr' id='par_1_23' title="bbox 1934 4323 3430 5387">
     <span class='ocr_line' id='line_1_86' title="bbox 1945 4323 3430 4407; baseline 0.003 -22"><span class='ocrx_word' id='word_1_555' title='bbox 1945 4334 2293 4394; x_wconf 76' lang='lat' dir='ltr'>verterunt,</span> <span class='ocrx_word' id='word_1_556' title='bbox 2334 4323 2397 4385; x_wconf 88' lang='lat' dir='ltr'>id</span> <span class='ocrx_word' id='word_1_557' title='bbox 2443 4333 2560 4400; x_wconf 85' lang='lat' dir='ltr'>est,</span> <span class='ocrx_word' id='word_1_558' title='bbox 2600 4344 2636 4386; x_wconf 83' lang='lat' dir='ltr'>a</span> <span class='ocrx_word' id='word_1_559' title='bbox 2676 4324 2881 4387; x_wconf 88' lang='lat' dir='ltr'>solitis</span> <span class='ocrx_word' id='word_1_560' title='bbox 2919 4325 3042 4388; x_wconf 86' lang='lat' dir='ltr'>viis</span> <span class='ocrx_word' id='word_1_561' title='bbox 3084 4324 3430 4407; x_wconf 86' lang='lat' dir='ltr'>impedive-</span> 
     </span>
     <span class='ocr_line' id='line_1_87' title="bbox 1939 4424 3428 4502; baseline 0.001 -18"><span class='ocrx_word' id='word_1_562' title='bbox 1939 4431 2106 4497; x_wconf 84' lang='lat' dir='ltr'>runt,</span> <span class='ocrx_word' id='word_1_563' title='bbox 2150 4434 2211 4482; x_wconf 78' lang='lat' dir='ltr'>et</span> <span class='ocrx_word' id='word_1_564' title='bbox 2257 4432 2708 4501; x_wconf 76' lang='lat' dir='ltr'>oppresserunt</span> <span class='ocrx_word' id='word_1_565' title='bbox 2754 4424 2942 4502; x_wconf 77' lang='lat' dir='ltr'>quasi</span> <span class='ocrx_word' id='word_1_566' title='bbox 2985 4426 3315 4498; x_wconf 73' lang='lat' dir='ltr'>fluctibus,</span> <span class='ocrx_word' id='word_1_567' title='bbox 3366 4424 3428 4485; x_wconf 88' lang='lat' dir='ltr'>id</span> 
     </span>
     <span class='ocr_line' id='line_1_88' title="bbox 1937 4521 3428 4603; baseline 0.001 -20"><span class='ocrx_word' id='word_1_568' title='bbox 1937 4530 2051 4599; x_wconf 86' lang='lat' dir='ltr'>est,</span> <span class='ocrx_word' id='word_1_569' title='bbox 2066 4538 2321 4600; x_wconf 87' lang='lat' dir='ltr'>gressus</span> <span class='ocrx_word' id='word_1_570' title='bbox 2351 4540 2526 4583; x_wconf 90' lang='lat' dir='ltr'>meos</span> <span class='ocrx_word' id='word_1_571' title='bbox 2559 4521 2911 4601; x_wconf 85' lang='lat' dir='ltr'>impetuose</span> <span class='ocrx_word' id='word_1_572' title='bbox 2941 4522 3428 4603; x_wconf 83' lang='lat' dir='ltr'>impediverunt,</span> 
     </span>
     <span class='ocr_line' id='line_1_89' title="bbox 1934 4618 3430 4690; baseline 0.003 -11"><span class='ocrx_word' id='word_1_573' title='bbox 1934 4621 2179 4681; x_wconf 75' lang='lat' dir='ltr'>semitis</span> <span class='ocrx_word' id='word_1_574' title='bbox 2209 4622 2367 4690; x_wconf 62' lang='grc' dir='ltr'><strong><em>δαῖε,</em></strong></span> <span class='ocrx_word' id='word_1_575' title='bbox 2405 4619 2468 4680; x_wconf 91' lang='lat' dir='ltr'>id</span> <span class='ocrx_word' id='word_1_576' title='bbox 2514 4626 2608 4681; x_wconf 86' lang='lat' dir='ltr'>est</span> <span class='ocrx_word' id='word_1_577' title='bbox 2653 4618 2952 4681; x_wconf 88' lang='lat' dir='ltr'>violentis</span> <span class='ocrx_word' id='word_1_578' title='bbox 2996 4621 3128 4683; x_wconf 93' lang='lat' dir='ltr'>suis</span> <span class='ocrx_word' id='word_1_579' title='bbox 3173 4621 3430 4684; x_wconf 86' lang='lat' dir='ltr'>accessi-</span> 
     </span>
     <span class='ocr_line' id='line_1_90' title="bbox 1935 4718 3430 4800; baseline 0.001 -19"><span class='ocrx_word' id='word_1_580' title='bbox 1935 4719 2055 4781; x_wconf 87' lang='lat' dir='ltr'>bus</span> <span class='ocrx_word' id='word_1_581' title='bbox 2102 4726 2322 4780; x_wconf 87' lang='lat' dir='ltr'>contra</span> <span class='ocrx_word' id='word_1_582' title='bbox 2361 4736 2484 4793; x_wconf 88' lang='lat' dir='ltr'>me,</span> <span class='ocrx_word' id='word_1_583' title='bbox 2528 4718 2614 4779; x_wconf 89' lang='lat' dir='ltr'>ita</span> <span class='ocrx_word' id='word_1_584' title='bbox 2655 4720 2826 4798; x_wconf 91' lang='lat' dir='ltr'>quod</span> <span class='ocrx_word' id='word_1_585' title='bbox 2865 4738 2996 4800; x_wconf 82' lang='lat' dir='ltr'>prae</span> <span class='ocrx_word' id='word_1_586' title='bbox 3035 4721 3430 4783; x_wconf 85' lang='lat' dir='ltr'>adversitati-</span> 
     </span>
     <span class='ocr_line' id='line_1_91' title="bbox 1936 4815 3429 4896; baseline 0.001 -19"><span class='ocrx_word' id='word_1_587' title='bbox 1936 4816 2055 4878; x_wconf 90' lang='lat' dir='ltr'>bus</span> <span class='ocrx_word' id='word_1_588' title='bbox 2088 4834 2215 4878; x_wconf 92' lang='lat' dir='ltr'>non</span> <span class='ocrx_word' id='word_1_589' title='bbox 2250 4815 2456 4878; x_wconf 89' lang='lat' dir='ltr'>habeo</span> <span class='ocrx_word' id='word_1_590' title='bbox 2487 4835 2614 4896; x_wconf 89' lang='lat' dir='ltr'>quo</span> <span class='ocrx_word' id='word_1_591' title='bbox 2647 4835 2748 4878; x_wconf 88' lang='lat' dir='ltr'>me</span> <span class='ocrx_word' id='word_1_592' title='bbox 2777 4825 3041 4879; x_wconf 88' lang='lat' dir='ltr'>vertam.</span> <span class='ocrx_word' id='word_1_593' title='bbox 3067 4820 3429 4895; x_wconf 71' lang='lat' dir='ltr'>Dissipave-</span> 
     </span>
     <span class='ocr_line' id='line_1_92' title="bbox 1936 4913 3425 4995; baseline 0.003 -21"><span class='ocrx_word' id='word_1_594' title='bbox 1936 4925 2094 4975; x_wconf 77' lang='lat' dir='ltr'>rant</span> <span class='ocrx_word' id='word_1_595' title='bbox 2129 4916 2370 4974; x_wconf 77' lang='lat' dir='ltr'>itinera</span> <span class='ocrx_word' id='word_1_596' title='bbox 2402 4935 2563 4985; x_wconf 81' lang='lat' dir='ltr'>mea,</span> <span class='ocrx_word' id='word_1_597' title='bbox 2600 4913 2661 4975; x_wconf 90' lang='lat' dir='ltr'>id</span> <span class='ocrx_word' id='word_1_598' title='bbox 2703 4922 2798 4976; x_wconf 88' lang='lat' dir='ltr'>est</span> <span class='ocrx_word' id='word_1_599' title='bbox 2836 4933 3098 4995; x_wconf 89' lang='lat' dir='ltr'>operum</span> <span class='ocrx_word' id='word_1_600' title='bbox 3139 4933 3425 4979; x_wconf 88' lang='lat' dir='ltr'>meorum</span> 
     </span>
     <span class='ocr_line' id='line_1_93' title="bbox 1937 5012 3428 5095; baseline 0.003 -23"><span class='ocrx_word' id='word_1_601' title='bbox 1937 5029 2270 5094; x_wconf 89' lang='lat' dir='ltr'>processus</span> <span class='ocrx_word' id='word_1_602' title='bbox 2330 5020 2392 5073; x_wconf 90' lang='lat' dir='ltr'>et</span> <span class='ocrx_word' id='word_1_603' title='bbox 2446 5012 2830 5085; x_wconf 77' lang='lat' dir='ltr'>commoda3</span> <span class='ocrx_word' id='word_1_604' title='bbox 2881 5012 2982 5074; x_wconf 83' lang='lat' dir='ltr'>vel</span> <span class='ocrx_word' id='word_1_605' title='bbox 3042 5013 3232 5075; x_wconf 88' lang='lat' dir='ltr'>etiam</span> <span class='ocrx_word' id='word_1_606' title='bbox 3289 5014 3428 5095; x_wconf 89' lang='lat' dir='ltr'>ipsa</span> 
     </span>
     <span class='ocr_line' id='line_1_94' title="bbox 1936 5109 3426 5193; baseline -0.001 -19"><span class='ocrx_word' id='word_1_607' title='bbox 1936 5110 2291 5192; x_wconf 89' lang='lat' dir='ltr'>corporalia</span> <span class='ocrx_word' id='word_1_608' title='bbox 2341 5118 2522 5171; x_wconf 82' lang='lat' dir='ltr'>terrae</span> <span class='ocrx_word' id='word_1_609' title='bbox 2572 5109 2824 5185; x_wconf 84' lang='lat' dir='ltr'>itinera,</span> <span class='ocrx_word' id='word_1_610' title='bbox 2875 5129 2988 5191; x_wconf 89' lang='lat' dir='ltr'>per</span> <span class='ocrx_word' id='word_1_611' title='bbox 3037 5130 3179 5191; x_wconf 83' lang='lat' dir='ltr'>quae</span> <span class='ocrx_word' id='word_1_612' title='bbox 3233 5112 3426 5193; x_wconf 90' lang='lat' dir='ltr'>perti·</span> 
     </span>
     <span class='ocr_line' id='line_1_95' title="bbox 1938 5206 3428 5282; baseline -0.001 -12"><span class='ocrx_word' id='word_1_613' title='bbox 1938 5207 2153 5271; x_wconf 84' lang='lat' dir='ltr'>nentia</span> <span class='ocrx_word' id='word_1_614' title='bbox 2186 5209 2262 5270; x_wconf 89' lang='lat' dir='ltr'>ad</span> <span class='ocrx_word' id='word_1_615' title='bbox 2294 5226 2415 5282; x_wconf 89' lang='lat' dir='ltr'>me,</span> <span class='ocrx_word' id='word_1_616' title='bbox 2449 5207 2596 5269; x_wconf 90' lang='lat' dir='ltr'>duci</span> <span class='ocrx_word' id='word_1_617' title='bbox 2630 5226 2741 5269; x_wconf 88' lang='lat' dir='ltr'>seu</span> <span class='ocrx_word' id='word_1_618' title='bbox 2783 5206 2874 5269; x_wconf 88' lang='lat' dir='ltr'>ire</span> <span class='ocrx_word' id='word_1_619' title='bbox 2915 5208 3223 5271; x_wconf 87' lang='lat' dir='ltr'>solebant.</span> <span class='ocrx_word' id='word_1_620' title='bbox 3256 5214 3428 5271; x_wconf 80' lang='lat' dir='ltr'>Insi-</span> 
     </span>
     <span class='ocr_line' id='line_1_96' title="bbox 1936 5304 3427 5387; baseline 0.001 -21"><span class='ocrx_word' id='word_1_621' title='bbox 1936 5308 2108 5367; x_wconf 77' lang='lat' dir='ltr'>diati</span> <span class='ocrx_word' id='word_1_622' title='bbox 2134 5316 2289 5367; x_wconf 72' lang='lat' dir='ltr'>sant</span> <span class='ocrx_word' id='word_1_623' title='bbox 2318 5306 2509 5373; x_wconf 77' lang='lat' dir='ltr'>milei,</span> <span class='ocrx_word' id='word_1_624' title='bbox 2540 5304 2756 5367; x_wconf 89' lang='lat' dir='ltr'>dolose</span> <span class='ocrx_word' id='word_1_625' title='bbox 2785 5304 3120 5369; x_wconf 88' lang='lat' dir='ltr'>molientes</span> <span class='ocrx_word' id='word_1_626' title='bbox 3152 5306 3427 5387; x_wconf 84' lang='lat' dir='ltr'>qualiter</span> 
     </span>
    </p>
   </div>
  </div>
 </body>
</html>
