4309 6259
138 2168 188 2211 12.
197 2184 347 2223 xxxnu,

123 2236 158 2277 21
167 2267 176 2277 .

120 5061 135 5076 ο
155 5016 362 5072 nullux,

141 5080 202 5119 ιτ-
213 5084 268 5127 ιε.
289 5086 336 5125 22
351 5099 362 5135 ;

139 5140 364 5192 Herem&-

139 5205 253 5256 ³⁴3&
265 5207 366 5251 Luc.

139 5278 230 5311 nn.
243 5272 367 5321 :tl-³3,

142 5330 368 5385 ³⁵:⁸¹¹&st

993 499 1345 546 manuario
1387 500 1449 546 m
1491 499 1630 545 car.
1674 498 1722 545 u
1759 498 1918 545 unm
1959 498 2183 553 onan-1¹1
2223 499 2446 545 uacum.
2492 516 2573 529 —
2614 498 2755 545 Λιιτ.
2804 498 2871 545 ιιι
3386 480 3455 543 11

375 673 771 742 attulissent,
801 691 1084 748 eqressus
1112 674 1202 732 ad
1229 671 1474 749 fontem
1517 689 1868 751 aquarum,
1897 667 1949 731 A
1975 668 2091 731 tris
2125 668 2470 747 informati,
2496 678 2567 731 ut
2599 669 2882 733 facerent
2903 668 3094 732 istud.
3116 671 3242 738 Qui
3259 687 3461 748 quum

375 772 558 831 misit
587 771 662 831 in
693 772 892 831 illum
910 774 1035 841 sal,
1053 780 1113 831 et
1143 772 1260 843 ait,
1286 769 1572 833 oratione
1592 766 1869 850 praemis-

375 888 443 931 sa
473 876 538 931 et
569 868 965 932 certificatus
997 869 1076 931 de
1103 888 1219 930 sua
1248 867 1691 931 exauditione:
1717 870 1872 929 Hoec

371 970 536 1029 dicit
568 970 892 1029 Dominus
923 990 945 1028 .·
977 970 1232 1029 Sanavi
1259 988 1462 1045 aquas
1489 968 1628 1037 has,
1653 966 1714 1028 id
1747 974 1865 1042 est,

369 1069 512 1151 jam·
533 1087 642 1130 cas
662 1068 871 1150 eripio
891 1086 928 1130 a
947 1074 1248 1149 corrupta
1267 1085 1484 1130 earum
1516 1065 1873 1149 dispositio-

371 1186 474 1243 ne,
493 1178 555 1228 et
587 1188 716 1227 naon
749 1169 874 1249 erit
905 1169 979 1227 in
1007 1168 1102 1225 eis
1131 1170 1309 1228 ultra
1335 1186 1504 1226 mors
1525 1185 1727 1246 neque
1755 1176 1872 1225 ste-

368 1269 594 1328 rilitas
623 1288 648 1325 .·
676 1285 822 1348 quae
855 1265 1116 1327 fuerunt
1147 1266 1214 1328 in
1249 1265 1432 1347 aquis
1474 1284 1601 1327 non
1637 1264 1872 1327 forma-

372 1366 542 1441 liter,
564 1366 675 1427 sed
709 1364 1071 1441 causaliter,
1107 1364 1260 1445 quia
1292 1364 1586 1427 morbum
1616 1363 1869 1426 letalem

371 1462 743 1525 inferebant
782 1461 1174 1543 potantibuS‚
1209 1470 1274 1524 et
1319 1469 1551 1524 terram
1591 1460 1869 1523 vicinam

373 1560 730 1625 reddebant
789 1558 1277 1622 infructuosam.
1323 1558 1490 1621 Misit
1541 1566 1752 1621 autem
1805 1558 1869 1619 in

372 1678 478 1721 eas
497 1658 630 1735 sal,
665 1666 930 1741 propter
958 1658 1258 1739 mysticas
1299 1657 1576 1721 rationes
1606 1676 1749 1738 quae
1781 1656 1872 1718 in-

374 1758 728 1832 ducentur3
763 1764 827 1820 et
871 1764 940 1820 ut
986 1756 1368 1819 miraculum
1409 1763 1571 1819 esset
1618 1756 1872 1838 praecla-

1976 772 2373 847 respexisset,
2413 773 2581 831 vidit
2619 791 2744 839 eos,
2774 780 2832 831 et
2874 772 3218 831 maledixit
3256 771 3349 829 eis
3391 770 3465 829 in

1977 871 2237 930 nomine
2270 870 2559 938 Domini,
2590 868 2657 930 id
2688 876 2806 947 est,
2848 867 3013 931 mala
3057 867 3333 949 poenalia
3373 866 3465 930 eis

1977 967 2448 1049 imprecabatur
2476 967 2715 1031 virtute
2743 966 2983 1043 divina,
3007 974 3069 1029 et
3092 983 3323 1029 nomen
3348 966 3467 1029 Do-

1977 1066 2142 1129 mini
2190 1066 2565 1142 invocando‚
2620 1065 2722 1130 vel
2768 1066 2947 1148 juxta
2994 1064 3465 1147 beneplacitum

1977 1165 2110 1242 Dei,
2147 1172 2210 1227 et
2240 1183 2354 1246 per
2384 1183 2617 1227 nomen
2662 1164 2863 1246 ipsius
2899 1181 2912 1225 τ
2947 1163 3119 1245 quod
3151 1162 3307 1226 fecit
3333 1164 3466 1227 zelo

1976 1263 2263 1347 justitioe,
2300 1283 2379 1326 ne
2410 1262 2589 1345 pueri
2625 1263 2717 1325 illi
2752 1264 2819 1326 in
2851 1270 3027 1325 tanta
3062 1261 3307 1325 malitia
3338 1280 3468 1325 cre-

1980 1369 2249 1439 scerent,
2275 1363 2383 1425 sed
2417 1362 2799 1444 punirentur
2829 1361 2895 1424 in
2916 1360 3049 1425 vita
3079 1359 3221 1437 ista,
3240 1369 3303 1423 et
3331 1379 3467 1441 gra-

1980 1461 2068 1523 tia
2099 1460 2222 1522 sihi
2255 1479 2556 1524 concessa
2583 1478 2620 1522 a
2650 1460 2777 1523 Deo
2815 1458 3329 1521 manifestaretur
3356 1459 3468 1523 ho-

1980 1558 2265 1621 minihus
2326 1557 2509 1638 signo
2568 1566 2893 1639 sequente,
2943 1575 3061 1619 nec
3115 1555 3224 1618 alii
3284 1556 3466 1638 pueri

1981 1658 2219 1720 similia
2269 1657 2477 1720 facere
2523 1664 2929 1733 attentarent,
2975 1675 3049 1719 ac
3096 1654 3312 1719 vitiosi
3358 1674 3469 1737 pa-

1981 1765 2191 1820 rentes
2236 1757 2301 1817 in
2348 1756 2481 1818 suis
2526 1753 2705 1831 filiis,
2747 1773 2910 1836 quos
2947 1753 3113 1817 male
3160 1754 3470 1816 instruxe—

373 1856 532 1932 rius,
567 1856 725 1937 quia
766 1875 844 1919 ex
891 1855 1044 1917 salis
1087 1854 1476 1918 admixtione
1527 1874 1707 1937 aquae
1755 1855 1872 1917 im·
1906 1853 1954 1916 B
1982 1863 2143 1932 rant,
2164 1855 2645 1933 castigarentur.
2672 1856 3047 1931 Eyressique
3062 1856 3194 1913 duo
3224 1854 3367 1913 ursi
3392 1855 3471 1912 de

374 1953 792 2037 potabiliores
841 1952 1246 2031 efficiuntur,
1281 1962 1344 2017 et
1375 1962 1872 2036 corrumpuntur

377 2054 580 2135 magis
627 2073 822 2135 quam
871 2053 1288 2116 meliorantur
1323 2070 1336 2115 :
1371 2061 1434 2116 et
1478 2054 1656 2133 juxta
1698 2053 1871 2117 hunc

377 2154 640 2217 modum
683 2153 875 2235 jussit
905 2152 1095 2216 lsaias
1135 2171 1406 2214 massam
1453 2150 1724 2215 ficorum
1769 2171 1873 2214 su-

378 2251 648 2333 perponi
681 2252 884 2315 ulceri
915 2250 1219 2315 Ezechiae.
1255 2254 1524 2312 Sanatoe
1551 2261 1704 2312 sunt
1723 2272 1869 2328 erqo

376 2372 560 2430 aquoe
597 2371 802 2429 usque
841 2352 916 2411 in
948 2352 1122 2410 diem
1157 2350 1347 2420 hanc,
1366 2350 1586 2427 juoeta‘
1611 2352 1869 2410 verbum

374 2450 582 2509 Elisei
607 2452 784 2529 quod
815 2453 1062 2509 locutus
1087 2458 1198 2511 est.

453 2550 766 2609 Ascendit
795 2558 1014 2609 autem
1057 2550 1211 2609 inde
1242 2548 1492 2609 Eliseus
1522 2548 1594 2607 in
1624 2550 1869 2617 Beth-el,

379 2647 456 2709 ad
485 2646 948 2709 consolandum
984 2645 1158 2709 filios
1189 2645 1644 2727 prophetarum
1676 2645 1754 2707 de
1785 2664 1872 2707 re-

377 2764 560 2809 cessu
583 2744 761 2806 Eliae.
787 2747 1127 2826 Quumque
1155 2748 1515 2806 ascenderet
1527 2764 1648 2822 per
1667 2746 1870 2814 viam,

375 2845 568 2923 pueri
581 2846 782 2921 parvi
795 2864 819 2903 .·
836 2851 1048 2906 tamen
1070 2843 1303 2905 adultae
1323 2843 1524 2905 aetatis
1545 2851 1609 2905 et
1629 2842 1874 2904 ratione

383 2950 655 3020 utenteS,
691 2942 782 3004 ita
819 2943 992 3023 quod
1030 2942 1383 3005 mortaliter
1425 2947 1870 3024 peccaverunt,

1979 1960 2178 2027 saltu,
2210 1954 2273 2016 id
2306 1962 2400 2017 est
2431 1953 2593 2016 silva
2624 1971 2735 2015 seu
2766 1971 3045 2028 nemore,
3071 1952 3265 2014 ductu
3287 1969 3472 2031 ange-

1981 2053 2105 2116 lico
2155 2061 2219 2115 et
2272 2060 2428 2114 nutu
2475 2051 2717 2127 divino,
2767 2055 3215 2111 laceraverunt
3262 2071 3343 2109 em
3379 2051 3471 2109 eis

1979 2154 2420 2232 quadrayinta
2451 2152 2610 2211 duos
2648 2169 2879 2227 pueros
2923 2148 3149 2211 ceteris
3184 2147 3470 2229 culpabi-

1981 2251 2193 2314 liores.
2218 2250 2342 2312 Nec
2366 2256 2573 2312 tamen
2596 2266 2813 2311 eorum
2836 2254 3127 2329 parentes
3152 2246 3469 2309 audebant

1979 2351 2098 2413 hoc
2130 2348 2196 2410 in
2221 2347 2427 2410 Eliseo
2458 2346 2703 2423 ulcisci,
2736 2346 3030 2408 timentes
3062 2344 3325 2427 plagari.
3350 2344 3466 2407 Ita-

1978 2468 2105 2531 que
2149 2447 2215 2508 in
2268 2446 2388 2510 isto
2432 2454 2684 2508 secutus
2728 2451 2822 2506 est
2862 2444 3087 2521 Eliam,
3126 2442 3238 2526 qui
3276 2444 3464 2526 quin·
3527 2470 3578 2514 ιν
3596 2471 3707 2525 Rea.
3727 2482 3757 2521 ι,

1978 2543 2383 2629 quagenariis
2425 2541 2771 2607 maledixit.
2805 2545 2986 2604 Abiit
3026 2553 3243 2603 autem
3286 2544 3459 2614 inde,
3496 2536 3557 2585 ¹⁰·
3582 2535 3648 2578 ¹²·

1979 2644 2252 2709 visitatis
2277 2642 2431 2704 tiliis
2454 2642 2921 2725 prophetarum,
2937 2644 3011 2702 in
3030 2652 3307 2703 montem
3324 2644 3468 2703 Car·

1981 2746 2186 2805 meli:
2228 2742 2294 2803 in
2335 2760 2462 2823 quo
2504 2742 2673 2804 Elias
2718 2741 3047 2805 consuevit
3089 2740 3361 2804 orationi
3406 2749 3467 2802 et
3545 2765 3732 2820 1111200,

1982 2840 2507 2923 contemplationi
2544 2860 2790 2917 vacare,
2827 2848 2897 2902 ut
2936 2848 2998 2902 et
3036 2839 3173 2921 ipse
3216 2839 3337 2902 hoc
3376 2838 3468 2901 fa·
3495 2830 3759 2880 ¹V¹¹¹·¹⁹²⁴²·

1984 2950 2154 3005 ceret
2204 2939 2335 3015 ihi;
2382 2948 2447 3003 et
2484 2958 2697 3003 amore
2734 2938 3021 3019 magistri
3062 2938 3161 3000 sui
3207 2958 3280 3001 ac
3327 2956 3470 3020 pro·

383 3041 678 3105 faciendo
721 3042 891 3123 quod
943 3041 1277 3116 subditur3
1327 3044 1560 3119 cyr-essi
1600 3050 1753 3101 sunt
1797 3044 1877 3100 de
1910 3040 1955 3103 C
1986 3048 2124 3122 pter
2183 3038 2580 3102 sanctitatem
2634 3038 2757 3101 loci
2819 3037 2972 3100 illuc
3028 3036 3296 3100 accessit
3344 3053 3358 3097 ε
3412 3046 3471 3097 el

379 3143 673 3211 civitate,
701 3151 762 3201 et
800 3142 1166 3202 illudebant
1191 3142 1275 3211 ei,
1310 3142 1587 3201 dicentes
1608 3161 1631 3199 .·
1649 3142 1880 3199 Ascen-

381 3244 484 3311 de,
515 3244 737 3311 calve,·
767 3243 1055 3310 ascende,
1092 3243 1290 3300 calve.
1334 3238 1654 3319 Erantque
1697 3238 1879 3319 pueri

383 3337 489 3400 isti
509 3340 612 3419 (ut
641 3338 950 3417 creditur)
980 3358 1018 3400 a
1045 3337 1418 3420 parentibus
1450 3336 1582 3399 suis
1624 3336 1880 3400 idolola-

1986 3141 2140 3199 inde
2169 3158 2459 3198 reversus
2485 3148 2577 3199 est
2610 3140 2683 3197 in
2715 3139 3091 3199 Samariam
3125 3136 3348 3199 urbem
3388 3153 3477 3197 re-

1985 3236 2096 3316 gni
2141 3235 2571 3317 metropolim,
2594 3243 2677 3298 ‘ut
2724 3235 2813 3299 ibi
2853 3233 3294 3299 communitati
3336 3251 3477 3314 pro·

1989 3337 2222 3399 desset.

1505 3765 2149 3854 ARTICULUS
2225 3766 2361 3850 III

1161 4044 1474 4091 Expost‘rlo
1517 4044 1782 4089 EJUSDEM
1824 4042 2096 4089 CAPITULI
2139 4042 2391 4087 SECUNDI
2434 4041 2713 4087 anTch.

519 4324 710 4387 LIAS
731 4323 798 4385 in
827 4322 1047 4384 multis
1064 4322 1384 4385 Christum
1416 4320 1875 4403 praefiguravit.
1910 4319 1959 4381 D
1990 4319 2186 4380 niam.
2212 4319 2288 4380 Et
2309 4318 2473 4381 sicut
2492 4318 2739 4381 Eliseus
2772 4317 3034 4381 chorum
3062 4319 3480 4401 praefigurans

538 4423 828 4504 Denique
869 4420 1198 4484 translatio
1227 4420 1380 4483 Eliae
1421 4420 1486 4482 in
1517 4420 1881 4502 paradisum

388 4530 780 4597 terrestrem,
813 4518 1173 4599 designavit
1215 4538 1342 4582 non
1387 4518 1591 4582 solum
1621 4517 1875 4593 Christi,

389 4621 496 4685 sed
529 4629 591 4683 et
623 4618 914 4683 omnium
959 4618 1307 4682 electorum
1352 4616 1772 4681 elevationem
1804 4618 1883 4678 de

388 4728 558 4782 terra
595 4719 665 4781 in
710 4716 944 4781 coelum
985 4735 1329 4793 summum,
1365 4716 1445 4779 de
1484 4715 1709 4779 exsilio
1761 4715 1883 4778 isto

386 4819 464 4881 ad
493 4816 792 4901 patriam,
826 4816 907 4878 de
937 4814 1198 4878 miseria
1227 4816 1304 4877 ad
1336 4815 1631 4877 salutem.
1666 4814 1884 4888 Quem-

388 4917 731 4980 admodum
775 4923 986 4978 autem
1031 4914 1308 4977 instante
1334 4914 1490 4977 Eliae
1530 4912 1884 4976 translatio-

391 5034 488 5093 ne,
525 5015 648 5080 ivit
680 5015 822 5097 ipse
861 5034 1008 5077 cum
1040 5012 1273 5090 Elise0,
1310 5021 1373 5076 et
1413 5011 1697 5077 visitavit
1734 5030 1884 5073 suos

389 5113 784 5196 discipulos3
833 5112 926 5176 sic
967 5113 1254 5176 Salvator
1301 5111 1598 5195 passione
1632 5130 1746 5173 sua
1789 5110 1884 5173 in-

391 5218 620 5289 stante,
655 5212 911 5274 assidue
954 5210 1163 5273 adfuit
1207 5209 1340 5272 suis
1369 5209 1709 5291 ApostoliS‚
1744 5227 1885 5291 per-

395 5308 877 5391 ambulavitque
917 5307 1168 5373 Jericho
1220 5317 1284 5371 et
1337 5307 1618 5373 visitavit
1668 5308 1886 5371 Betha-

1990 4417 2459 4499 Apostolorum,
2477 4436 2879 4499 nequaquam
2900 4418 3227 4481 consensit
3247 4418 3327 4481 ah
3346 4418 3485 4480 Elia

1992 4516 2277 4579 nondum
2310 4515 2612 4578 translato
2643 4516 2922 4597 separari
2950 4540 2965 4589 3
3001 4516 3093 4578 sic
3123 4516 3292 4578 beati
3323 4516 3485 4598 Apo-

1993 4614 2140 4677 stoli
2174 4615 2252 4677 de
2280 4614 2679 4696 separatione
2708 4612 2942 4677 Christi
2974 4614 3053 4676 ab
3084 4613 3175 4677 eis
3209 4634 3321 4696 per
3342 4634 3485 4696 pas—

1993 4714 2263 4789 sionem,
2300 4731 2416 4775 nec
2444 4712 2665 4775 audire
2696 4730 2814 4776 nec
2847 4711 3205 4792 intelligere
3235 4711 3478 4794 aliquid

1992 4818 2357 4894 potuerunt,
2392 4810 2473 4873 ob
2516 4810 2789 4873 ‘nimiam
2834 4820 2897 4874 et
2936 4810 3297 4892 aliqualiter
3340 4828 3482 4873 sen-

1994 4911 2235 4974 sualem
2274 4928 2494 4973 eorum
2537 4911 2616 4973 ad
2660 4910 2981 4975 Christum
3016 4909 3425 4973 affectionem
3459 4926 3473 4971 ε

1996 5010 2060 5072 in
2095 5018 2361 5086 tantum,
2387 5011 2556 5091 quod
2578 5010 2731 5072 dum
2763 5010 3025 5073 dixisset
3045 5007 3480 5083 eisdemAEcce
3534 5032 3773 5083 Lucam,

1993 5108 2397 5172 ascendimus
2444 5108 2919 5190 lerosolymam,
2966 5115 3029 5170 et
3082 5124 3480 5170 consumma·
3508 5100 3653 5141 ³¹⁴⁴·

1993 5208 2235 5270 buntur
2256 5207 2473 5270 omnia
2492 5226 2637 5288 quae
2656 5207 2892 5288 scripta
2918 5214 3067 5267 sunt
3085 5223 3198 5286 per
3216 5203 3483 5286 Prophe-

1994 5316 2088 5369 tas
2132 5307 2211 5369 de
2244 5304 2404 5369 Filio
2435 5304 2715 5369 hominis
2753 5322 2767 5366 :
2806 5304 3087 5367 tradetur
3129 5302 3301 5367 enim
3329 5319 3483 5383 gen-
