4309 6259
115 1494 138 1537 [Ι
147 1495 304 1547 Eccum,

117 1560 142 1601 ¹.
152 1560 179 1602 Ξ,
193 1560 240 1599 15.

146 2080 188 2121 Ιι.
197 2094 302 2131 mix,

153 2867 187 2908 ll'
205 2870 286 2923 Ray.

119 2940 191 2973 mv.
205 2934 232 2981 ¹,
243 2936 272 2973 2.

621 508 972 555 RNAnnA'rlo
1015 511 1077 555 IN
1120 511 1257 556 CAP-
1304 510 1478 556 xxxn
1520 507 1678 553 unm
1721 508 1972 553 SECUNDI
2012 509 2543 556 PARALIPOMENON.
2587 528 2669 539 —·
2708 511 2851 556 ΛΒΤ.
2896 510 3071 556 XXXII

3268 492 3385 555 263

327 682 527 764 psisse.
554 684 636 743 Ec
653 683 832 758 facta
861 692 951 743 est
979 693 1204 744 contra
1233 705 1379 745 eum
1412 686 1544 753 ira,
1575 694 1792 744 eccon·
1820 676 1870 739 A
1903 679 2087 742 vibus
2129 689 2598 744 reservarentur
2637 700 2753 763 pro
2796 690 3074 763 tempore
3112 679 3387 744 obsidio-

327 792 413 842 ενα
438 784 674 841 Iudam
694 791 754 841 et
769 785 1130 843 Jerusalem
1160 804 1182 841 .·
1211 782 1330 845 hoc
1353 790 1469 857 est,
1495 783 1657 845 Deus
1689 783 1790 843 de-

325 887 562 942 testatus
582 887 676 941 est
698 878 1222 959 ingratitudinem
1245 882 1302 961 ej
1313 901 1346 941 u
1356 901 1398 957 S,
1412 890 1472 943 et
1493 900 1790 963 pompam

323 988 378 1041 et
402 978 652 1057 gloriam
683 998 937 1053 vanam,
973 986 1036 1041 et
1075 987 1295 1042 contra
1333 980 1620 1042 subditos
1650 981 1788 1061 ejus

327 1075 433 1137 fuit
459 1077 650 1138 iratus
681 1086 942 1159 propter
973 1095 1194 1139 eorum
1235 1085 1513 1158 peccata,
1547 1085 1610 1139 et
1639 1077 1790 1157 quia

326 1194 425 1237 suo
461 1174 587 1255 regi
635 1176 1273 1238 communicaverunt
1317 1174 1380 1237 in
1431 1176 1639 1237 malis.
1677 1176 1786 1238 Vel

327 1282 560 1356 propter
597 1292 818 1337 eorum
869 1282 1127 1355 peccata
1167 1274 1329 1335 Deus
1372 1274 1662 1355 permisit
1701 1293 1790 1335 re-

327 1390 448 1451 gem
495 1371 776 1453 ipsorum
819 1372 906 1433 ita
946 1372 1176 1434 tentari
1217 1391 1288 1435 ac
1330 1372 1482 1447 labi,
1527 1372 1690 1435 sicut
1728 1381 1790 1433 et

329 1472 516 1554 ipsum
535 1470 754 1547 David,
777 1472 928 1533 dum
951 1472 1260 1554 populum
1292 1472 1612 1534 numerari
1635 1491 1792 1553 prae-

328 1570 498 1652 cepit.
528 1569 702 1633 Unde
729 1578 795 1631 et
825 1578 1084 1651 propter
1119 1578 1450 1652 peccatum
1491 1569 1649 1631 illud
1679 1571 1791 1631 Da-

327 1669 442 1744 vid,
491 1687 826 1750 percussus
884 1676 982 1731 est
1030 1668 1328 1750 populus,
1383 1668 1537 1731 Nam
1584 1675 1655 1730 ut
1703 1668 1792 1729 ait

328 1767 660 1847 GregoriuS,
695 1767 860 1829 Deus
899 1766 1186 1849 disponit
1219 1768 1408 1830 corda
1451 1767 1794 1849 praesiden-

1902 779 2002 841 nis
2041 797 2052 839 :
2099 780 2263 861 quod
2312 788 2603 859 stagnum
2650 781 2716 842 in
2749 780 3090 860 Evangelio
3125 779 3384 842 Joannis

1901 878 2259 958 appellatur
2282 880 2595 941 natatoria
2615 879 2797 955 Siloe,
2819 888 3007 960 atque
3028 888 3098 940 ut
3118 878 3386 961 Epipha·
3410 902 3677 953 Joannaxa.

1901 976 2044 1036 nius
2087 975 2334 1052 asserit,
2367 977 2522 1038 Isaia
2562 986 2802 1055 orante,
2837 977 3155 1058 copiosius
3195 976 3383 1039 solito
3464 990 3677 1047 Epiphan.

1899 1076 1976 1137 de
2011 1074 2185 1137 sonte
2207 1075 2374 1137 Siloe
2408 1075 2597 1158 [aqua
2625 1076 2962 1158 prorupit}
2986 1078 3069 1137 In
3090 1078 3383 1136 omnibus
3412 1052 3681 1160 ἓῗωρὴο·

1897 1176 2194 1250 operibus
2222 1177 2357 1234 suis
2385 1176 2541 1252 fecit
2564 1195 2860 1254 prospere
2888 1178 3059 1255 quod
3086 1178 3313 1235 voluit.

1979 1275 2284 1333 Attamen
2315 1275 2385 1333 in
2423 1276 2735 1351 Zeyationc
2764 1275 3147 1352 principum
3174 1275 3385 1350 Baby·

1900 1372 2087 1441 loniS,
2122 1371 2242 1433 hoc
2272 1380 2366 1434 est
2402 1372 2466 1433 in
2499 1371 2803 1434 missione
2834 1369 3195 1434 solennium
3226 1388 3385 1432 nun-

1901 1468 2134 1531 tiorum
2171 1470 2333 1549 regis
2362 1470 2721 1551 BabyloniS,
2752 1474 2869 1550 qui
2908 1471 3089 1531 missi
3117 1470 3384 1547 fuerant
3434 1490 3677 1548 lvneqax.

1899 1570 1986 1627 ad
2025 1589 2173 1628 eum
2218 1588 2255 1629 a
2292 1586 2439 1647 rege
2487 1568 2621 1645 illo,
2670 1576 2741 1630 ut
2777 1574 3003 1649 quarto
3034 1568 3271 1647 Regum
3312 1568 3386 1630 li-
3414 1557 3482 1599 ¹²·

1900 1666 2016 1728 bro
2051 1666 2305 1746 legitur,
2337 1678 2412 1729 ut
2454 1670 2926 1744 interroyarent
2960 1670 3039 1727 dc
3068 1677 3386 1745 portento,

1901 1768 2072 1844 quod
2110 1768 2433 1826 acciderat
2469 1786 2661 1843 super
2703 1776 2965 1838 terram,
2995 1766 3060 1828 id
3101 1773 3217 1844 est,
3250 1786 3389 1829 cau-

328 1866 470 1927 tium
507 1866 854 1928 secundum
892 1864 1120 1928 merita
1153 1874 1265 1927 aut
1308 1865 1614 1928 demerita
1645 1866 1793 1928 sub·
1828 1861 1874 1922 B
1903 1882 2036 1923 sam
2069 1863 2464 1927 miraculosae
2492 1864 2972 1927 retrocessionis
3004 1864 3156 1927 solis
3196 1865 3277 1928 ab
3315 1883 3389 1928 eo

327 1964 604 2027 ditorum.
627 1964 792 2027 Deus
823 1982 1079 2045 quoque
1107 1982 1220 2045 per
1255 1963 1480 2025 Isaiam
1511 1964 1792 2027 Ezechiae

329 2062 598 2145 praedixit
637 2069 699 2125 et
742 2062 1168 2126 comminatus
1213 2071 1314 2124 est
1351 2063 1631 2126 debitam
1678 2084 1793 2145 pu-

329 2160 636 2223 nitionem.
673 2162 1210 2239 Humiliatusque
1247 2170 1338 2221 est
1367 2171 1611 2237 postea,
1643 2160 1795 2241 quia

325 2258 391 2319 ad
419 2257 584 2321 Isaiae
614 2257 1176 2339 reprehensionem
1210 2259 1504 2335 advertit,
1539 2267 1604 2321 et
1631 2260 1794 2321 dete-

327 2364 506 2419 status
535 2363 627 2417 est
655 2374 804 2418 suos
845 2374 1138 2419 excessus
1178 2376 1250 2419 ac
1291 2355 1494 2433 flevit,
1527 2377 1594 2417 eo
1622 2362 1794 2437 quod

325 2459 658 2517 exaltatum
684 2456 916 2532 fuisset
946 2476 1054 2515 cor
1082 2458 1242 2534 ejus,
1269 2466 1402 2516 tam
1433 2457 1566 2533 ipsc
1594 2478 1792 2535 quam

326 2558 684 2616 habitatores
702 2558 1060 2617 Jerusalem
1081 2576 1103 2615 .·
1122 2557 1446 2616 etidcirco
1470 2576 1594 2615 non
1619 2559 1793 2616 venit

325 2671 493 2728 super
529 2674 627 2713 eos
664 2656 768 2713 ira
807 2654 1080 2713 Domini
1121 2652 1194 2713 in
1242 2654 1465 2723 dicbus
1498 2653 1793 2713 Ezechiae

327 2768 423 2830 per
455 2750 795 2826 Chaldaeos,
830 2751 908 2812 de
941 2750 1176 2831 quibus
1219 2750 1408 2811 isaias
1456 2750 1787 2832 praedixit;

327 2858 522 2928 postea
551 2867 698 2912 vero
730 2856 1016 2931 tempore
1045 2849 1291 2912 Joakim
1321 2849 1515 2930 eoepit
1545 2850 1785 2912 venire.

393 2950 540 3009 Fuit
573 2958 785 3009 autem
827 2950 1139 3011 Ezechias
1188 2950 1366 3007 dives
1407 2958 1467 3009 et
1505 2950 1791 3026 inclytus

1905 1961 2407 2041 investigarent:
2445 1982 2637 2044 quam
2682 1964 3203 2026 retrocessionem
3248 1981 3391 2045 pro—

1903 2067 2042 2142 pter
2085 2080 2233 2123 eum
2282 2060 2515 2123 factam
2556 2059 2755 2124 fuisse
2802 2068 3235 2143 perceperant.
3268 2062 3391 2123 Un-

1902 2159 1980 2220 de
2011 2166 2075 2220 et
2114 2158 2255 2239 ejus
2294 2158 2669 2238 dignitatem
2701 2167 2763 2222 et
2802 2159 3242 2223 excellentiam
3272 2160 3390 2222 mi-

1905 2256 2225 2333 rabantur,
2262 2265 2522 2339 propter
2551 2277 2743 2339 quem
2771 2277 2995 2321 cursus
3034 2258 3386 2321 coelestium

1902 2374 2242 2437 corporum
2305 2356 2769 2419 immutaretur.
2826 2358 3188 2436 Der-eliquit
3242 2378 3389 2417 eum

1899 2457 2242 2526 Dominus,
2294 2464 2365 2516 ut
2412 2465 2770 2517 tentaretur
2816 2475 2851 2517 a
2894 2455 3121 2537 spiritu
3172 2475 3390 2537 super-

1901 2553 2046 2630 biae,
2079 2564 2138 2614 ec
2189 2565 2337 2615 nota
2385 2559 2615 2631 fierent
2652 2558 2875 2615 omnia
2913 2575 3056 2634 quoe
3091 2564 3279 2615 erant
3317 2557 3389 2615 in

1900 2656 2084 2713 corde
2129 2655 2296 2730 κήκιε,
2342 2653 2463 2717 hoc
2512 2662 2627 2729 est,
2684 2653 2949 2715 interior
2994 2653 3134 2733 ejus
3173 2652 3385 2730 elati0‚

1901 2749 2289 2830 ingratitudo
2336 2760 2399 2813 et
2446 2770 2607 2815 vana
2656 2751 2857 2833 gloria
2906 2751 3391 2814 ostenderentur

1899 2848 1977 2909 ad
2024 2857 2306 2911 nostram
2351 2848 2685 2926 cautelam,
2720 2869 2833 2931 per
2869 2849 3062 2913 verba
3112 2857 3175 2912 et
3221 2847 3387 2911 facta

1902 2948 2040 3027 ejus
2090 2947 2401 3009 exteriora
2456 2965 2469 3008 ε
2524 2947 2677 3029 quia
2724 2956 2877 3010 tunc
2930 2947 3389 3011 demonstravit

328 3048 512 3116 valde,
545 3056 602 3105 et
645 3050 969 3107 thesauros
1007 3049 1135 3106 sibi
1173 3048 1498 3123 plurimos
1544 3068 1792 3125 conqre-
1824 3044 1869 3107 C
1902 3045 2142 3107 nuntiis
2176 3046 2306 3107 illis
2336 3046 2729 3127 opulentiam
2760 3055 2822 3108 et
2843 3044 3387 3127 magnificentiam

321 3147 484 3218 yacit
509 3147 768 3221 arqenci
807 3155 864 3204 et
904 3146 1085 3216 auri,
1115 3155 1174 3205 et
1214 3147 1455 3221 lapidis
1496 3148 1786 3223 pretiosi,

327 3252 664 3305 aromatum
685 3253 745 3304 et
764 3262 1102 3303 armorum
1124 3245 1418 3304 universi
1429 3247 1710 3319 generis,
1732 3254 1793 3304 et

325 3360 602 3401 vasorum
641 3342 871 3418 mayni
901 3343 1145 3417 pretii,·
1174 3345 1505 3418 apothecas
1549 3362 1793 3421 quoque

325 3439 646 3512 frumenti,
670 3442 816 3499 vini
835 3448 894 3499 et
913 3440 1062 3507 olei,
1081 3449 1142 3499 et
1160 3442 1480 3518 prce-sepia
1501 3441 1792 3501 omnium

314 3536 766 3611 jumentorum,
819 3540 1166 3616 caulasque
1203 3540 1562 3614 pecoribus,
1595 3548 1654 3597 ct
1693 3559 1795 3597 ur-

328 3637 410 3694 bes
433 3657 538 3697 seoe
571 3639 947 3714 (edificavit.
981 3640 1272 3698 Habebat
1309 3639 1546 3715 quippe
1575 3656 1797 3714 §reyes

330 3736 522 3795 ovium
558 3744 614 3794 et
661 3745 1109 3795 armentorum
1156 3737 1682 3805 innumerabiles,
1727 3755 1795 3795 eo

329 3836 476 3908 quod
489 3835 758 3894 dedisset
776 3835 840 3893 ei
856 3835 1172 3894 Dominus
1190 3835 1617 3893 substantiam
1640 3837 1799 3893 mul-

333 3940 447 3989 tam
465 3933 678 3993 nimis.
701 3930 973 4011 Fuitque
1006 3930 1281 4012 inclytus
1312 3929 1520 3993 carnis
1552 3930 1798 4011 origine

332 4045 394 4088 ex
413 4029 594 4108 regali
623 4030 822 4093 David
845 4030 1170 4111 progenie,
1195 4030 1304 4091 sed
1325 4028 1603 4091 nobilior
1624 4048 1801 4091 men-

335 4134 401 4201 te,
435 4144 566 4189 non·
605 4128 1049 4207 degenerando
1087 4146 1124 4189 a
1173 4134 1537 4189 sanctorum
1578 4146 1797 4208 regum

1900 3163 2079 3206 suam
2110 3153 2174 3207 et
2204 3144 2329 3207 alia
2366 3144 2677 3226 quaedam,
2711 3144 2913 3226 magis
2952 3163 3145 3225 quam
3180 3143 3383 3221 licuit,

1903 3250 1972 3304 ut
2003 3251 2231 3324 quarto
2263 3243 2500 3323 Regum
2530 3261 2896 3325 expressum
2930 3251 3048 3305 est.

1991 3344 2274 3421 Reliqua
2322 3353 2536 3403 autem
2583 3362 2949 3403 sermonum
3000 3342 3293 3404 Ezechiae
3331 3352 3389 3401 ec

1902 3441 2501 3500 misericordiarum
2538 3440 2699 3516 ejus,
2732 3441 2973 3518 scripta
3012 3449 3163 3500 sunt
3195 3442 3267 3500 in
3297 3442 3391 3499 vi-

1901 3538 2077 3597 sione
2108 3538 2319 3608 [saia-2,
2353 3538 2488 3614 filii
2514 3540 2733 3607 Amos,
2759 3540 3101 3615 prophetoe,
3125 3548 3183 3599 et
3213 3539 3285 3597 in
3318 3541 3391 3597 li-

1905 3638 2013 3696 bro
2050 3638 2299 3711 Rcyum
2342 3638 2514 3695 Juda
2564 3646 2623 3695 et
2667 3638 2896 3697 Israel.
2947 3637 3393 3715 Dormivitque

1906 3737 2217 3795 Ezechias
2246 3754 2394 3794 cum
2413 3735 2713 3810 patribus
2740 3736 2903 3803 suiS,
2924 3743 2983 3795 et
3009 3735 3393 3811 sepelierunt

1904 3853 2052 3893 eum
2080 3852 2280 3909 supra
2300 3836 2593 3910 sepulcra
2612 3834 2905 3910 filiorum
2931 3833 3170 3901 David,
3190 3831 3253 3893 id
3273 3840 3390 3908 est,

1908 3930 2293 3993 eminentius
2325 3937 2513 4009 atque
2533 3928 2899 4010 praeclarius
2920 3928 3281 4010 sepulcrum
3306 3927 3397 3991 se-

1908 4038 2132 4092 cerunt
2151 4029 2210 4090 ei
2232 4047 2423 4109 quam
2446 4026 2587 4089 aliis
2610 4026 2889 4106 regibuS,
2914 4034 3174 4109 propter
3194 4026 3397 4108 ipsius

1909 4127 2177 4190 virtutes
2209 4124 2497 4201 eximiaS‚
2534 4133 2595 4187 et
2627 4123 2926 4205 quoniam
2958 4132 3159 4187 totum
3198 4142 3400 4208 popu-

3440 3162 3563 3209 Ibia.
3584 3164 3653 3209 ¹3.

335 4223 660 4301 nobilitate,
687 4226 808 4288 hoc
830 4234 946 4303 est,
976 4225 1504 4288 virtuositate.Ex
1536 4226 1800 4289 rationa-
1828 4231 1879 4294 D
1909 4226 2042 4287 lum
2089 4244 2275 4287 suurn
2309 4225 2399 4305 sic
2439 4221 2833 4299 reformavit,
2871 4232 2934 4285 et
2971 4231 3213 4285 tantam
3263 4242 3401 4305 pro-

335 4318 431 4382 hili
460 4324 644 4387 etiam
675 4342 869 4387 causa
898 4332 1158 4405 propter
1189 4342 1526 4387 commune
1556 4324 1795 4387 bonum

334 4422 710 4501 congregavit
739 4430 830 4485 tot
851 4440 1026 4503 opes,
1055 4426 1197 4499 Ipse
1223 4433 1312 4483 est
1339 4426 1652 4484 Ezechias
1682 4427 1800 4503 qui

334 4520 630 4580 obturavit
647 4522 1044 4597 superiorem
1063 4523 1308 4598 fontem
1339 4542 1665 4601 aquarum
1690 4525 1798 4583 Gi-

333 4616 464 4685 kon,
493 4618 552 4679 id
581 4627 695 4694 est,
731 4617 974 4681 fontem
1006 4618 1188 4680 illum
1221 4620 1312 4681 sic
1341 4620 1591 4695 clausit,
1625 4620 1796 4700 quod

337 4722 484 4775 extra
515 4716 734 4779 urbem
769 4736 900 4780 non
935 4716 1146 4793 fluxit,
1173 4717 1255 4780 ob
1277 4737 1532 4780 causam
1565 4719 1797 4799 praeha-

339 4808 530 4889 bitam,
559 4825 618 4875 ec
645 4817 882 4876 avertit
911 4837 1038 4887 eas,
1067 4815 1310 4879 scilicet
1337 4836 1533 4897 aquas
1564 4816 1791 4893 Gihon,

336 4910 545 4981 subter,
593 4912 654 4973 id
714 4922 832 4989 est,
889 4912 1160 4977 inferius
1211 4934 1316 4977 eas
1375 4914 1688 4978 convertit
1735 4924 1796 4977 et

344 5002 517 5070 fluere
563 5009 736 5089 fecit,
782 5015 870 5073 ad
918 5015 1302 5075 occidentem
1345 5016 1524 5073 urbis
1553 5017 1796 5083 David,

343 5114 624 5182 quatenus
664 5110 1028 5173 interiorem
1075 5111 1385 5192 piscinam
1423 5111 1792 5173 influerent.

343 5198 490 5265 Fecit
518 5224 766 5289 quoque
793 5216 944 5271 ante
976 5208 1218 5271 fontem
1253 5209 1419 5273 Siloe
1451 5210 1634 5290 quasi
1678 5220 1800 5272 sta-

345 5313 538 5380 gnum,
577 5304 642 5366 in
689 5324 816 5385 quo
858 5326 1042 5387 aquae
1087 5306 1560 5387 colligerentur,
1605 5318 1666 5370 et
1714 5308 1800 5371 ci-

1907 4324 2275 4406 speritatem
2307 4322 2519 4385 attulit
2543 4340 2760 4401 regno.
2786 4326 2869 4383 Ec
2889 4324 3229 4384 celebravit
3259 4325 3399 4400 ejus

1906 4424 2242 4500 exsequias
2274 4422 2616 4481 universus
2642 4424 2839 4492 Iuda,
2873 4430 2933 4481 ct
2962 4440 3174 4481 omnes
3218 4422 3397 4482 habi-

1908 4532 2136 4582 tatores
2172 4525 2575 4593 Jerusalevm
2614 4523 3035 4600 reynavitque
3067 4524 3397 4583 Manasses

1901 4624 2085 4700 filius
2115 4622 2254 4697 ejus
2275 4638 2398 4696 pro
2425 4639 2515 4680 e0.

1984 4719 2293 4780 Doce-mur
2332 4735 2407 4779 ex
2453 4716 2575 4778 isto
2624 4714 2926 4796 capitulo,
2964 4724 3032 4777 ut
3071 4716 3135 4779 in
3176 4716 3389 4779 arduis

1903 4817 2112 4880 causis
2160 4815 2561 4879 celebrentur
2599 4813 2889 4891 concilia,
2925 4822 2987 4876 et
3026 4815 3279 4899 praelati·
3314 4834 3389 4877 ac

1903 4915 2252 4998 principeS,
2305 4921 2893 4995 quantumcumque
2951 4912 3267 4993 sapientes
3315 4931 3389 4975 ac

1905 5013 2197 5088 virtuosi,
2232 5031 2358 5074 non
2383 5009 2758 5092 despiciant,
2782 5028 2898 5072 nec
2927 5009 3223 5071 omittant
3242 5029 3387 5073 cum

1905 5112 2037 5173 suis
2071 5107 2498 5173 consiliariter
2522 5106 2721 5188 loqui,
2756 5114 2819 5167 et
2863 5106 2941 5168 de
2978 5105 3237 5185 agendis
3270 5116 3391 5168 tra-

1906 5220 2096 5273 ctare.
2132 5208 2509 5269 Devotorum
2544 5222 2799 5283 quoque
2834 5204 3149 5266 orationes
3183 5204 3394 5285 requi-

1911 5316 2072 5385 rant,
2107 5314 2167 5369 et
2202 5312 2457 5387 sperent
2488 5303 2553 5365 in
2585 5302 2873 5379 Domino,
2900 5303 3395 5385 praeliorumque

3431 4801 3622 4847 mordis.
