4309 6259
133 3756 176 3796 12.
193 3772 256 3801 ur

109 3820 156 3860 19.

131 5338 208 5378 1,..

131 5271 346 5361 ΙΙΙξίες,ις,

701 514 1050 561 ENARRA'rlo
1094 516 1156 560 IN
1199 516 1335 561 CAP.
1385 516 1494 561 xm
1536 518 1691 563 LIBRI
1733 518 1984 563 securim
2026 520 2554 567 PARALIPOMENON.
2598 542 2679 551 --
2721 524 2863 568 ΛΒΤ.
2910 523 3019 568 xm

3278 504 3396 567 213

307 687 550 761 qientes
577 688 790 756 Sesac,
821 687 1124 764 dixitque
1152 690 1240 747 ad
1265 708 1366 746 eos
1397 708 1419 745 .·
1451 690 1606 749 JIaec
1641 690 1804 749 dicit
1834 688 1882 749 A
1912 708 2105 765 opera
2147 692 2335 761 bona,
2386 692 2450 753 id
2500 702 2616 769 est,
2663 693 2864 775 aliqui
2911 694 2988 755 de
3038 710 3233 771 regno
3282 692 3398 755 Ro-

315 788 630 847 Dominus
661 806 684 844 :
733 788 846 847 Vos
875 788 1234 865 reliquistis
1265 808 1388 855 me,
1417 797 1476 848 et
1515 807 1624 864 eqo
1657 790 1804 847 reli-

313 886 422 963 qui
471 904 582 943 vos
631 886 706 944 in
757 904 962 945 manu
1011 888 1222 945 Sesac.
1280 887 1803 966 Consternatique

311 984 638 1061 principes
667 986 875 1044 Israel
912 992 973 1043 et
1011 1004 1154 1054 rex,
1182 985 1498 1045 dixerunt
1527 1004 1550 1047 .·
1579 989 1804 1046 Justus

313 1092 395 1142 est
422 1084 770 1143 Dominus.

391 1184 734 1258 Quumque
763 1182 1028 1242 vidisset
1053 1183 1372 1243 Dominus
1399 1185 1570 1261 quod
1597 1184 1806 1242 humi-

318 1282 458 1339 liati
503 1289 736 1350 essent,
775 1283 988 1360 factus
1033 1290 1124 1341 est
1167 1300 1371 1341 sermo
1412 1283 1681 1342 Domini
1719 1283 1807 1340 ad

319 1380 664 1449 Semeiam,
702 1381 921 1440 dicens
960 1400 982 1438 .·
1026 1381 1192 1447 Quia
1241 1381 1583 1439 humiliati
1627 1389 1806 1449 sunt,

315 1498 434 1537 non
461 1480 849 1554 disperdam
868 1498 993 1547 eos,
1015 1481 1303 1557 daboque
1321 1480 1413 1538 eis
1423 1480 1808 1555 pauaeillum

315 1578 586 1645 auxilii,
611 1584 672 1636 et
713 1596 844 1635 non
881 1576 1155 1636 stillabit
1191 1576 1386 1653 furor
1415 1596 1590 1635 meus
1615 1596 1808 1653 super

314 1676 666 1735 Jerusalem
687 1694 810 1751 per
833 1694 1100 1735 manum
1126 1677 1336 1736 Sesac.
1361 1677 1806 1736 Verumtamen

315 1776 592 1833 servient
619 1774 706 1843 ei,
730 1782 802 1833 ut
828 1775 1039 1833 sciant
1066 1775 1452 1834 distantiam
1478 1775 1808 1833 servitutis

1913 786 2124 864 boam,
2174 800 2545 853 manserunt
2595 791 2661 853 in
2710 793 2886 854 cultu
2939 791 3069 868 Dei,
3122 809 3395 872 quorum

1915 886 2161 948 meritis
2192 889 2393 967 adjuti
2424 898 2575 951 sunt
2602 890 2736 952 alii.

1999 989 2409 1064 Consortatus
2444 999 2534 1049 est
2569 1009 2717 1066 erqo
2749 1010 2871 1049 νοω
2896 992 3177 1051 Roboam
3206 991 3278 1049 in
3304 992 3400 1049 Je-

1910 1089 2195 1145 rusalem
2216 1095 2406 1164 atque
2426 1090 2697 1163 reynavi
2702 1098 2750 1158 t,
2764 1088 2827 1149 id
2858 1096 2971 1165 est,
2989 1105 3135 1168 rege
3152 1086 3403 1170 AEgypti

1915 1201 2202 1263 regresso
2232 1184 2310 1245 ad
2340 1203 2474 1261 sua,
2510 1204 2729 1247 rursus
2768 1187 2845 1249 ad
2883 1186 3223 1267 aliqualem
3266 1204 3407 1248 suc-

1915 1282 2118 1345 crevit
2161 1280 2690 1346 consortationem
2741 1284 2805 1345 in
2854 1302 3071 1365 regno.
3117 1287 3407 1353 Quadra-

1908 1383 2101 1457 9inta
2129 1390 2351 1441 autem
2385 1390 2443 1441 et
2480 1384 2680 1443 unius
2718 1386 2885 1443 anni
2910 1393 3049 1444 erat
3081 1404 3281 1461 quum
3312 1403 3407 1442 re-

1909 1498 2117 1557 ynare
2155 1462 2457 1556 coepisset.
2495 1483 2579 1541 Et
2619 1484 2831 1543 decem
2860 1492 2919 1542 et
2949 1491 3183 1559 septem
3212 1481 3409 1541 annis

1917 1580 2218 1654 regnavit
2255 1580 2323 1639 in
2363 1582 2748 1649 Jerusalem,
2788 1582 2943 1641 urbe
2986 1600 3183 1659 quam
3218 1582 3409 1656 eleyit

1918 1679 2265 1747 Dominus,
2282 1686 2355 1737 ut
2375 1682 2787 1754 confirmaret
2816 1698 3047 1739 nomen
3074 1698 3269 1739 suum
3288 1680 3404 1749 ibi,

1916 1779 1995 1836 de
2023 1778 2272 1835 cunctis
2317 1776 2605 1837 tribubus
2644 1779 2871 1837 Israel.
2906 1778 3155 1840 Nomen
3190 1786 3406 1837 autem

320 1892 488 1942 meoe,
505 1882 568 1931 et
585 1872 926 1932 servitutis
950 1872 1140 1947 reqni
1171 1881 1516 1932 terrarum.
1533 1873 1808 1933 Recessit
1846 1875 1891 1936 B
1921 1876 2150 1935 matris
2177 1875 2341 1952 ejus,
2374 1876 2635 1936 Naama
2661 1877 3083 1937 Ammanitis.
3107 1875 3408 1954 Fecitque

318 1973 534 2050 itaque
578 1972 772 2031 Sesac
816 1990 936 2030 rem
979 1971 1260 2047 AEyypti
1302 1971 1382 2029 ab
1423 1971 1804 2041 Jerusalem,

317 2072 584 2131 sublatis
615 2070 934 2131 thesauris
961 2073 1189 2131 domus
1213 2070 1479 2129 Domini
1504 2079 1563 2129 et
1581 2072 1810 2129 domus

317 2170 508 2245 reqis,
530 2168 883 2245 omniaque
909 2188 1121 2227 secum
1152 2169 1330 2237 tulit,
1349 2177 1409 2228 et
1435 2171 1686 2245 clypeos
1705 2188 1811 2227 au·

317 2288 447 2327 reos
474 2286 634 2348 quos
659 2267 906 2344 fecerat
934 2268 1269 2336 Salomon,
1288 2285 1412 2343 pro
1440 2268 1673 2345 quibus
1711 2266 1807 2343 fe-

319 2368 398 2427 cit
426 2388 546 2427 rea:
571 2386 805 2437 aeneos,
832 2376 891 2427 et
924 2367 1206 2426 tradidit
1233 2366 1377 2425 illos
1399 2366 1808 2443 principibus

317 2468 784 2537 scutariorum,
813 2467 932 2546 qui
957 2466 1396 2525 custodiebant
1425 2466 1810 2524 vestibulum

311 2566 573 2641 palatii.
631 2567 970 2643 Quumque
1024 2563 1324 2623 introiret
1379 2582 1496 2622 rem
1544 2565 1808 2622 domum

323 2664 611 2732 Domini,
627 2664 970 2723 veniebant
987 2662 1266 2720 scutarii
1283 2670 1342 2720 et
1366 2663 1667 2720 tollebant
1686 2679 1809 2729 eos,

325 2763 681 2840 iterumque
720 2762 1081 2841 refe-rebant
1117 2778 1216 2819 eos
1255 2762 1344 2819 ad
1381 2768 1812 2819 armamenta-

321 2862 492 2920 rium
545 2880 762 2919 suum.
825 2856 1122 2932 Quamvis
1182 2856 1354 2921 enim
1411 2856 1692 2920 Roboam
1750 2866 1812 2919 ct

323 2958 642 3039 principes
673 2957 814 3038 ejus
845 2976 920 3019 ex
951 2956 1164 3019 verbis
1197 2956 1456 3019 Semeiae
1487 2957 1811 3039 prophetae

1919 1978 2198 2042 malum,
2228 1983 2287 2034 et
2325 1993 2455 2035 non
2492 1976 2898 2051 praeparavit
2938 1993 3047 2034 cor
3083 1994 3304 2043 suum,
3333 1982 3407 2035 ut

1918 2081 2230 2151 quaereret
2257 2073 2640 2143 Dominum,
2657 2071 2721 2133 id
2752 2079 2867 2149 est,
2887 2072 2965 2134 ad
2996 2071 3265 2151 gratiam
3295 2070 3405 2133 Dei

1919 2188 2048 2233 non
2079 2170 2397 2251 disposuit
2427 2189 2495 2233 se
2522 2189 2671 2233 vere
2692 2178 2755 2233 et
2774 2168 2990 2233 stabili
3021 2170 3231 2233 modo.
3252 2170 3405 2231 Nam

1918 2268 2217 2350 quamvis
2248 2268 2325 2331 ad
2360 2277 2609 2350 tempus
2638 2268 3001 2331 humiliavit
3032 2286 3120 2345 se,
3156 2286 3285 2331 non
3322 2277 3410 2330 ta-

1923 2386 2069 2429 men
2101 2367 2453 2448 permansit
2482 2367 2549 2429 in
2580 2366 2789 2430 boniS.

2019 2468 2223 2543 Opera
2274 2486 2419 2527 vero
2458 2468 2745 2527 Roboam
2778 2468 3004 2543 prima
3045 2474 3105 2527 et
3146 2466 3411 2526 novissi-

1921 2586 2051 2636 ma,
2085 2566 2327 2641 scripta
2356 2575 2507 2626 sunt
2538 2567 2613 2625 in
2645 2566 2829 2625 libris
2859 2566 3127 2626 Semeioe
3146 2564 3413 2641 prophe-

1923 2674 2024 2735 toe,
2043 2673 2101 2723 et
2121 2666 2311 2724 Addo
2332 2664 2634 2736 videntis,
2651 2672 2710 2723 et
2730 2664 2805 2723 di
2811 2665 3078 2740 liyenter
3097 2664 3407 2739 exposita.

1917 2766 2521 2840 Puynaveruntque
2556 2764 2901 2821 adversum
2938 2781 3003 2821 se
3033 2763 3316 2823 Roboam
3352 2770 3412 2821 et

1918 2862 2252 2923 Jeroboam
2300 2861 2549 2920 cun-ctis
2596 2861 2845 2931 diebus,
2895 2858 2959 2920 id
3020 2866 3118 2921 est
3163 2858 3410 2921 cunctis

1923 2958 2317 3039 temporibus
2348 2957 2654 3039 quamdiu
2686 2957 2923 3039 pariter
2960 2963 3406 3037 regnaverunt.

325 3056 780 3138 poenituerunt,
816 3063 880 3119 et
909 3055 1411 3119 humiliaverunt
1440 3074 1529 3131 se,
1567 3073 1694 3118 non
1727 3064 1812 3117 ta·
1845 3058 1888 3121 C
1920 3055 2219 3131 Quamvis
2248 3055 2419 3118 enim
2451 3056 2550 3134 (ut
2579 3055 2961 3137 praecedenti
3000 3054 3270 3117 habetur
3305 3072 3410 3117 ca-

325 3174 462 3217 men
525 3164 654 3218 tam
713 3154 926 3236 plene,
979 3154 1151 3236 quod
1209 3153 1494 3236 plenarie
1553 3152 1810 3216 liberari

327 3262 691 3317 meruerunt
721 3273 758 3316 a
786 3254 941 3335 jugo
971 3252 1300 3316 servitutis
1331 3252 1496 3333 regis
1517 3252 1766 3334 AEgypti
1792 3270 1806 3313 ε

331 3352 464 3415 ideo
505 3360 886 3415 manserunt
923 3351 1044 3413 sub
1084 3354 1224 3432 ejus
1264 3350 1572 3413 servitute
1608 3349 1814 3412 duris-

330 3451 501 3527 sima,
538 3460 610 3513 ut
641 3450 744 3515 vel
776 3450 870 3513 sic
903 3450 1403 3533 reprimerentur
1440 3469 1477 3511 a
1517 3448 1648 3511 suis
1681 3468 1814 3512 scc-

335 3550 584 3625 leribuS,
639 3558 834 3631 atque
893 3568 1007 3631 per
1063 3548 1522 3631 experientiam
1580 3548 1816 3611 scirent

334 3648 692 3711 distantiam
738 3648 905 3711 inter
943 3647 1314 3711 servitutem
1350 3647 1459 3709 Dei
1501 3655 1564 3709 et
1606 3655 1816 3729 tyran-

259 3776 308 3803 n..
337 3766 573 3825 norum,
595 3756 661 3811 et
685 3746 778 3809 sic
801 3747 1049 3810 vexatio
1069 3748 1247 3810 daret
1277 3746 1370 3808 eis
1398 3746 1809 3809 intellectum.

349 3849 780 3908 Verumtamen
818 3848 976 3926 quia
1011 3846 1352 3905 humiliati
1386 3854 1564 3913 sunt,
1592 3865 1816 3905 aversa

339 3956 422 4005 est
457 3948 534 4007 ab
573 3948 667 4006 eis
705 3948 810 4004 ira
839 3946 1136 4013 Domini,
1163 3964 1278 4003 nec
1314 3946 1508 4005 deleti
1533 3954 1683 4004 sunt
1711 3964 1818 4021 pe-

1921 3154 2152 3237 pitulo)
2173 3154 2452 3217 Roboam
2482 3162 2545 3217 et
2576 3153 2851 3236 populus
2882 3153 3021 3233 ejus
3053 3152 3119 3215 in
3151 3151 3409 3216 exordio

1923 3253 2101 3333 regni
2123 3253 2223 3314 sui
2245 3252 2518 3315 cessavit
2544 3272 2581 3313 a
2602 3252 2821 3334 praelio
2842 3258 3063 3315 contra
3079 3251 3410 3313 Jcroboam

1922 3360 2255 3434 conceptO,
2290 3360 2502 3413 tamen
2538 3359 2821 3432 tempore
2855 3350 3234 3431 procedente
3264 3367 3413 3413 con-

1923 3458 2021 3511 tra
2060 3467 2127 3510 se
2168 3448 2445 3512 invicem
2478 3455 2947 3530 pugnaverunt,
2982 3455 3046 3509 et
3085 3445 3209 3508 fuit
3248 3446 3413 3508 inter

1925 3567 2032 3611 eos
2063 3547 2491 3630 displicentia,
2526 3546 2775 3609 aversio
2813 3554 3006 3627 atque
3035 3545 3226 3609 elatio
3257 3544 3415 3607 mul-

1927 3646 2144 3729 tiplex.
2185 3650 2265 3709 Et
2295 3648 2607 3707 dormivit
2638 3648 2919 3707 Roboam
2948 3665 3095 3705 cum
3116 3646 3415 3721 patribus

1923 3748 2080 3817 suiS,
2114 3750 2523 3824 sepultusque
2551 3754 2641 3803 est
2671 3746 2745 3803 in
2775 3746 3037 3804 civitate
3064 3744 3323 3813 David,·
3352 3753 3413 3804 et

1924 3847 2223 3921 reynavit
2252 3846 2421 3904 Abia
2451 3845 2635 3919 filius
2664 3844 2802 3918 ejus
2826 3862 2947 3919 pro
2977 3861 3067 3901 eo,

2006 3941 2207 4022 Hujus
2228 3939 2492 4023 capituli
2518 3939 2710 4002 verba
2731 3939 2834 4002 hic
2858 3958 2985 4001 non
3008 3938 3315 4020 exposita,
3334 3957 3410 4001 ex

3436 3171 3622 3277 ⁴111³ar.
3641 3186 3698 3224 xi,

3440 3997 3605 4053 nimy.
3620 4012 3702 4049 xiv,

344 4046 506 4105 nitus
533 4066 556 4104 .·
583 4046 910 4122 siquidem
950 4052 1008 4103 et
1048 4045 1122 4103 in
1157 4045 1332 4103 Juda
1361 4044 1626 4102 inventa
1665 4051 1818 4101 sunt
1928 4039 2331 4123 praeallegato
2366 4038 2550 4100 tertio
2579 4037 2819 4117 Regum
2850 4036 3013 4099 libro
3043 4036 3214 4099 clara
3242 4044 3411 4099 sunt.
3439 4063 3486 4104 21
3508 4066 3551 4105 et
3570 4072 3664 4116 κς,

1412 4470 2059 4558 ARTICULUS
2123 4471 2348 4555 XIII

619 4746 1007 4796 EXPLANATIO
1050 4746 1324 4792 CAPITULI
1365 4744 1770 4790 TERTnDEcml
1815 4743 1828 4788 Ζ
1877 4742 2041 4789 ΑΝΝΟ
2086 4742 2545 4788 oc'rAvonEcmo
2590 4743 2765 4788 REGIS
2805 4742 3140 4788 JEROBOAM.

492 5027 566 5091 lc
589 5028 798 5107 agitur
827 5026 906 5089 de
937 5043 1130 5106 regno
1161 5024 1356 5087 Abiae.
1380 5029 1572 5086 Anno
1593 5033 1829 5083 octavo·
1857 5024 1907 5084 D
1937 5022 2245 5103 scriptum
2268 5021 2755 5103 expositumque
2776 5026 2888 5081 est.
2913 5022 3277 5097 Nomenque
3296 5038 3423 5077 ma-

514 5129 754 5187 decimo
783 5128 952 5203 reyis
981 5126 1311 5185 Jeroboam
1337 5125 1635 5200 reynavit
1658 5124 1830 5183 Abia

374 5242 542 5299 super
581 5228 845 5286 Judam.
901 5225 1130 5285 Tribus
1176 5224 1372 5283 annis
1419 5222 1715 5297 reynavit
1762 5222 1832 5280 in

1943 5122 2060 5181 tris
2108 5122 2249 5197 ejus
2304 5121 2593 5181 Mickaia
2638 5120 2789 5196 filia
2837 5119 3014 5180 Uriel
3055 5119 3135 5176 de
3180 5116 3417 5177 Gabaa.

1945 5218 2146 5299 Supra
2190 5216 2497 5298 scriptum
2544 5223 2659 5291 est,
2710 5214 2880 5295 quod
2925 5212 3199 5275 Roboam
3250 5231 3425 5275 acce-
3474 5229 3507 5272 ιι
3532 5230 3642 5273 Par.
3660 5242 3715 5279 n,

377 5322 720 5385 Jerusalem.
764 5323 892 5386 Hoc
942 5322 1112 5384 idem
1157 5320 1344 5383 tertio
1387 5319 1624 5399 Regum
1671 5318 1834 5382 libro
1947 5317 2044 5400 pit
2072 5316 2325 5377 Maacha
2358 5314 2561 5376 filiam
2592 5312 2889 5389 Absalon,
2919 5331 3062 5393 quae
3092 5312 3339 5396 peperit
3367 5311 3427 5375 ei
3454 5296 3523 5336 ²⁰·
