4309 6259
887 514 1004 578 310
1783 530 2128 578 amanum
2172 531 2233 576 m
2276 531 2412 576 car.
2460 530 2481 575 1
2520 530 2645 575 ³013.
2691 550 2772 559 —
2815 530 2955 575 aar.
3004 531 3063 575 1v

889 704 1241 765 sanctitatis
1281 712 1342 765 et
1380 704 1663 767 veritatis
1703 722 1832 765 suae
1871 701 2135 781 vestigia
2176 701 2243 761 in
2282 700 2373 762 eis
2405 698 2455 759 A
2488 699 2825 780 prehendit
2846 720 2947 763 me
2966 719 3308 763 cormeum
3340 699 3404 761 in
3426 700 3600 762 omni
3633 699 3763 763 vita
3784 718 3974 778 mea3

893 800 1282 882 relinquenS,
1325 802 1860 883 quemadmodum
1899 801 1976 861 ad
2015 799 2373 862 Corinthios
2487 807 2562 873 et,
2581 798 2841 879 Semper
2861 799 3041 879 quasi
3064 808 3378 862 tumentes
3400 818 3589 881 super
3608 818 3710 861 me
3734 798 3975 862 fluctus
4042 820 4118 865 101,
4138 835 4227 869 xm.

635 908 670 951 1¹
690 910 860 959 Cor-w.
891 900 1048 962 dicit
1092 900 1429 981 Apostolus
1478 919 1491 962 :
1527 900 1651 963 Vos
1699 899 1849 962 estis
1901 899 2207 979 templum
2264 896 2374 958 Dei
2490 895 2671 958 timui
2705 897 2922 959 Deum.
2954 898 3022 959 In
3053 898 3170 960 hoc
3202 915 3349 977 ergo
3376 897 3492 960 101)
3520 918 3555 959 a
3585 907 3749 961 terra
3779 906 3977 979 atque
4004 884 4069 926 ²³·

603 974 668 1018 16.

594 2682 860 2735 ,ναίὴ-κη,

889 999 1048 1076 vivi,
1087 1000 1252 1062 sieut
1297 999 1454 1061 dicit
1500 998 1824 1075 DominuS,
1848 997 2153 1071 Quoniam
2205 995 2376 1057 habi-

891 1096 1038 1160 tabo
1086 1098 1152 1158 in
1192 1098 1283 1159 eis
1322 1106 1385 1160 et
1415 1096 1846 1172 inambulab0‚
1890 1104 1952 1158 et
1981 1113 2087 1157 ero
2116 1094 2371 1157 illorum

891 1196 1076 1258 Deus.
1110 1195 1412 1259 Praeterea
1443 1197 1712 1259 Thomas
1739 1195 1830 1255 ait
1857 1194 2096 1268 :Quum
2128 1212 2377 1275 compo-

888 1296 1048 1356 situs
1081 1295 1164 1356 sit
1193 1294 1383 1358 homo
1405 1314 1480 1357 ex
1503 1302 1728 1355 natura
1757 1292 2072 1377 spirituali
2093 1300 2157 1355 et
2186 1311 2375 1354 earne

888 1401 1163 1469 terrena,
1197 1393 1436 1455 malum
1476 1392 1752 1455 hominis
1794 1393 1859 1453 in
1910 1392 2028 1453 hoc
2057 1391 2371 1467 consistit,

889 1491 1058 1572 quod
1110 1490 1347 1553 relictis
1395 1490 1834 1572 spiritualibus
1865 1490 2072 1563 boniS‚
2104 1490 2184 1551 ad
2234 1510 2375 1570 qnae

891 1589 1241 1653 seeundum
1281 1590 1653 1652 rationalem
1701 1597 1979 1652 mentem
2021 1588 2371 1660 ordinatur,

891 1687 1160 1750 terrenis
1182 1687 1367 1750 bonis
1393 1687 1676 1763 inhaeret,
1699 1706 1838 1768 quae
1861 1687 1981 1749 sibi
2006 1694 2377 1767 competunt

891 1786 1242 1849 seeundum
1263 1805 1518 1848 carnem
1549 1795 1861 1848 terrenam
1892 1804 1905 1847 :
1932 1786 2074 1848 ideo
2105 1784 2278 1859 mali,
2308 1784 2372 1845 in

2487 996 2755 1058 terrenis
2803 996 3169 1059 hominibus
3212 995 3338 1058 tuit
3382 1005 3766 1077 segregatus,
3804 997 3975 1078 quod

2488 1094 2729 1157 exstitit
2783 1095 2890 1157 Dei
2950 1115 3191 1158 servus.
3244 1095 3439 1159 Homo
3495 1096 3729 1159 etenim
3790 1096 3977 1177 quasi

2489 1193 2736 1256 medius
2775 1193 3160 1256 constitutus
3199 1202 3297 1257 est
3335 1194 3499 1257 inter
3536 1195 3729 1257 Deum
3772 1204 3837 1257 et
3878 1212 3977 1256 res

2493 1301 2772 1355 terrenas
2800 1311 2813 1354 :
2842 1312 2987 1355 nam
3010 1303 3221 1356 mente
3244 1293 3655 1374 conjungitur
3674 1294 3824 1371 Deo,
3850 1312 3979 1356 car·

2490 1410 2570 1453 ne
2602 1391 2890 1454 terrenis,
2924 1391 3192 1454 Medium
3224 1411 3395 1469 vero,
3431 1410 3559 1473 quo
3585 1392 3865 1474 amplius
3896 1393 3977 1455 ab

2492 1509 2618 1552 uno
2648 1498 2927 1553 extremo
2958 1490 3214 1565 recedit,
3248 1508 3322 1553 eo
3351 1491 3496 1573 plus
3534 1490 3716 1554 alteri
3744 1510 3980 1574 appro-

2489 1588 2781 1669 pinquat.
2814 1588 2991 1650 Unde
3030 1608 3156 1669 quo
3204 1590 3393 1651 homo
3441 1588 3583 1671 plus
3614 1590 3738 1653 Deo
3783 1590 3981 1653 inhae-

2491 1695 2606 1761 ret,
2639 1705 2715 1749 eo
2744 1688 3045 1750 remotior
3073 1696 3169 1750 est
3195 1706 3231 1748 a
3262 1695 3446 1749 terra.
3482 1690 3607 1751 Hoc
3635 1699 3851 1753 autem
3882 1700 3979 1753 est

2490 1804 2743 1849 servum
2775 1785 2881 1847 Dei
2912 1804 3070 1861 esse,
3105 1788 3275 1866 quod
3314 1795 3527 1850 mente
3553 1787 3677 1851 Deo
3708 1788 3981 1851 inhaere-

890 1893 1203 1965 quantum
1243 1893 1532 1947 naturam
1579 1892 1889 1946 terrenam
1929 1883 2201 1964 (scilieet
2244 1902 2377 1945 car-
2414 1880 2460 1941 B
2493 1902 2596 1945 re:
2632 1884 2933 1964 quoniam
2966 1904 3186 1947 servus
3216 1894 3331 1960 est,
3358 1886 3625 1967 quinon
3655 1886 3754 1948 sui
3786 1906 3977 1949 eausa

890 1985 1066 2063 nem)
1096 1991 1472 2064 sequuntur,
1508 1992 1675 2046 reete
1703 1983 2004 2046 dicuntur
2037 1992 2220 2044 terra.
2255 1982 2377 2041 Hu-

888 2081 1166 2161 jusmodi
1189 2099 1338 2161 ergo
1363 2090 1594 2143 terram
1617 2100 1742 2144 non
1765 2082 1970 2145 solum
1993 2080 2242 2155 circuit,
2268 2080 2375 2141 sed

887 2188 951 2241 et
990 2179 1388 2260 perambulat
1427 2179 1637 2255 Satan,
1670 2180 1822 2261 quia
1862 2178 1928 2240 in
1977 2179 2068 2241 eis
2117 2177 2377 2239 malitiae

887 2298 1017 2341 suae
1046 2276 1354 2340 effectum
1387 2279 1820 2358 consequitur.

976 2378 1292 2455 Dixitque
1320 2379 1642 2437 Dominus
1680 2380 1768 2437 ad
1803 2397 1951 2437 eum
1979 2394 2002 2436 .·
2037 2378 2378 2455 Numquid

887 2476 1306 2535 considerasti
1324 2496 1578 2535 servum
1601 2495 1810 2535 meum
1824 2476 1969 2534 Job:
1989 2492 2241 2536 servum
2265 2474 2379 2535 uti-

889 2592 1015 2655 que
1044 2573 1349 2637 servitute
1377 2573 1634 2648 amoriS,
1669 2571 1775 2635 eui
1815 2571 2050 2633 dieitur
2076 2572 2142 2633 in
2175 2571 2379 2635 Evan-

888 2672 1079 2750 gelio,
1113 2672 1306 2751 Euge,
1341 2690 1520 2735 serve
1549 2671 1715 2732 bone
1744 2678 1808 2732 et
1839 2668 2076 2745 fidelis,
2112 2669 2279 2731 intra
2310 2670 2378 2732 in

2489 1990 2604 2056 est,
2639 1982 2703 2043 id
2733 1990 2829 2044 est
2857 2000 2985 2044 non
3018 1992 3277 2064 propter
3306 2003 3373 2045 se
3403 1984 3633 2066 ipsum,
3668 1986 3779 2047 sed
3809 1986 3979 2048 ordi-

2489 2088 2677 2141 natur
2712 2080 2793 2141 ad
2825 2081 3183 2143 Dominum.
3217 2082 3405 2145 Porro
3446 2083 3554 2164 qui
3597 2084 3721 2146 Deo
3760 2094 3977 2147 mente

2489 2178 2775 2255 inhaeret,
2811 2180 2877 2241 in
2908 2180 3104 2242 Deum
3136 2200 3203 2243 sc
3230 2181 3503 2259 ordinat,
3539 2182 3717 2263 quasi
3750 2202 3975 2247 servus

2485 2296 2744 2339 amoris,

2572 2375 2692 2433 Cui
2721 2375 3045 2451 respondi!
3075 2376 3283 2435 Satan
3305 2394 3329 2432 .·
3350 2376 3693 2454 Numquid
3717 2377 3977 2453 frustra

2492 2473 2669 2531 timet
2695 2474 2809 2531 Job
2838 2476 3045 2533 Deum
3067 2474 3097 2531 ?
3126 2470 3190 2531 id
3220 2479 3335 2547 est,
3370 2489 3499 2533 non
3540 2472 3773 2535 mirum
3804 2475 3975 2555 quod

2492 2568 2671 2632 timet
2705 2579 2784 2646 te,
2818 2570 2967 2649 quia
3007 2577 3099 2631 tot
3136 2570 3195 2631 ei
3236 2569 3556 2634 beneficia
3595 2573 3971 2653 praestitisti,

2488 2676 2547 2729 et
2581 2667 2645 2729 in
2669 2666 2968 2729 omnibus
2990 2676 3401 2749 prosperatur
3427 2685 3440 2730 ε
3467 2668 3607 2732 ideo
3628 2670 3828 2733 servit
3857 2671 3973 2734 tibi

596 2748 663 2797 Ἠ*
685 2748 752 2788 ²³·
887 2769 1190 2850 gaudium
1219 2768 1471 2831 Domini
1515 2768 1648 2847 tui3
1684 2788 1810 2831 non
1853 2768 2159 2832 servitute
2202 2768 2379 2832 timo·
2489 2776 2550 2829 et
2581 2766 2759 2829 timet
2790 2776 2871 2841 te,
2904 2784 3031 2829 non
3062 2776 3404 2849 propterte
3431 2777 3540 2829 aut
3566 2787 3642 2831 ex
3671 2777 3782 2832 tuo
3814 2789 3973 2852 puro

605 2884 857 2935 somnam,
889 2869 998 2944 riS,
1031 2869 1111 2931 de
1138 2886 1268 2948 que
1295 2867 1386 2928 ait
1412 2867 1720 2944 ChristuS,
1747 2866 1976 2929 Servus
2009 2886 2134 2930 non
2165 2876 2379 2929 manet
2486 2884 2723 2941 amore,
2758 2865 2864 2927 sed
2896 2872 3155 2945 propter
3184 2864 3349 2928 bona
3380 2865 3502 2927 sibi
3532 2867 3780 2944 collata,
3816 2878 3973 2931 etex

595 2949 664 2990 ³⁵·
888 2966 953 3028 in
1001 2968 1191 3029 domo
1240 2965 1306 3027 in
1355 2974 1701 3039 aeternum3
1735 2968 1904 3044 quod
1933 2986 2063 3025 non
2092 2967 2179 3026 sit
2208 2969 2268 3025 ei
2299 2969 2378 3025 si·
2486 2982 2699 3025 amore
2741 2964 2989 3045 privato
3028 2981 3101 3025 ae
3152 2963 3370 3025 servili
3399 2965 3645 3043 timore,
3680 2976 3971 3031 metuens

885 3068 1063 3126 milis
1097 3067 1170 3125 in
1206 3074 1377 3125 terra
1399 3066 1429 3124 ?
1467 3064 1592 3126 Hoc
1637 3063 1974 3144 tripliciter
2011 3064 2216 3145 accipi
2265 3083 2375 3145 po·
2406 3064 2450 3127 C
2488 3062 2541 3123 si
2571 3070 2880 3144 peccaret,
2909 3061 3243 3143 temporali
3267 3063 3683 3146 prosperitate
3704 3066 3965 3148 privari.

887 3171 1021 3226 test.
1039 3162 1450 3243 Prim0,quod
1473 3161 1686 3224 nullus
1708 3162 1896 3225 bomo
1918 3162 2122 3223 viator
2145 3170 2375 3243 tcmpo-
2486 3160 2741 3222 Frustra
2769 3169 2980 3223 autem
3023 3160 3167 3223 ficri
3207 3160 3461 3240 dieitur,
3497 3164 3665 3244 quod
3706 3162 3787 3226 fit
3832 3166 3971 3229 sinc

887 3282 954 3323 re
984 3261 1184 3323 sancti
1213 3260 1350 3337 101),
1378 3260 1502 3322 fuit
1530 3260 1587 3322 ei
1621 3260 1848 3322 similis
1879 3261 1944 3322 in
1977 3260 2371 3342 perfectione
2486 3280 2599 3342 spe
2646 3260 2951 3322 mercedis
3001 3280 3110 3321 scu
3160 3260 3476 3337 utilitatis,
3510 3272 3617 3325 aut
3663 3265 3967 3347 compleri

887 3361 1217 3435 virtutum,
1251 3360 1360 3422 sed
1403 3360 1538 3441 ipse
1569 3359 1856 3440 quolibet
1901 3368 2049 3422 tunc
2090 3360 2157 3421 in
2208 3369 2372 3421 terra
2486 3368 2593 3421 aut
2622 3359 2895 3421 obtineri
2938 3376 3063 3420 non
3108 3360 3295 3421 valet.
3326 3359 3629 3432 Quoniam
3669 3382 3819 3443 crgo
3851 3363 3970 3427 101)

884 3457 1140 3523 vivente
1188 3458 1530 3541 perfectior
1580 3458 1704 3520 fuit
1741 3477 1755 3520 :
1805 3460 1973 3539 quod
2023 3477 2150 3520 non
2200 3458 2373 3523 vide—
2486 3466 2577 3520 tot
2610 3457 2979 3538 temporalia
3011 3458 3135 3519 Deo
3166 3458 3442 3521 donante
3474 3461 3774 3541 possedit,
3809 3464 3967 3526 dixit

887 3565 1060 3619 retur
1097 3566 1350 3620 cautum
1393 3576 1694 3631 asserere,
1729 3557 1781 3617 si
1827 3566 2109 3638 tempore
2148 3557 2371 3639 Moysis
2486 3576 2633 3619 eum
2679 3556 2969 3617 diabolus
3018 3574 3143 3618 non
3194 3554 3431 3619 frustra
3476 3558 3672 3621 Deum
3721 3561 3967 3640 timere,

888 3653 1033 3731 fuit,
1067 3656 1416 3737 praescrtim
1459 3674 1655 3736 quum
1685 3654 1921 3738 Moyses
1952 3655 2261 3737 populum
2292 3656 2373 3717 Is-
2487 3655 2668 3735 quasi
2717 3663 2975 3736 propter
3023 3653 3154 3716 sola
3214 3662 3461 3717 terrena
3518 3657 3751 3721 coleret
3798 3679 3966 3722 eum.

889 3754 1019 3816 rael
1061 3755 1241 3817 rexit.
1276 3752 1564 3816 Secundo
1605 3753 1877 3833 intelligi
1919 3761 2146 3834 potest,
2182 3762 2374 3836 prout
2487 3754 2675 3816 Porro
2718 3754 2868 3815 dum
2907 3754 3062 3833 ¹justi
3104 3754 3463 3830 laudantur,
3498 3756 3698 3819 invidi
3738 3767 3801 3821 et
3837 3779 3973 3841 per-

886 3853 951 3916 in
985 3853 1272 3934 quolibet
1312 3852 1569 3915 homine
1610 3852 1896 3934 perfecto
1927 3862 1988 3916 et
2018 3861 2238 3915 sancto
2276 3862 2371 3915 est
2487 3852 2652 3915 versi
2682 3852 2891 3915 acrius
2920 3861 3137 3913 contra
3168 3871 3277 3915 eos
3306 3852 3695 3934 desaeviunt3
3728 3864 3793 3919 et
3818 3858 3967 3919 dum

885 3952 1100 4033 aliqua
1155 3951 1632 4033 praeeminentia
1697 3952 2027 4031 eujusdam
2089 3952 2365 4028 virtutiS,
2484 3970 2675 4031 opera
2724 3970 2866 4031 quae
2923 3959 3290 4027 cernuntur,
3346 3952 3807 4034 reprehendere
3862 3976 3969 4019 ne-

814 4064 820 4071 ·
885 4052 1094 4131 quoad
1135 4049 1471 4132 specialem
1502 4049 1782 4130 aliquem
1827 4070 2033 4127 usum,
2059 4071 2171 4114 seu
2202 4070 2371 4131 quae-
2485 4058 2748 4129 queunt,
2776 4050 3191 4111 intentionem
3222 4050 3666 4133 condemnant,
3690 4072 3969 4117 asseren-

885 4150 1027 4211 dam
1052 4147 1348 4230 speeialis
1370 4148 1784 4229 praerogativa
1809 4148 2090 4213 virtutis:
2113 4157 2371 4230 propter
2486 4156 2575 4209 tes
2606 4147 2773 4207 malo
2806 4146 2950 4208 fieri
2991 4146 3205 4209 animo
3234 4166 3376 4227 quae
3418 4157 3583 4210 recta
3615 4148 3967 4217 intentione

651 4266 800 4311 Εοοιε.
887 4248 1057 4329 quod
1085 4248 1164 4309 de
1202 4244 1490 4326 quolibet
1529 4245 1781 4307 canitur
1819 4246 2203 4325 consessore,
2237 4248 2368 4309 Non
2401 4247 2450 4309 D
2480 4252 2810 4325 geruntur.
2845 4244 3007 4306 Deus
3047 4263 3198 4309 vero
3239 4245 3435 4307 vitam
3476 4247 3791 4326 justorum
3830 4252 3965 4313 vult

613 4342 719 4380 '‘¹⁴'’
751 4332 818 4373 ²⁰·
885 4355 981 4409 est
1021 4346 1316 4407 inventus
1357 4344 1585 4406 similis
1627 4344 1765 4425 illi3
1800 4354 1862 4407 et
1890 4345 2228 4426 Apostolus
2275 4366 2373 4407 as·
2482 4362 2608 4405 non
2641 4343 2845 4405 solum
2888 4343 2980 4405 eis
3020 4362 3157 4405 esse
3198 4343 3540 4421 salubrem,
3574 4347 3683 4409 sed
3722 4356 3785 4409 et
3820 4349 3965 4411 aliis

591 4468 850 4521 woman.
885 4444 1060 4520 serit,
1083 4442 1534 4523 Unusquisque
1553 4444 1883 4525 proprium
1911 4444 2150 4506 donum
2181 4444 2371 4506 habet
2480 4442 2903 4523 exemplarem
2934 4459 2947 4503 :
2975 4442 3123 4523 quia
3166 4450 3229 4503 et
3267 4442 3410 4504 ideo
3442 4451 3677 4505 tantam
3710 4446 3965 4526 quibus-

882 4561 918 4603 a
949 4543 1095 4604 Dee.
1129 4540 1359 4616 Tertio,
1405 4541 1573 4621 quod
1615 4541 1681 4602 in
1721 4550 1907 4618 terra,
1944 4542 2006 4603 id
2045 4551 2141 4604 est
2180 4542 2368 4603 rebus
2478 4542 2622 4603 dam
2669 4541 2934 4621 gratiam
2977 4540 3300 4621 elargitur,
3352 4549 3424 4603 ut
3461 4560 3677 4605 eorum
3728 4544 3959 4607 intuitu

881 4640 1380 4720 hominibusque
1412 4640 1700 4715 terreniS,
1728 4640 1785 4702 ei
1818 4658 1945 4701 non
1979 4640 2175 4703 fuerit
2203 4640 2370 4701 simi-
2478 4647 2541 4702 et
2569 4637 2859 4720 exemplo
2886 4638 2997 4699 alii
3029 4637 3395 4719 proficiant,
3420 4638 3823 4703 aedifieentur
3852 4662 3959 4705 seu

881 4740 984 4802 lis,
1009 4739 1456 4802 Verumtamen
1488 4738 1639 4817 quia
1667 4757 1814 4801 mox
1843 4738 2159 4815 subditur,
2185 4741 2367 4799 homo
2476 4745 2952 4801 convertantur.
2981 4737 3275 4800 Benevoli
3300 4755 3556 4818 quoque
3577 4756 3795 4801 eorum
3828 4741 3965 4803 imi-

877 4841 1154 4915 simpleoe
1184 4846 1244 4897 ec
1273 4846 1506 4905 rectu-3,
1533 4846 1594 4896 ec
1637 4839 1866 4897 timens
1893 4840 2128 4907 Deum,
2160 4858 2236 4897 ac
2278 4858 2367 4897 re·
2478 4836 2715 4897 tatione
2748 4834 3118 4915 proficiunt,
3144 4834 3439 4897 malevoli
3471 4836 3956 4912 deteriorantur,

875 4942 1098 4999 cedens
1127 4956 1166 4996 a
1201 4940 1396 5005 male,
1425 4934 1677 4997 videtur
1711 4943 1914 4997 textus
1946 4936 2357 5016 praetendere,
2477 4934 2715 4997 invidia
2747 4952 2853 4995 eos
2895 4940 3249 5015 torquente.
3284 4933 3425 4995 Ideo
3456 4932 3621 4996 bona
3652 4934 3961 5019 interpre-

875 5035 1045 5117 quod
1095 5034 1160 5096 in
1213 5034 1352 5095 istis
1383 5032 1728 5096 virtutibus
1761 5052 1886 5095 non
1931 5032 2055 5095 fuit
2102 5034 2161 5095 ei
2212 5042 2361 5097 tune
2477 5043 2689 5096 tantur
2719 5032 2783 5093 in
2814 5032 3075 5109 malum,
3102 5040 3165 5094 et
3192 5031 3310 5093 sub
3340 5032 3551 5113 speeie
3574 5032 3725 5095 boni
3758 5036 3957 5097 multa

871 5133 1122 5196 similis,
1155 5132 1330 5206 Quod
1362 5140 1424 5193 et
1455 5132 1606 5191 satis
1637 5130 1970 5212 probabile
1999 5132 2354 5213 apparebit,
2471 5132 2635 5193 mala
2655 5139 3019 5213 proponunt
3040 5150 3114 5193 ae
3136 5130 3390 5193 faciunt.
3411 5130 3569 5193 Hinc
3592 5131 3657 5192 in
3680 5134 3953 5195 secunda

873 5234 924 5295 si
949 5250 1289 5315 pensemus
1310 5249 1452 5310 quae
1477 5230 1741 5310 ipsemet
1763 5230 1875 5293 101)
1898 5229 2065 5293 insra
2089 5232 2167 5293 de
2188 5250 2255 5293 se
2277 5232 2361 5314 ip·
2468 5231 2546 5290 ad
2575 5228 2934 5291 Corinthios
2962 5228 3054 5288 ait
3082 5228 3416 5309 Apostolus
3444 5246 3457 5289 :
3483 5228 3715 5290 Christi
3746 5230 3951 5293 bonus
4014 5262 4043 5305 u
4064 5262 4155 5305 sor,
4172 5273 4203 5302 12,

576 5350 662 5394 ιο)
675 5356 842 5405 χιι-ηε.
873 5352 941 5395 so
972 5339 1253 5405 testatur,
1273 5328 1437 5389 inter
1467 5335 1670 5388 cetera
1707 5328 1989 5408 loquen5‚
2017 5330 2231 5409 Neque
2262 5348 2357 5391 re-
2468 5328 2623 5391 odor
2652 5347 2871 5389 sumus
2900 5326 3025 5389 Deo
3051 5345 3067 5406 3
3099 5325 3242 5388 aliis
3263 5326 3520 5406 quidem
3542 5327 3698 5390 odor
3726 5330 3947 5393 mortis
3982 5330 4040 5373 ¹⁵·
4063 5328 4120 5366 ¹⁶·
