4309 6259
600 2374 839 2429 Apoc.n.4,

606 3656 681 3700 Pa.
700 3671 783 3705 xvi,
800 3661 839 3701 8.

578 3856 839 3906 Pacius-nt.

580 5122 660 5165 Pe.
674 5125 843 5172 xvnnffl.

579 5222 658 5265 Pe.
674 5235 787 5273 xxiv,
805 5226 843 5265 5.

868 489 987 553 634

1680 507 2026 555 ENARRATIO
2070 510 2130 553 ΙΝ
2174 508 2311 553 GAP.
2357 507 2510 553 xxlx
2549 508 2674 554 1013.
2721 528 2803 537 —
2841 509 2983 553 ΛΒΤ.
3033 506 3150 553 Lvn

947 678 1269 740 Poenitens
1301 680 1497 759 igitur
1525 680 1613 741 ait
1648 698 1662 741 :
1699 682 1852 748 Quis
1884 680 2051 739 milei
2084 681 2348 749 tribuat,
2383 678 2433 739 A
2461 697 2587 759 que
2623 696 2637 739 :
2676 679 2885 741 Deduc
2935 698 3058 755 me,
3107 679 3392 754 Domine,
3437 679 3503 739 in
3553 678 3657 740 via
3709 686 3834 751 tua,
3879 686 3948 738 et
4005 697 4245 737 eumz-

866 788 939 838 ut
976 780 1099 837 sim
1126 779 1331 854 ,ju-vta
1372 800 1610 839 menses
1647 781 1984 856 pristiam,
2028 778 2092 838 id
2137 786 2234 839 est
2286 778 2350 838 in

864 876 974 937 tali
1008 877 1334 957 opulentia
1366 876 1711 957 spirituali,
1747 878 1813 937 in
1847 876 1955 939 tali
1991 876 2351 939 devotionis

860 975 1499 1056 compunctionisque
1531 976 1755 1057 gratia,
1778 976 1842 1036 in
1878 974 1985 1037 tali
2020 974 2351 1055 perfectio·

863 1092 939 1134 ne
972 1074 1543 1155 virtutnm,quales
1575 1075 1919 1155 aliquando
1954 1074 2190 1135 habuit
2219 1074 2351 1146 Quo

860 1170 1029 1232 enim
1066 1172 1425 1252 spiritualia
1456 1174 1622 1235 dona
1662 1172 1850 1235 bonis
1894 1172 2163 1233 terrenis
2205 1180 2353 1232 sunt

860 1270 1167 1349 digniora,
1203 1279 1263 1332 et
1297 1291 1561 1334 munera
1590 1272 1809 1351 gratiae
1844 1271 2030 1333 bonis
2056 1270 2346 1346 sortunae,

860 1387 937 1431 eo
976 1370 1053 1429 de
1096 1369 1349 1431 illarum
1396 1371 1737 1432 amissione
1787 1370 2064 1450 amplius
2108 1378 2202 1431 est
2243 1370 2353 1430 do-

862 1468 1143 1540 lendum,
1179 1469 1650 1549 cordialiusque
1703 1470 2051 1550 optandum
2100 1476 2159 1529 et
2206 1467 2354 1529 etti-

861 1566 1072 1628 cacius
1106 1568 1626 1646 satagendum,ut
1659 1568 1873 1648 lapsus
1904 1568 1981 1629 ad
2016 1567 2348 1648 pristinam

864 1673 1217 1727 revertatur
1260 1684 1619 1727 mensuram
1663 1666 1881 1745 gratiae
1910 1684 1983 1727 ac
2015 1665 2346 1728 virtutum.

865 1763 928 1825 Si
979 1780 1127 1841 ergo
1178 1782 1292 1825 nos
1344 1764 1407 1824 in
1460 1764 1720 1826 caritate
1777 1765 2078 1845 tepuisse,
2123 1764 2188 1824 in
2245 1764 2348 1824 Dei

2466 778 2781 857 ingrediar
2812 778 2878 838 in
2910 779 3177 841 veritate
3211 787 3336 839 tua.
3370 778 3579 852 Porro,
3599 778 3772 857 quod
3801 795 3950 856 pec-

2461 886 2704 939 catores
2759 878 3032 939 t-enebrae
3077 885 3543 957 nuncupentur,
3579 882 3822 937 constat
3871 894 3950 936 ex

2463 994 2537 1037 eo
2579 975 2750 1055 quod
2795 975 3120 1037 conversis
3160 974 3248 1035 ait
3286 974 3626 1054 Apostolus
3661 992 3676 1034 :
3714 973 3949 1034 Fuistis
3985 1001 4244 1054 Ephesis,

2461 1074 2804 1153 aliquando
2859 1074 3154 1135 tenebrae.
3186 1074 3458 1135 Joannes
3497 1090 3752 1153 quoque
3787 1090 3800 1133 :
3835 1073 3949 1133 Te—

2465 1172 2676 1234 nebrae
2709 1192 2846 1233 eam
2877 1173 3206 1251 (videlicet
3234 1173 3464 1248 lucem,
3491 1190 3632 1252 quae
3660 1172 3950 1233 Christus

2462 1273 2585 1350 est)
2619 1289 2745 1333 non
2778 1271 3420 1352 comprehenderunt.

2545 1374 2731 1431 Sicut
2767 1372 2879 1447 fui
2917 1374 2988 1429 in
3030 1373 3253 1430 diebus
3293 1372 3732 1431 adolescentioe
3777 1391 3945 1429 mea‘.

2464 1469 2824 1551 Spiritualis
2855 1468 3284 1531 adolescentia
3305 1468 3428 1529 dici
3455 1477 3659 1549 potest
3693 1468 3948 1529 initium

2463 1568 2922 1638 conversioniS,
2957 1568 3110 1629 dum
3151 1568 3340 1631 homo
3389 1567 3807 1647 spiritualiter
3857 1586 3954 1627 sa-

2466 1685 2614 1747 pere
2647 1666 2926 1736 inchoat,
2961 1666 3125 1727 sicut
3167 1666 3230 1727 in
3273 1666 3702 1728 adolescentia
3731 1684 3953 1745 corpo-

2466 1765 2605 1840 rali,
2645 1765 2888 1827 ratione
2922 1765 3150 1846 incipit
3182 1766 3296 1826 uti.
3331 1764 3597 1838 Quidam
3636 1773 3848 1825 autem
3886 1766 3948 1825 in

866 1862 1175 1942 obsequio
1228 1862 1440 1942 pigros
1493 1863 1691 1924 factos
1740 1862 2193 1942 conspicimuS,
2245 1870 2354 1922 aut
2391 1864 2438 1924 B
2465 1862 2904 1926 conversionis
2947 1882 3076 1924 suae
3115 1864 3374 1925 exordio
3415 1870 3558 1923 sunt
3605 1861 3947 1925 ferventes,

866 1979 1056 2039 grave
1089 1960 1391 2023 incidisse
1424 1969 1751 2041 peccatum
1788 1960 2171 2032 invenimuS,
2208 1960 2356 2020 inti-

870 2077 971 2119 me
1004 2058 1351 2126 doleamus,
1381 2058 1628 2120 l'ortiter
1657 2059 2091 2131 emendemus,
2126 2066 2189 2118 et
2219 2077 2358 2120 ver-

870 2157 949 2217 ba
1006 2156 1139 2218 haec
1198 2156 1732 2220 affectuosissime
1792 2158 2210 2239 proferamus,
2263 2164 2356 2217 at-

876 2255 1207 2316 tendentes
1261 2256 1429 2335 quod
1493 2255 1557 2315 in
1608 2256 1985 2337 Apocalypsi
2049 2256 2211 2317 Deus
2267 2254 2357 2315 ait

872 2352 1121 2415 cuidam
1162 2371 1175 2413 :
1214 2354 1423 2415 Habeo
1472 2354 1775 2415 adversus
1820 2364 1903 2430 te,
1940 2352 2091 2434 quia
2132 2353 2358 2415 carita-

872 2461 1001 2513 tem
1052 2461 1222 2513 tuam
1267 2452 1536 2532 primam
1586 2452 1925 2532 reliquisti.
1962 2452 2193 2513 Memor
2223 2460 2357 2512 esto

873 2550 1085 2631 itaque.
1113 2551 1281 2611 unde
1304 2550 1637 2625 excideriS,
1656 2559 1719 2610 et
1743 2548 2180 2630 poenitentiam
2215 2567 2351 2629 age.

871 2648 1125 2727 Alioqui
1178 2648 1364 2711 venio
1422 2649 1538 2709 tibi
1599 2648 1746 2709 cito.
1801 2650 2172 2709 Secundum
2221 2651 2357 2707 dies

868 2749 1101 2827 quibus
1127 2749 1299 2808 Deus
1330 2748 1719 2806 custodiebat
1750 2768 1872 2815 me,
1903 2746 1967 2806 id
1999 2754 2115 2821 est,
2152 2746 2216 2807 in
2255 2747 2358 2808 bo-

868 2845 967 2905 nis
1018 2845 1236 2926 gratiae
1290 2845 1725 2907 conservabat.
1783 2844 1955 2907 Sicut
2003 2845 2178 2905 enim
2226 2844 2355 2907 diei

866 2943 971 3004 lux
1024 2944 1417 3007 incessanter
1466 2952 1876 3005 conservatur
1926 2962 1962 3003 a
2013 2943 2167 3019 sole,
2216 2943 2354 3004 sine

2467 1969 2528 2022 et
2560 1969 2779 2042 postea
2810 1968 3026 2041 tepent
3061 1980 3132 2023 ac
3155 1960 3320 2042 pigri
3353 1960 3952 2041 sunt‚carnalesque,

2469 2060 2658 2121 siunt.
2679 2058 2851 2132 Quod
2886 2078 3075 2139 quam
3107 2060 3547 2120 detestandum
3577 2059 3682 2134 sit,
3709 2078 3782 2120 ex
3815 2078 3952 2121 ver-

3981 1091 4149 1131 Jmmn.
4171 1104 4196 1129 ι.
4214 1099 4231 1120 ⁸·

2467 2160 2548 2221 bo
2587 2159 2781 2221 claret
2822 2158 3105 2239 Apostoli
3157 2159 3232 2219 ad
3283 2158 3531 2219 Galatas
3567 2174 3581 2217 ε
3617 2156 3718 2219 Sic
3769 2158 3948 2219 stulti
3985 2184 4242 2225 Gazam-..z

2467 2258 2642 2333 estiS,
2665 2266 2732 2317 ut
2764 2275 2958 2337 quum
2993 2258 3220 2337 spiritu
3253 2256 3786 2338 coeperiti8,nunc
3819 2276 3954 2318 car-

2470 2377 2548 2417 ne.
2579 2356 3155 2418 consummemini?
3176 2356 3436 2417 Talibus
3463 2373 3613 2433 ergo
3637 2356 3950 2418 incumbit

2468 2456 2702 2530 dolere,
2759 2455 3120 2528 emendare,
3183 2454 3700 2535 praeinductaque
3760 2457 3954 2518 verba

2469 2554 2776 2636 proferre,
2813 2562 2876 2614 ut
2925 2553 3169 2615 scilicet
3219 2552 3483 2633 cupiant
3531 2561 3592 2614 et
3641 2562 3956 2617 conentur

2467 2672 2605 2716 esse
2638 2652 2702 2712 in
2734 2652 2841 2713 tali
2874 2651 3120 2713 fervore.
3141 2660 3198 2713 et
3223 2651 3447 2729 gratia,
3469 2652 3534 2712 in
3558 2651 3856 2731 qualibus
3887 2654 3950 2714 in

2467 2750 2904 2813 conversionis
2956 2768 3085 2812 suae
3131 2750 3308 2811 fuere
3353 2750 3740 2831 primordiis.
3775 2751 3952 2814 Unde

2469 2850 2534 2911 in
2586 2849 2962 2931 Apocalypsi
3014 2848 3454 2929 hujuscemodi
3500 2848 3745 2911 homini
3795 2851 3954 2913 dici-

2469 2956 2570 3009 tur
2605 2965 2618 3009 :
2654 2948 2718 3008 ln
2755 2956 2967 3009 mente
2998 2947 3162 3009 habe
3201 2947 3475 3028 qualiter
3509 2948 3853 3029 acceperiS,
3891 2960 3952 3011 et

4001 2976 4236 3031 aponum.

863 3060 990 3122 quo
1024 3061 1137 3103 nec
1176 3043 1251 3104 ad
1296 3050 1690 3103 momentum
1732 3043 1898 3103 valet
1942 3043 2216 3113 durare:
2263 3041 2355 3104 sic
2391 3038 2436 3101 C
2467 3046 2785 3122 audie-ris;
2828 3055 2892 3107 et
2943 3046 3384 3128 poenitentiam
3429 3062 3564 3124 age,
3600 3055 3663 3108 et
3691 3055 3828 3110 esto
3860 3049 3954 3111 vi-
3985 3042 4024 3081 ³·

868 3158 984 3202 nec
1017 3140 1081 3201 in
1117 3141 1245 3201 ictu
1275 3139 1446 3202 oculi
1482 3140 1547 3201 in
1578 3140 1763 3201 donis
1784 3140 2001 3218 gratia)
2035 3159 2356 3220 permane-

864 3258 932 3301 re
982 3239 1288 3312 valemus,
1326 3239 1450 3300 nisi
1496 3239 1931 3301 indesinenter
1970 3239 2035 3300 in
2070 3240 2163 3301 eis
2195 3239 2356 3300 divi—

866 3338 1039 3399 nitus
1090 3356 1558 3399 conservemur.
1595 3337 1727 3399 Non
1779 3355 1928 3416 ergo
1978 3338 2354 3399 stultissime

865 3436 1233 3514 gloriemur,
1256 3455 1461 3515 neque
1486 3434 1829 3499 vanissime
1864 3454 2320 3515 praesumamus
2338 3440 2360 3508 ;’

871 3535 981 3595 sed
1014 3554 1156 3596 cum
1179 3534 1508 3596 Psalmista
1533 3534 1805 3615 quilibet.
1836 3541 2123 3595 nostrum
2157 3533 2359 3594 humi-

873 3632 1017 3694 liter
1066 3634 1440 3714 deprecetur
1475 3651 1487 3693 ε
1522 3632 1778 3695 Custodi
1812 3650 1915 3694 me
1946 3641 2014 3693 ut
2046 3632 2354 3714 pupillam

872 3731 1039 3793 oculi
1068 3758 1083 3806 3
1126 3731 1244 3792 sub
1276 3731 1501 3793 umbra
1532 3732 1773 3793 alarum
1809 3739 2056 3792 tuarum
2097 3740 2356 3811 protege

873 3849 996 3892 me.
1030 3830 1234 3910 Atque
1266 3849 1341 3890 ex
1372 3829 1586 3890 animo
1618 3829 1889 3891 fateatur
1923 3847 1937 3890 ε
1972 3829 2103 3891 Nisi
2150 3828 2358 3891 Domi-

874 3946 994 3988 nus
1046 3926 1419 3988 custodierit
1468 3926 1813 4002 civitatem,
1854 3926 2086 3989 frustra
2136 3927 2358 4005 vigilat

868 4026 978 4106 qui
1010 4024 1286 4087 custodit
1316 4042 1477 4085 eam.

950 4126 1222 4193 Quando
1264 4124 1628 4199 splendebat-
1674 4128 1935 4185 lucerna
1976 4125 2143 4201 cjch,
2169 4124 2232 4185 id
2263 4133 2358 4186 est

2466 3146 2693 3223 gilanS.
2737 3148 3004 3213 Quando
3027 3155 3256 3205 secreto
3288 3147 3456 3205 Deus
3485 3156 3624 3205 erat
3655 3149 3727 3205 in.
3759 3149 3954 3206 taber-

2467 3250 2699 3305 naculo
2730 3265 2885 3316 me0,
2920 3244 2982 3304 id
3015 3251 3113 3304 est
3144 3244 3209 3305 in
3240 3242 3644 3305 conscientiae
3677 3244 3954 3308 thalamo

2469 3363 2579 3405 seu
2627 3342 2838 3405 cordis
2890 3342 3016 3403 mei
3065 3342 3383 3414 eubicu10,
3429 3342 3706 3404 animam
3745 3363 3952 3406 meam

2471 3441 2872 3504 familiariter
2921 3440 3260 3517 visitand0‚
3304 3440 3576 3503 dulciter
3623 3442 3956 3504 consolan-

2466 3541 2568 3615 do,
2615 3538 3104 3614 inflammando,
3152 3540 3429 3617 regendo
3473 3558 3487 3599 :
3539 3540 3627 3601 ita
3666 3542 3834 3621 quod
3881 3542 3955 3602 il-

2467 3639 2576 3701 lud
2625 3636 2819 3713 Isaiae,
2875 3638 3196 3699 Secretum
3249 3656 3458 3699 meum
3505 3638 3688 3714 mihi,
3742 3639 3954 3701 dicere
3983 3670 4216 3711 numm

2471 3736 2668 3817 potui.

2553 3836 2821 3901 Quando
2870 3842 3008 3892 cra-t
3061 3836 3469 3909 Omnipotens
3517 3854 3762 3895 mecum.
3799 3857 3824 3894 .·
3869 3836 3954 3897 ita

2467 3932 2636 4013 quod
2690 3931 2899 3993 dicere
2951 3931 3152 4011 potui,
3189 3930 3413 3993 Omnia
3462 3950 3720 4011 possum
3768 3934 3832 3994 in
3877 3952 4210 4007 eopmtwn

2468 4029 2576 4110 qni
2611 4048 2713 4091 me
2743 4028 3063 4092 confortat
3089 4052 3102 4101 3
3147 4036 3210 4089 et
3241 4047 3516 4104 rursum,
3553 4030 3715 4090 Deus
3743 4033 3952 4094 cordis

2469 4126 2619 4202 mei,
2654 4134 2713 4188 et.
2749 4145 2894 4206 pars
2926 4145 3067 4186 mea
3097 4126 3260 4186 Deus
3301 4126 3365 4186 in
3400 4132 3730 4189 aeternum.
3765 4130 3852 4189 Et
3882 4133 3948 4189 in

867 4223 1085 4283 lumen
1128 4221 1365 4300 gratiae,
1404 4219 1499 4282 vel
1534 4220 1824 4282 doctrina
1854 4241 2045 4284 sacrae
2076 4222 2359 4302 Scriptu-
2393 4223 2440 4284 D
2467 4228 2750 4285 circuitu
2785 4246 2916 4284 meo
2939 4227 3138 4301 pueri
3165 4228 3315 4289 mei,
3350 4225 3412 4285 id
3453 4233 3547 4285 est
3591 4225 3953 4306 spirituales

866 4340 971 4397 rae,
1006 4339 1197 4397 super
1246 4328 1439 4395 caput
1488 4340 1724 4390 meum,
1772 4317 1834 4379 id
1880 4328 1975 4379 est
2025 4320 2090 4380 in
2141 4328 2356 4381 mente

866 4436 1007 4481 mea
1041 4436 1054 4480 :
1090 4436 1233 4498 quae
1266 4426 1363 4477 est.
1395 4416 1781 4497 principium
1816 4426 1879 4478 et.
1908 4418 2264 4499 principale
2290 4419 2356 4479 iu

866 4517 1100 4592 anima,
1146 4516 1311 4577 sicut
1360 4523 1549 4596 caput.
1596 4516 1659 4576 in
1704 4534 2010 4596 corpore3
2052 4528 2111 4577 et
2142 4522 2230 4577 act
2264 4522 2359 4577 lu-

866 4637 1007 4676 men
1060 4618 1220 4691 esua,
1275 4615 1337 4676 id
1388 4622 1483 4675 est
1534 4615 1883 4676 secundum
1942 4614 2356 4677 directionem

867 4713 1318 4776 illustrationis
1368 4712 1621 4786 divinae,
1656 4714 2065 4772 ambulabam
2096 4715 2168 4773 in
2201 4724 2359 4773 tene-

870 4815 1021 4883 ὸν-ίε,
1052 4812 1113 4873 id
1138 4811 1440 4884 est,inter
1472 4810 1827 4871 mundanos
1859 4828 1932 4871 ac
1964 4809 2197 4891 impios
2219 4830 2361 4873 con-

870 4911 1169 4972 versabar
1219 4909 1499 4971 virtuose
1548 4927 1620 4970 ac
1670 4908 2013 4989 sapienter,
2050 4928 2176 4971 non
2229 4910 2361 4973 illo-

874 5028 1013 5069 rum
1076 5008 1399 5088 sequendo
1460 5015 1717 5088 peccata
1772 5025 1784 5067 :
1838 5008 2134 5086 quamvis
2194 5009 2362 5071 dicat

875 5106 1223 5188 Scriptura,
1255 5105 1407 5167 Cum
1464 5123 1761 5186 perverso
1812 5106 2212 5185 perverteris
2246 5106 2362 5169 Pro

879 5205 996 5267 hac
1030 5204 1381 5267 directione
1414 5212 1548 5265 orat
1577 5203 1907 5265 Psalmista
1942 5222 1955 5265 :
1992 5204 2204 5283 Dirige
2235 5224 2360 5281 me,

877 5302 1164 5378 Domine,
1193 5302 1258 5363 in
1291 5302 1555 5363 veritate
1592 5309 1717 5374 tua,
1751 5310 1812 5362 et
1844 5302 1999 5364 doce
2031 5321 2153 5363 me.
2182 5303 2365 5364 ltem-

2472 4323 2595 4385 sitii
2629 4324 2763 4385 sive
2795 4322 3118 4402 discipuli,
3153 4323 3253 4385 vel
3287 4323 3617 4403 cogitatus,
3653 4324 3950 4398 affectuS,

2469 4431 2772 4502 actusque
2824 4421 3114 4497 virtuosi,
3149 4422 3382 4502 quibus
3424 4422 3707 4503 undique
3742 4423 3954 4486 secun-

2469 4520 2665 4582 dabar
2711 4528 2773 4581 e-t.
2817 4520 3189 4581 adornabar.
3229 4523 3497 4589 Quando
3529 4526 3826 4583 lavabam
3847 4544 3955 4601 pe-

2467 4624 2575 4679 des
2607 4639 2771 4677 meos
2803 4622 3052 4694 butym.
3088 4618 3281 4679 Pedes
3327 4627 3471 4679 sunt
3516 4620 3750 4681 mentis
3799 4621 3956 4683 affe-

2469 4726 2608 4779 ctus
2650 4734 3046 4797 operumque·
3086 4734 3440 4797 processus
3475 4717 3560 4778 De
3604 4718 3840 4797 quibus
3889 4720 3954 4781 in

2469 4813 2745 4877 Canticis
2801 4814 3078 4893 legitur:
3117 4814 3265 4877 Lavi
3320 4815 3512 4895 pedes
3561 4834 3757 4892 meOS,
3803 4837 3956 4898 quo-

2472 4912 2660 4974 modo
2710 4911 3063 4992 inquinabo
3113 4915 3278 4974 eos?
3321 4911 3432 4985 Qui
3487 4914 3678 4993 pedes
3731 4914 3955 4998 butyro

2472 5010 2784 5085 lavantur,
2809 5011 2957 5072 dum
2987 5008 3244 5073 fervidae
3275 5010 3554 5073 caritatis
3583 5013 3949 5076 exuberanti

2473 5105 2734 5183 affectu,
2774 5108 2869 5169 vel
2914 5106 3180 5169 internae
3221 5109 3577 5171 devotionis
3629 5111 3957 5191 pinguedi-

2476 5224 2579 5280 ne,
2600 5224 2712 5265 seu
2742 5205 2924 5267 bonae
2955 5206 3458 5269 conversationis
3489 5207 3897 5283 abundantia,
3923 5230 3956 5271 a

2476 5302 2816 5385 praeteritis
2847 5303 3031 5364 malis
3073 5322 3144 5365 ac
3185 5304 3573 5384 quotidianis
3603 5306 3955 5370 defectibus

3983 4021 4045 4058 ¹3.

4015 4080 4088 4120 1³2.
4111 4091 4224 4118 inu.

3981 4144 4042 4182 25.

3997 4834 4112 4877 Cant.
4127 4846 4166 4875 ς.
4185 4835 4218 4871 3.
4287 4836 4289 4855 ⁴
