4309 6259
921 487 1276 535 mammo
1319 490 1381 533 IN
1423 491 1560 535 cal).
1608 489 1720 535 xm
1759 490 1926 536 unm
1960 493 2185 545 QUAR'n
2210 494 2451 539 hacun.
2496 514 2577 525 —
2616 497 2759 542 ΛΒΤ.
2806 497 2910 543 xvl
3382 480 3463 543 55

357 658 665 739 quamvis
700 656 944 738 iniquo.
975 656 1128 719 Nam
1160 674 1354 739 opera
1383 657 1553 721 bona
1582 678 1659 721 ex
1685 676 1869 737 gene·
1899 660 1950 721 A
1980 660 2115 737 tita,
2172 663 2503 743 provincia
2562 683 2778 728 rursus
2828 667 2906 727 ad
2958 673 3191 729 statum
3251 666 3465 748 pristi-

362 775 456 833 re,
497 756 666 820 facta
705 764 882 819 extra
922 755 1275 834 caritatem,
1319 766 1588 839 possunt
1631 766 1868 840 tempo-

361 854 532 917 ralia
569 855 742 918 bona
779 855 1030 919 mereri.
1075 858 1251 917 Vidit
1287 858 1462 917 enim
1494 860 1866 934 unqu-stiam

357 955 600 1026 Israel,
634 955 796 1034 quia
834 956 1178 1015 attriverat
1213 974 1313 1014 eos
1345 975 1461 1014 rea:
1491 957 1708 1032 Syriae
1739 975 1761 1013 .·
1793 973 1870 1016 ex

358 1070 498 1133 quo
541 1052 820 1129 elicitur,
864 1053 1034 1133 quod
1076 1053 1238 1115 Deus
1278 1053 1601 1117 exaudivit
1649 1072 1868 1136 preces

359 1151 538 1230 regis
568 1151 772 1232 magis
805 1160 1068 1235 propter
1089 1151 1414 1231 angustias
1445 1160 1508 1215 et
1539 1171 1867 1233 pressuras

357 1258 562 1333 atque
591 1250 884 1313 miserias
913 1250 1337 1327 subditorum,
1371 1269 1562 1332 quam
1608 1259 1866 1332 propter

357 1349 597 1413 merita
643 1350 836 1431 regiS.
871 1349 1027 1413 Nam
1069 1358 1132 1413 et
1163 1350 1233 1411 in
1274 1350 1512 1432 populo
1544 1349 1655 1413 illo
1686 1357 1868 1413 erant

357 1446 572 1529 aliqui
617 1447 794 1525 boni,
851 1448 1206 1530 praesertim
1251 1448 1497 1511 Eliseus
1544 1447 1869 1511 sanctissi-

357 1564 512 1609 mus
543 1554 608 1609 et
637 1547 780 1628 ejus
811 1546 1140 1629 discipuli,
1177 1546 1288 1627 qui
1318 1546 1584 1613 orabant
1615 1565 1730 1629 pro
1760 1545 1870 1609 bo-

359 1663 448 1708 no
497 1645 850 1708 communi.
896 1650 980 1709 Et
1023 1647 1204 1708 dedit
1243 1649 1562 1707 Dominus
1599 1649 1870 1708 salvato-

356 1766 504 1806 rem
537 1746 800 1817 Israeli,
827 1755 888 1805 et
921 1748 1230 1805 liberatus
1253 1744 1354 1825 est}
1365 1748 1444 1806 de
1468 1766 1672 1806 manu
1701 1748 1870 1822 reyis

1981 778 2159 836 num,
2195 761 2575 844 copiamque
2606 771 2702 825 est
2741 783 3014 827 reversa.
3047 767 3329 845 Reliqua
3358 786 3469 825 au-

1982 868 2107 919 tem
2148 880 2515 921 sermonum
2544 865 2846 934 Joaelzaz,
2878 872 2938 923 et
2982 865 3288 925 universa
3326 886 3469 945 quw

1979 960 2157 1037 fecit,
2182 968 2241 1019 et
2270 961 2588 1036 fortitudo
2616 962 2783 1037 eju-5,
2813 982 3025 1023 nonne
3067 966 3201 1025 haec
3227 965 3471 1042 scripta

1978 1066 2132 1117 sunt
2166 1058 2239 1117 in
2261 1060 2423 1117 libro
2446 1061 2833 1120 Sermonum
2852 1064 3113 1123 dierum
3142 1082 3367 1139 reyum
3383 1065 3471 1124 Is-

1979 1159 2173 1215 rael?
2201 1157 2651 1237 Dormivitque
2678 1161 2957 1219 Joaclzaz
3002 1180 3149 1221 cum
3176 1160 3471 1237 patribus

1978 1255 2142 1323 suis,
2173 1264 2233 1314 et
2263 1257 2650 1331 sepelierunt
2679 1277 2829 1318 eum
2867 1260 2941 1317 in
2974 1258 3285 1319 Samaria
3307 1280 3335 1329 ,⁰
3378 1278 3471 1317 re-

1973 1355 2333 1431 quam-'tque
2360 1357 2510 1414 Joas
2536 1356 2721 1430 filius
2748 1356 2889 1432 ejus
2910 1376 3035 1433 pro
3062 1377 3151 1416 eo,

2061 1450 2362 1532 Sequitur
2407 1453 2485 1515 de
2528 1452 2655 1515 alio
2699 1470 2847 1533 rege
2884 1454 3095 1517 lsrael.
3130 1458 3323 1515 Anno
3355 1456 3471 1533 tri-

1979 1553 2207 1610 cesimo
2245 1553 2512 1628 septimo
2553 1556 2704 1614 Joas
2736 1556 2905 1631 regis
2930 1556 3129 1625 Juda,
3173 1555 3469 1630 reynavit

1976 1652 2126 1709 Joas
2149 1651 2333 1727 filius
2360 1653 2641 1711 Joachaz
2672 1673 2869 1731 super
2892 1655 3098 1713 Israel
3135 1654 3208 1711 in
3239 1654 3471 1713 Sama-

1977 1748 2084 1807 ria
2126 1750 2399 1808 sedecim
2440 1752 2657 1811 annis.
2694 1754 2779 1811 Et
2814 1752 2969 1827 fecit
3012 1753 3184 1830 quod
3223 1753 3469 1811 malum

357 1845 607 1921 Syrioe.
642 1842 910 1917 Quidam
944 1863 1058 1926 per
1085 1844 1464 1907 salvatorem
1496 1843 1688 1905 istum
1720 1844 1871 1905 lsra-
1903 1845 1948 1906 B
1977 1855 2066 1906 est
2111 1848 2185 1905 in
2226 1858 2559 1923 conspectu
2590 1850 2879 1909 Domini.
2923 1850 3069 1911 Non
3116 1849 3472 1909 declinavit

355 1942 600 2006 eliticae
632 1941 810 2025 plebi
845 1950 994 2005 tunc
1025 1943 1266 2021 datum,
1285 1942 1652 2021 intelligunt
1679 1961 1870 2023 ange-

359 2042 500 2104 lum
545 2041 794 2104 bonum
845 2040 1026 2121 regni
1072 2040 1267 2117 illius,
1303 2040 1488 2122 cujus
1527 2041 1764 2104 virtute
1807 2049 1869 2104 et

358 2160 488 2223 ope
519 2159 856 2221 repressus
897 2130 1023 2202 fuit
1061 2158 1169 2203 rex
1199 2138 1392 2222 Syriae
1423 2140 1503 2201 ab
1542 2139 1870 2223 impugna·

359 2240 540 2303 tione
570 2238 826 2301 Israelis
853 2237 1104 2319 maj0ri.
1141 2238 1254 2301 Vel
1286 2238 1562 2301 salvator
1592 2237 1712 2302 iste
1745 2238 1869 2301 fuit

365 2338 788 2402 beatissimus
819 2336 919 2399 vir
949 2336 1220 2413 EliseuS‚
1253 2338 1438 2419 cujus
1473 2337 1758 2401 oratione
1795 2358 1868 2401 ac

361 2437 623 2501 meritis
652 2438 822 2500 Deus
860 2436 1169 2518 populum
1213 2436 1394 2498 illum
1439 2455 1476 2498 a
1506 2436 1680 2519 Syris
1724 2456 1868 2519 pro-

357 2536 564 2611 texit3
609 2534 716 2597 vel
763 2534 902 2616 ipse
943 2553 1052 2597 rex
1089 2535 1374 2611 Joaohaz,
1419 2534 1523 2597 cui
1563 2535 1867 2598 Dominus

359 2634 711 2717 inspiravit
750 2633 843 2695 sic
882 2633 1198 2715 adtDeum
1233 2652 1454 2697 verum
1495 2632 1861 2715 confugere,

359 2744 428 2798 et
459 2752 580 2817 per
609 2732 734 2796 hoc
779 2730 1284 2795 miscricordiam
1326 2732 1668 2815 impetrare
1709 2752 1868 2815 prae-

359 2832 588 2896 fatam.

449 2933 1061 3010 Habitaveruntque
1080 2930 1215 3007 filii
1242 2933 1449 2992 Israel
1477 2932 1550 2990 in
1583 2932 1868 2991 taberna-

1979 1946 2058 2005 ab
2116 1947 2416 2005 omnibus
2456 1948 2735 2023 peccatis
2779 1949 3111 2008 Jeroboam
3154 1948 3290 2023 filii
3338 1948 3474 2009 Na-

1981 2044 2108 2113 bat,
2153 2044 2271 2121 qui
2302 2063 2565 2121 peccare
2606 2044 2761 2121 feeit
2800 2047 3029 2117 Israel,
3060 2049 3172 2106 sed
3208 2047 3282 2105 in
3314 2046 3474 2121 ipsis

1981 2143 2365 2203 ambulavit.
2381 2143 2666 2219 Reliqua
2687 2153 2903 2203 autem
2921 2162 3289 2203 sermonum
3306 2146 3474 2215 Joas,

1982 2249 2040 2299 et
2086 2242 2395 2299 universa
2440 2261 2583 2319 quae
2632 2242 2808 2321 fecit,
2837 2250 2896 2301 et
2944 2242 3261 2320 fortitudo
3308 2242 3469 2317 ejus,

1983 2342 2294 2417 quomodo
2317 2340 2719 2415 puynaverit
2760 2348 2982 2400 contra
3012 2340 3351 2401 Amas-iam
3380 2360 3473 2398 re-

1975 2456 2120 2513 qem
2148 2438 2348 2507 Juda,
2368 2455 2582 2495 nonne
2601 2438 2733 2497 hoec
2748 2439 2991 2514 scripta
3020 2446 3173 2497 sunt
3203 2438 3278 2496 in
3310 2438 3469 2497 libro

1978 2538 2369 2597 Sermonum
2399 2535 2657 2595 dierum
2688 2554 2913 2612 reyum
2942 2536 3193 2595 Israel?
3214 2538 3298 2597 Et
3325 2538 3472 2595 dor-

1981 2634 2173 2694 mivit
2207 2636 2357 2693 Joas
2394 2654 2541 2694 cum
2588 2634 2888 2713 patribus
2934 2634 3092 2694 sui-3.
3139 2635 3470 2693 Jeroboam

1977 2740 2199 2791 autem
2226 2733 2391 2793 sedit
2413 2751 2605 2809 super
2633 2732 2871 2792 solium
2898 2732 3060 2809 ejus.
3085 2733 3292 2792 Porro
3321 2733 3471 2793 Joas

1976 2833 2264 2908 sepultus
2306 2840 2396 2891 est
2434 2832 2509 2890 in
2537 2832 2849 2892 Samaria
2890 2850 3039 2891 cum
3082 2832 3335 2908 reyibus
3378 2832 3475 2891 Is-

1979 2932 2139 2989 rael.

356 3033 532 3091 culis
565 3031 734 3099 suiS,
766 3030 935 3089 sieut
963 3028 1108 3089 heri
1133 3038 1194 3089 et
1227 3030 1726 3090 nudiustertius.
1759 3032 1867 3090 Ve-
1903 3036 1946 3100 C
2047 3030 2301 3089 Eliseus
2321 3038 2539 3089 autem
2558 3030 2906 3106 oeyrotabat
2926 3028 3329 3107 infirmitate,
3344 3048 3473 3109 qua

357 3138 742 3191 rumtamen
779 3148 910 3189 non
949 3137 1338 3188 recesserunt
1377 3148 1419 3187 a
1447 3130 1727 3204 peccatis
1767 3131 1870 3188 do-

361 3250 514 3291 mus
530 3229 895 3297 Jeroboam,
919 3228 1036 3306 qui
1057 3246 1323 3303 peccare
1339 3227 1468 3304 feei
1473 3236 1495 3287 t
1513 3230 1735 3297 Israel,
1758 3230 1869 3287 sed

361 3331 438 3388 in.
473 3328 638 3405 ipsis
668 3328 1192 3386 ambulaverunt.
1225 3327 1568 3405 Siquidem
1593 3335 1654 3386 et
1688 3329 1868 3385 lucus

353 3426 735 3505 permansit
754 3426 828 3484 in
849 3425 1184 3495 Samaria,
1209 3422 1273 3484 id
1297 3430 1394 3485 est
1424 3423 1602 3486 locus
1632 3422 1868 3487 arbori-

363 3526 496 3587 bus
526 3522 843 3599 consituS‚
881 3521 947 3583 in
986 3539 1116 3603 quo
1155 3530 1626 3585 consueverunt
1660 3522 1868 3586 colere

363 3621 540 3699 Baal,
577 3630 642 3685 et
671 3638 966 3683 exercere
999 3618 1312 3681 luxuriam
1339 3626 1440 3681 :et
1472 3618 1557 3681 ita
1588 3619 1706 3682 hoc
1736 3628 1870 3683 erat

365 3722 448 3783 de
502 3719 891 3802 quibusdam
941 3716 1144 3799 ipsius
1193 3716 1336 3780 Baal
1387 3716 1699 3799 reliquiiS.
1746 3717 1870 3781 Lex

1977 3138 2037 3189 et
2067 3138 2359 3189 mortuus
2388 3138 2519 3190 est:
2544 3136 2679 3191 erat
2707 3128 2948 3211 quippe
2976 3129 3164 3192 val‘de
3192 3130 3475 3210 grandae-

1979 3246 2068 3290 vae
2087 3226 2289 3289 aetatis
2309 3246 2381 3290 ac
2401 3225 2980 3290 venerandissimus
3000 3246 3207 3291 senex.
3221 3230 3476 3288 Descen-

1983 3328 2208 3405 ditque
2236 3329 2325 3386 ad
2352 3346 2499 3385 eum
2528 3324 2919 3388 visitandum
2935 3330 3082 3388 Joas
3107 3349 3225 3388 rea:
3242 3330 3469 3401 Israel,

1983 3435 2044 3486 et
2091 3427 2284 3501 flebat
2328 3444 2543 3485 coram
2586 3444 2681 3493 eo,
2720 3424 2941 3487 dolens
2980 3444 3047 3489 se
3086 3444 3160 3488 ac
3209 3442 3471 3505 regnum

1983 3542 2171 3587 suum
2204 3531 2377 3585 tanto
2410 3530 2677 3604 patrono
2698 3522 3104 3605 privandum,
3128 3532 3304 3586 tanto
3332 3542 3475 3587 con-

1984 3622 2227 3685 siliario
2248 3628 2311 3684 et
2330 3621 2662 3684 auxiliario
2681 3622 3175 3699 destituendum,
3191 3629 3318 3684 tam
3340 3641 3475 3684 san-

1984 3719 2268 3784 ctissimo
2299 3739 2372 3783 ac
2404 3718 2785 3783 fidelissimo
2824 3739 2970 3784 mox
3008 3720 3353 3783 cariturum
3383 3728 3476 3781 tu-

161 3836 296 3879 em.
366 3828 590 3883 autem
622 3816 928 3899 praecepit
957 3815 1202 3878 destrui
1232 3815 1431 3879 lucos,
1456 3819 1541 3877 Et
1563 3836 1693 3877 non
1720 3827 1871 3878 sunt
1983 3830 2142 3896 tore,
2160 3819 2472 3900 Propheta
2501 3837 2574 3881 ac
2606 3826 2804 3900 patre.
2828 3821 3214 3899 Dicebatque
3234 3822 3479 3881 :Pater

99 3904 332 4013 ffissn¹¹³5³
363 3919 672 3979 derelicti
697 3918 980 3977 Joaclzaz
1010 3917 1090 3975 de
1109 3918 1375 3992 populo,
1399 3916 1533 3975 nisi
1561 3916 1875 3995 quinqua-
1985 3921 2104 3988 mi,
2126 3928 2317 3996 pater
2338 3920 2453 3988 mi,
2473 3937 2705 3977 currus
2727 3919 2932 3978 Israel
2961 3926 3020 3977 et
3040 3917 3281 3993 auriya
3310 3916 3471 3993 ejus.

103 4030 216 4069 ¹=1-³-
323 3996 566 4096 ’yinta
613 4018 883 4094 equites,
909 4024 970 4075 et
1002 4018 1212 4075 decem
1265 4034 1524 4085 currus,
1559 4024 1619 4075 et
1663 4016 1874 4074 decem
1987 4017 2316 4097 Tanquam
2364 4014 2623 4090 diceret,
2659 4012 2707 4077 Ο
2750 4021 2929 4095 pater
2972 4013 3060 4075 mi
3091 4013 3473 4095 proedilecte.

365 4118 598 4179 millia
623 4116 923 4192 peditum
954 4133 976 4173 .·
1007 4114 1610 4190 interfeceratenim
1639 4133 1739 4173 eos
1759 4133 1875 4173 rem
1989 4114 2239 4176 Etenim
2282 4112 2449 4194 quod
2490 4110 2589 4173 bis
2627 4110 2737 4188 ait,
2771 4113 2993 4182 Pater,
3028 4118 3091 4173 et
3129 4110 3325 4188 addit,
3358 4112 3473 4182 mi,

367 4219 622 4294 Syriae,
643 4223 704 4274 et
736 4216 1068 4289 redeqerat
1095 4214 1288 4291 quasi
1299 4216 1636 4290 pulverem
1656 4212 1730 4271 in
1762 4214 1876 4273 tri·
1906 4222 1955 4283 D
1989 4212 2243 4293 signum
2276 4209 2402 4272 fuit
2439 4208 2779 4292 praeeipuae
2808 4228 2881 4271 ac
2914 4207 3209 4291 specialis
3241 4207 3479 4271 dilecti-

365 4324 528 4376 tura
573 4333 766 4383 areae,
817 4310 881 4372 id
918 4316 1036 4387 est,
1081 4310 1602 4391 supplantaverat
1650 4329 1724 4372 ac
1771 4310 1876 4372 de-
1987 4311 2127 4374 onis
2160 4328 2290 4371 suae
2319 4309 2399 4371 ad
2430 4315 2719 4371 sanctum
2753 4307 2986 4369 virum.
3026 4307 3264 4388 ltaque,
3294 4306 3475 4369 Pater

363 4417 694 4476 struxerat
713 4410 934 4472 decem
961 4408 1160 4470 tribus
1182 4416 1253 4470 ut
1273 4408 1613 4490 pulverem,
1631 4417 1690 4471 et
1711 4408 1877 4471 sicut
1988 4409 2099 4485 mi,
2126 4425 2324 4490 quum
2357 4406 2443 4469 sis
2465 4406 2684 4485 auriga
2712 4414 2775 4468 et
2805 4424 3028 4468 currus
3060 4405 3270 4482 lsrael,
3296 4404 3361 4467 id
3380 4414 3477 4467 cst

369 4512 593 4595 pulvis
626 4508 984 4573 conteritur
1016 4508 1081 4570 in
1117 4508 1493 4571 excussione
1533 4526 1873 4588 granorum
1990 4508 2266 4571 director
2314 4512 2376 4569 et
2420 4513 2803 4568 sustentator
2843 4502 3201 4567 Israeliticae
3242 4502 3471 4584 plebis,

368 4613 438 4675 in
492 4611 766 4683 horre03
802 4609 911 4671 sed
961 4609 1150 4671 modo
1200 4615 1499 4689 praetacto
1547 4615 1875 4689 reparatus
1989 4604 2145 4687 quid
2172 4602 2475 4666 defuncto
2509 4611 2568 4665 te
2601 4601 2951 4665 faciemus?
2982 4601 3139 4663 Hinc
3167 4600 3477 4683 Iosephus

368 4719 470 4775 est
507 4707 792 4791 populus
822 4706 934 4769 ille
963 4704 1081 4768 sub
1107 4705 1372 4769 Joachaz
1401 4722 1567 4785 rege.
1599 4706 1758 4768 Hinc
1784 4706 1878 4769 Jo-
1991 4702 2225 4767 refert:
2250 4701 2455 4783 Coepit
2481 4702 2622 4764 Joas
2654 4699 2816 4763 flere
2842 4719 2917 4763 ac
2948 4698 3385 4780 ingemiscere,
3406 4718 3479 4762 ac

371 4807 620 4891 sephus
651 4804 920 4869 scribit:
945 4802 1150 4879 Quum
1177 4804 1442 4869 Joachaz
1471 4804 1571 4866 bis
1602 4804 1881 4867 anxieta-
1992 4811 2234 4886 patrem
2258 4820 2402 4863 eum
2425 4818 2667 4877 vocare,
2684 4808 2746 4862 et
2765 4798 2977 4861 dicere
3012 4816 3272 4879 regnum
3294 4816 3478 4860 suum

375 4908 556 4971 tibus
607 4910 958 4980 teneretur,
1009 4904 1087 4965 ad
1140 4921 1359 4984 preces
1407 4903 1518 4965 Dei
1566 4902 1877 4985 confugit.
1993 4900 2112 4964 sub
2146 4900 2287 4982 ipso
2318 4898 2519 4962 fuisse
2548 4916 2865 4973 securum,
2891 4904 2953 4960 et
2983 4904 3243 4980 propter
3276 4896 3487 4977 ipsum

379 5007 548 5069 Deus
590 5012 806 5067 autem
855 5000 1300 5083 poenitentiam
1330 5020 1446 5083 pro
1484 5001 1719 5065 virtute
1759 5021 1886 5063 sus·
1996 5020 2064 5063 se
2098 5017 2427 5081 nunquam
2459 4997 2653 5060 armis
2678 5004 2899 5059 contra
2928 4995 3145 5058 hostes
3181 4992 3493 5074 indiguis-

381 5104 662 5186 cipienS‚
699 5110 764 5165 et
793 5100 1112 5181 corripere
1151 5099 1352 5180 magis
1396 5119 1589 5182 quam
1621 5100 1884 5181 perdere
1997 5119 2086 5176 se,
2123 5100 2233 5162 sed
2269 5098 2414 5161 illos
2448 5114 2751 5179 prospere
2784 5094 2923 5157 sinc
2965 5092 3375 5156 dimicatione
3402 5092 3494 5156 vi-

387 5199 768 5283 bujusmodi
818 5198 1150 5263 hominem
1201 5197 1446 5276 volem,
1480 5197 1790 5261 concessit
1829 5197 1888 5260 ei
1999 5197 2203 5271 cisse;
2238 5205 2301 5259 et
2328 5196 2495 5277 quod
2544 5194 2679 5275 ipse
2719 5192 2963 5254 Eliseus
3007 5191 3369 5254 decedendo
3402 5210 3493 5253 re-

387 5299 552 5364 belli
590 5297 886 5382 pericula
921 5296 1243 5361 declinare
1280 5312 1294 5359 :
1329 5315 1482 5378 pace
1530 5298 1744 5378 itaque
1785 5316 1892 5379 po·
2003 5296 2325 5377 linqueret
2356 5293 2531 5357 filios
2572 5291 2761 5355 lsrael
2792 5290 2963 5373 Syris
2988 5309 3075 5375 ‘ac
3114 5289 3256 5352 aliis
3303 5290 3495 5353 hosti-
