4309 6259
547 1373 726 1479 llauh.
738 1388 808 1425 xx,

571 1440 614 1481 9.

555 1573 716 1615 Ιοωυι.
731 1586 812 1623 ιη,

547 1638 634 1683 1-3.
655 1638 720 1685 13,
745 1639 810 1685 u,

547 1700 814 1747 tunna·-

547 1764 614 1809 Η.
645 1764 712 1809 15,
745 1762 812 1811 lo,

547 1828 694 1875 2⁶32
725 1838 810 1873 m,

545 1893 690 1935 20-24.

589 2168 712 2211 lud.
727 2184 810 2221 xiv,

549 2235 564 2273 Ι
575 2234 616 2275 Ξ.

583 2364 704 2409 lbid.
723 2380 809 2419 xn,

547 2430 614 2471 ¹2.

588 2561 708 2606 1⁶56.
724 2578 810 2615 xxv.

545 2627 612 2666 2⁶.

565 4634 642 4677 Pe.
665 4650 750 4685 αιι,
761 4638 804 4679 4.

549 4931 807 4987 Philippus,

542 4997 609 5038 2⁰.

841 485 920 547 12

1445 501 1794 547 mammo
1835 500 1898 545 tx
1937 500 2076 545 cn.
2121 500 2167 545 11
2208 500 2367 545 unm
2406 499 2631 555 Qtauu
2670 500 2897 547 amm.
2934 520 3019 531 —
3056 502 3201 546 m.
3244 502 3315 547 111

839 672 1034 749 tibus,
1067 682 1130 735 et
1175 672 1498 749 illudetur,
1529 682 1652 735 etc.
1679 697 1696 745 ς
1731 672 1854 754 ipsi
1893 669 2053 732 nihil
2098 670 2327 733 horum
2357 667 2409 731 A
2438 671 2783 733 Christiani
2808 671 3095 734 videntes
3122 673 3309 753 signa
3324 673 3791 754 Apostolorum,
3820 691 3923 736 no-

841 772 1312 835 intellexerunt.
1347 772 1630 854 Insuper,
1649 772 1814 833 sicut
1845 770 2013 833 Elias
2040 770 2331 833 consola-

841 870 1030 933 batur
1073 888 1222 931 suos
1267 870 1616 953 discipulos
1663 871 1744 931 de
1791 887 1908 932 suo
1959 888 2233 943 recessu,
2263 876 2327 930 et

839 970 1204 1052 specialiter
1231 970 1534 1043 Eliseum,
1567 969 1908 1032 exhortans
1935 987 2080 1031 eum
2111 969 2191 1029 ad
2220 969 2329 1030 de-

837 1070 1230 1151 precandum
1259 1070 1428 1150 quod
1451 1069 1668 1144 vellet,
1691 1076 1753 1130 et
1771 1068 2210 1141 exaudit-etun
2232 1067 2327 1129 sic

837 1168 1036 1229 Filius
1067 1166 1174 1230 Dei
1205 1186 1382 1229 suam
1417 1168 1776 1249 passionem
1805 1166 2139 1248 discipulis
2172 1183 2331 1247 pra>-

839 1266 1218 1341 nuntiando,
1251 1266 1466 1328 statim
1493 1284 1612 1349 pro
1639 1284 1862 1328 eorum
1890 1264 2329 1328 consolatione

839 1384 908 1427 se
957 1365 1140 1427 tertia
1187 1364 1294 1427 die
1341 1373 1844 1427 resurrecturum
1895 1364 2209 1446 praedixit.
2251 1364 2331 1426 'Et

841 1462 1300 1545 specialissime
1331 1462 1396 1524 in
1427 1463 1619 1526 Coena
1651 1463 1764 1525 illa
1790 1462 2143 1525 novissima
2168 1462 2330 1524 mul-

840 1562 1148 1643 tipliciter
1201 1562 1650 1623 consolabatur
1695 1562 2050 1643 Apostolos,
2113 1561 2329 1623 admo-

839 1680 1002 1722 nens
1031 1680 1138 1723 eos
1167 1661 1248 1722 ad
1277 1662 1664 1723 exorandum
1687 1680 1832 1723 eum
1853 1660 2028 1724 omni
2061 1660 2323 1736 fiducia,

839 1768 902 1821 et
933 1760 1104 1841 quod
1141 1759 1594 1823 exaudirentur
1633 1760 2010 1842 promittens
2043 1777 2060 1820 τ
2089 1758 2327 1841 quibus

2442 778 2669 832 rerunt
2712 771 3010 853 spiritum
3038 770 3273 833 Christi
3301 772 3553 835 venisse
3599 772 3666 833 in
3696 790 3827 848 eoS,
3860 781 3923 835 et

2440 869 2923 932 honoraverunt
2953 889 3063 933 eos
3092 878 3161 931 ut
3188 872 3421 933 Christi
3450 871 3745 933 vicarios.

2520 968 2827 1049 Denique.
2862 988 2977 1051 per
3018 969 3297 1032 Eliseum
3342 969 3451 1050 qui
3490 970 3661 1031 misit
3712 970 3803 1032 sal
3852 971 3918 1033 in

2436 1086 2659 1148 aquas,
2693 1076 2763 1129 ut
2807 1076 3242 1129 sanarentura
3270 1087 3387 1129 sua
3411 1068 3826 1149 corruptione
3856 1078 3919 1132 et

2438 1164 3035 1241 infructifieatione,
3080 1166 3463 1247 intelligitur
3502 1167 3665 1229 Deus
3717 1167 3917 1244 Pater,

2436 1263 2549 1344 qui
2582 1263 2969 1346 Sapientiam
2998 1264 3369 1341 increatam,
3396 1265 3921 1347 unigenitumque

2438 1362 2671 1423 Filium
2702 1380 2889 1424 suum
2918 1362 3093 1424 misit
3126 1363 3193 1424 in
3216 1383 3327 1425 vas
3358 1382 3617 1439 novum,
3642 1364 3707 1426 id
3736 1372 3833 1425 est
3852 1364 3919 1425 in

2436 1460 2875 1523 mundissimae
2901 1461 3185 1542 Virginis
3232 1470 3507 1539 uterum,
3537 1461 3638 1525 vel
3678 1461 3747 1523 in
3786 1480 3921 1525 cor-

2440 1578 2559 1640 pus
2604 1559 3019 1641 purissimum
3056 1562 3229 1642 quod
3276 1562 3661 1642 assumpsi't3
3704 1560 3921 1642 sieque

2437 1658 2682 1720 sanavit
2710 1677 2911 1739 aquas
2929 1658 3201 1735 sea-richo,
3232 1659 3295 1721 id
3324 1668 3419 1721 est
3442 1658 3923 1735 fluxum‚insta-

2437 1757 2773 1832 bilitatem,
2822 1756 3135 1828 fomitem,
3178 1758 3545 1820 saecularem
3590 1757 3919 1820 scientiam

839 1866 904 1921 et
924 1857 1230 1939 Spiritum
1251 1878 1436 1920 suum
1459 1859 1774 1941 promisit,
1799 1868 1860 1921 et
1889 1859 2154 1937 gratiam
2186 1876 2327 1939 pro-
2364 1860 2411 1922 B
2437 1867 2498 1920 et
2548 1856 3057 1937 inquietudinem
3098 1857 3341 1933 mundi,
3390 1857 3771 1938 generisque
3813 1858 3923 1919 hu-

842 1956 1112 2037 pheticae
1161 1956 1568 2019 revelationis
1623 1976 1698 2019 ac
1745 1956 2048 2019 virtutem
2095 1956 2325 2036 agendi

841 2054 1150 2117 miracula
1193 2056 1486 2133 contulit,
1531 2056 1598 2119 in
1649 2064 1894 2119 tantum
1935 2065 2002 2117 ut
2040 2056 2271 2118 dixerit
2304 2074 2323 2117 :

839 2152 954 2227 Qui
988 2154 1188 2216 credit
1219 2153 1286 2216 in
1317 2173 1442 2231 me,
1475 2173 1669 2237 opera
1708 2175 1854 2237 quae
1891 2174 2010 2236 ego
2041 2154 2229 2230 facio,
2262 2164 2326 2217 et

841 2252 980 2334 ipse
1021 2250 1232 2329 faciet,
1266 2262 1328 2315 et
1369 2253 1614 2333 maj0ra
1655 2254 1882 2315 horum
1929 2252 2140 2329 faciet,
2172 2253 2329 2334 quia

839 2369 956 2431 ego
995 2352 1070 2413 ad
1100 2352 1345 2414 Patrem
1389 2354 1574 2415 vado.
1617 2352 1898 2433 Itemque
1931 2370 1946 2413 :
1978 2350 2183 2425 Quum
2226 2371 2327 2414 ve-

839 2449 1006 2512 nerit
1039 2450 1310 2530 (inquit)
1345 2449 1456 2511 ille
1485 2449 1760 2531 Spiritus
1801 2448 2110 2525 veritatis,
2141 2449 2331 2511 doce-

837 2547 935 2610 bit
967 2566 1082 2611 vos
1119 2566 1372 2611 omnem
1402 2548 1756 2610 veritatem.
1791 2548 1866 2609 Et
1893 2548 2104 2610 denuo
2137 2565 2154 2609 :
2188 2547 2329 2629 Spi-

841 2646 1002 2707 ritus
1033 2646 1300 2708 Sanctus
1321 2666 1514 2728 quem
1543 2646 1753 2709 mittet
1770 2647 1949 2709 Pater
1979 2647 2044 2709 in
2067 2648 2327 2709 nomine

841 2764 1008 2821 meo,
1043 2744 1154 2807 ille
1200 2763 1316 2808 vos
1351 2744 1608 2807 docebit
1650 2746 1888 2822 omnia,
1922 2754 1986 2808 et
2032 2754 2325 2826 suggeret

839 2844 1024 2907 vobis
1055 2844 1273 2907 omnia
1300 2862 1720 2925 quaecumque
1749 2844 1968 2907 dixero
1987 2844 2190 2907 vobis.

917 2944 995 3005 At
1025 2962 1196 3021 vero,
1221 2964 1336 3027 per
1363 2944 1482 3007 hoc
1513 2944 1682 3025 quod
1717 2943 1884 3005 Elias
1911 2943 2072 3006 dixit
2102 2946 2181 3005 ad
2200 2944 2326 3005 Eli-

2436 1955 2633 2031 mani,
2684 1954 3084 2019 infundendo
3128 1956 3497 2019 hominibus
3544 1958 3919 2040 sapientiam

2437 2054 2801 2130 salutarem,
2820 2073 2951 2135 qua
2966 2054 3324 2117 reformata
3354 2064 3503 2117 sunt
3522 2066 3765 2121 mentes
3796 2077 3921 2122 cre-

2435 2152 2725 2214 dentium
2755 2162 2816 2215 et
2848 2151 3189 2216 fructuosae
3228 2150 3505 2231 esiectae,
3536 2164 3600 2217 et
3628 2155 3914 2235 virtuteS,

2434 2249 2671 2332 quibus
2700 2250 2769 2312 in
2797 2251 2925 2314 Deo
2954 2260 3100 2313 sunt
3130 2251 3451 2315 stabilitae.

2514 2349 2860 2426 Postremo,
2897 2369 3012 2432 per
3058 2368 3291 2433 pueros
3340 2350 3604 2415 vitiosos
3638 2352 3919 2416 Eliseum

2438 2448 2799 2525 irridentes,
2822 2448 3105 2530 expressi
3136 2458 3283 2510 sunt
3301 2449 3520 2526 Judaei,
3541 2451 3653 2532 qui
3672 2451 3919 2515 Christo

2436 2547 2505 2609 in
2548 2547 2847 2629 passione
2888 2548 3229 2609 illuserunt
3275 2566 3292 2609 ε
3331 2558 3590 2631 propter
3623 2552 3793 2632 quod
3836 2551 3917 2615 ab

2434 2647 2601 2709 ursis
2630 2646 2903 2724 duobuS,
2926 2647 3223 2710 videlicet
3254 2647 3395 2711 Tito
3424 2656 3488 2710 et
3505 2648 3914 2731 Vespasiano,

2434 2754 2585 2808 sunt
2632 2745 2947 2808 dilaniati.
2995 2745 3173 2823 Item,
3222 2746 3527 2827 quoniam
3564 2746 3780 2811 Bethel
3825 2748 3921 2811 in-

2436 2853 2819 2927 terpretatur
2864 2846 3093 2907 domus
3149 2846 3283 2919 Dei,
3332 2864 3448 2927 per
3492 2845 3772 2909 Eliseum
3824 2867 3922 2910 as·

2434 2944 2809 3007 condentem
2844 2944 2909 3005 in
2939 2944 3179 3021 Betbel,
3202 2944 3582 3025 intelligitur
3608 2964 3922 3027 quaeeum-

839 3062 1042 3119 seum,
1081 3046 1160 3104 Si
1199 3046 1444 3104 videris
1479 3064 1582 3103 me
1617 3048 1878 3122 quando
1920 3048 2114 3104 tollar
2147 3064 2191 3103 a
2242 3054 2320 3117 te,
2356 3049 2401 3112 C
2432 3062 2559 3124 que
2588 3042 2815 3105 devota
2844 3060 3114 3124 persona
3154 3042 3399 3104 intrans
3437 3044 3783 3107 Ecclesiam
3810 3054 3921 3107 aut

835 3143 962 3203 erit
999 3145 1170 3221 quod
1197 3144 1424 3219 petisti
1439 3166 1468 3213 ,·
1507 3144 1570 3202 si
1612 3153 1828 3204 autem
1875 3163 2004 3202 non.
2057 3146 2322 3216 videris,

840 3259 972 3300 non
1019 3242 1170 3310 erit,
1205 3240 1652 3322 praesignatum
1703 3240 1974 3317 videtur,
2025 3242 2197 3321 quod
2244 3242 2323 3303 ad

839 3339 1272 3421 recipiendum
1297 3340 1608 3421 promissa
1625 3340 1870 3413 Christi,
1887 3340 2169 3422 oportuit
2188 3360 2327 3403 oeu-

839 3438 902 3500 lo
951 3436 1106 3500 fidei
1155 3436 1386 3501 Christi
1432 3439 1870 3501 ascensionem
1914 3457 2317 3517 cognoscere.

835 3536 1376 3611 Quemadmodum
1406 3536 1596 3601 etiam
1621 3538 1788 3599 Elias
1807 3539 2177 3614 ascendenS,
2199 3539 2327 3619 pal-

839 3636 998 3699 lium
1045 3655 1230 3698 suum
1281 3636 1492 3698 Eliseo
1535 3636 1844 3717 projecit3
1896 3637 1988 3699 sic
2035 3636 2325 3698 Christus

837 3736 1150 3799 scandens
1173 3735 1237 3796 in
1260 3734 1388 3797 alta
1407 3735 1736 3811 coelorum,
1760 3736 2174 3797 humanitatis
2195 3756 2325 3798 suae

836 3835 1156 3915 mysteria,
1176 3834 1759 3915 incarnationisque
1781 3833 1972 3896 fidem
1999 3844 2060 3896 et
2092 3854 2325 3916 corpus

835 3951 908 3995 ac
937 3933 1310 4013 sanguinem
1332 3933 1452 3995 sub
1475 3932 1862 3995 Sacramenti
1885 3933 2203 3997 velamine
2223 3935 2327 3997 de-

837 4031 1118 4113 reliquit.
1153 4031 1227 4092 Et
1259 4032 1421 4095 sicut
1441 4032 1690 4093 Eliseus
1719 4032 1915 4113 pallio
1947 4033 2100 4095 Eliae
2127 4053 2325 4114 aquas

836 4131 1096 4207 divisit3
1132 4131 1223 4194 sic
1273 4132 1570 4213 discipuli
1611 4131 1842 4194 Christi
1893 4152 2008 4214 per
2061 4131 2327 4213 praefata

2434 3140 2799 3203 coenobium
2862 3141 3249 3221 ingredienS,
3310 3150 3373 3205 et
3432 3143 3511 3205 de
3561 3144 3795 3207 virtute
3852 3144 3917 3205 in
3962 3170 4209 3219 auum,

2434 3240 2736 3303 virtutem
2792 3242 3141 3303 ascendens
3192 3258 3209 3302 :
3258 3260 3403 3323 quae
3440 3262 3477 3304 a
3514 3242 3920 3306 saecularibus
3948 3234 3991 3275 ⁸·

2436 3339 2803 3401 hominibus
2835 3340 3157 3416 irridetur,
3182 3339 3361 3422 juxta
3388 3340 3548 3403 illud
3578 3342 3745 3404 beati
3762 3342 3917 3405 Joh:

2433 3439 2767 3501 Deridetur
2814 3438 2967 3521 justi
3018 3439 3439 3521 simplieitas3
3487 3440 3727 3523 lampas
3774 3460 3921 3504 con·
3946 3465 4203 3515 Jobxn,⁴‚5.

2438 3546 2675 3619 tempta
2702 3538 2871 3619 apud
2902 3538 3317 3617 cogitationes
3349 3538 3645 3601 divitum.
3673 3540 3817 3602 Ideo
3839 3540 3920 3602 ab

2435 3636 2625 3712 ursiS,
2660 3637 2723 3698 id
2764 3646 2856 3699 est
2904 3637 3203 3718 malignis
3242 3637 3573 3719 spiritibus
3617 3639 3921 3701 devoran—

2438 3743 2561 3810 tur,
2594 3736 2705 3817 qui
2750 3744 2919 3797 recte
2950 3755 3064 3817 per
3108 3755 3290 3800 ursos
3334 3745 3481 3799 sunt
3521 3735 3803 3817 figurati,
3837 3736 3920 3800 ob

2436 3832 2643 3895 varias
2664 3834 2796 3894 ursi
2820 3834 3260 3915 proprietates
3284 3834 3556 3908 Quarum
3581 3836 3787 3917 prima
3804 3844 3915 3911 est,

2434 3931 2606 4013 quod
2636 3951 2823 3993 ursus
2855 3940 3023 3994 tenet
3058 3932 3403 3995 fortissime
3435 3934 3498 3995 id
3529 3934 3698 4014 quod
3730 3934 3916 4015 capit.

2437 4030 2537 4093 Sic
2568 4032 2889 4094 daemones
2920 4050 3029 4093 eos
3066 4050 3229 4112 quos
3270 4030 3499 4093 fallunt
3540 4041 3599 4094 et
3634 4030 3917 4108 vincunt,

2438 4130 2586 4192 totis
2616 4140 2927 4193 conantur
2957 4129 3200 4191 viribus
3224 4130 3516 4207 retinere,
3544 4131 3671 4194 imo
3699 4139 3761 4192 et
3792 4150 3925 4211 gra-

835 4229 1134 4311 mysteria
1157 4230 1446 4293 fecerunt
1465 4231 1794 4305 miracula,
1823 4229 2188 4312 fluctusque
2219 4250 2328 4292 sae-
2358 4239 2409 4300 D
2438 4229 2725 4291 vioribus
2774 4230 2947 4291 vitiis
2998 4230 3347 4311 implicare.
3396 4229 3703 4305 Secunda,
3753 4231 3923 4311 quod

835 4330 968 4390 culi
1026 4329 1417 4391 transierunt.
1467 4329 1672 4391 illaesi.
1724 4327 1884 4401 Quid
1943 4338 2154 4391 autem
2215 4348 2328 4410 per

839 4428 1098 4509 igneum
1129 4446 1411 4500 currum,
1446 4445 1773 4507 equosque
1805 4428 2046 4506 igneos,
2072 4428 2197 4489 nisi
2220 4447 2329 4489 an-

838 4526 1060 4607 gelicae
1081 4534 1424 4607 potestates
1445 4526 1802 4606 signantur,
1821 4526 1900 4587 de
1927 4526 2163 4606 quibus
2186 4545 2333 4588 can-

837 4631 1025 4699 tatur,
1074 4623 1188 4697 Qui
1243 4622 1400 4685 facis
1445 4623 1704 4701 angelos
1749 4632 1888 4687 tuos
1938 4625 2225 4705 spirituS,
2268 4633 2331 4687 et

833 4722 1162 4783 ministros
1213 4730 1354 4783 tuos
1403 4722 1614 4801 ignem
1667 4726 2002 4785 urentem?
2051 4722 2329 4796 Quorum

835 4820 1140 4883 subsidiis
1185 4819 1516 4883 elevantur
1558 4822 1742 4884 electi
1776 4822 1853 4883 ad
1899 4822 2333 4903 contemplan-

836 4920 986 4981 dum
1039 4918 1279 4993 divina,
1314 4918 1402 4979 ita
1439 4926 1509 4980 ut
1547 4920 1944 4982 conversatio
1992 4938 2211 4982 eorum
2252 4921 2335 4983 sit

840 5019 1028 5081 modo
1061 5018 1126 5080 in
1159 5017 1362 5081 eoelis.
1395 5017 1677 5099 Insuper,
1714 5018 1877 5080 sicut
1911 5018 2035 5080 filii
2066 5020 2335 5101 prophe-

847 5125 1050 5178 tarum
1084 5116 1224 5178 viso
1261 5116 1456 5179 Elisei
1503 5116 1834 5192 miraculo,
1869 5117 2188 5195 dixerunt,
2220 5122 2337 5181 Re-

851 5214 1102 5294 quievit
1139 5216 1414 5293 spiritus
1459 5217 1632 5276 Elia»
1677 5234 1868 5293 super
1914 5218 2227 5288 Eliseum,
2274 5227 2333 5280 el

851 5323 1265 5377 occurrerunt
1321 5314 1404 5392 ei,
1453 5314 1788 5377 adorantes
1845 5315 2181 5390 eumdem3
2244 5315 2337 5379 sic

2440 4347 2624 4388 ursus
2669 4327 2901 4390 debilis
2944 4327 3149 4390 fertur
3184 4348 3323 4391 esse
3366 4329 3429 4390 in
3471 4329 3700 4410 capite,
3736 4337 3798 4391 et
3828 4348 3925 4391 ro-

2442 4426 2668 4487 bustus
2702 4426 2767 4487 in
2799 4428 3083 4490 renibus,
3115 4428 3204 4489 Ita
3240 4427 3531 4489 diabolus
3572 4428 3637 4488 in
3668 4428 3923 4490 exordio

2440 4526 2867 4604 suggestionis
2908 4526 3228 4607 pestifera?
3258 4545 3384 4589 non
3425 4535 3517 4588 est
3566 4525 3773 4602 sortiS,
3814 4527 3923 4589 sed

2441 4624 2563 4685 nisi
2598 4634 2747 4687 tunc
2777 4625 3069 4707 protinus
3116 4624 3477 4707 repellatur,
3515 4627 3923 4687 tentationem

2440 4722 2895 4801 continuandO,
2946 4733 3010 4786 et
3046 4724 3629 4805 concupiscentiam
3678 4722 3927 4786 inflam-

2443 4824 2696 4900 mand0,
2748 4823 3023 4904 amplius
3072 4822 3426 4885 invalescit.
3476 4820 3706 4899 Tertia,
3755 4824 3925 4903 quod

2443 4931 2690 5004 captuS,
2722 4923 2973 4985 eosdem
3007 4922 3377 5003 frequenter
3406 4922 3661 4984 reiterat
3680 4940 3925 5003 passuS.

2444 5022 2547 5083 Sic
2576 5022 2824 5083 daemon
2865 5020 2947 5082 ab
2978 5020 3195 5100 aliquo
3228 5020 3459 5097 victuS,
3492 5019 3932 5101 multipliciter

2446 5120 2673 5182 nititur
2702 5118 2978 5200 qualiter
3006 5120 3235 5181 iterum
3269 5118 3482 5182 vincat
3514 5118 3695 5180 illum
3722 5136 3737 5179 ε
3761 5118 3931 5200 quod

2446 5227 2689 5279 certum
2722 5225 2817 5279 est
2846 5217 2925 5278 de
2957 5216 3091 5293 illo,
3125 5235 3315 5298 quem
3361 5217 3803 5297 unusquisque
3832 5234 3934 5278 ex-

2446 5315 2845 5379 ercitatorem
2886 5314 3119 5379 habere
3155 5315 3481 5378 asseritur.
3513 5315 3665 5377 Nam
3696 5324 3759 5377 et
3801 5314 3933 5377 dia-
