4309 6259
629 4559 789 4600 Joann.
806 4571 877 4605 vn,

614 4624 680 4664 24.

656 4746 670 4789 l
695 4746 798 4789 Cor.
821 4758 875 4793 xi,

618 4812 684 4853 31.

884 506 1005 571 636

1696 523 2043 571 ENARRATlo
2085 523 2148 569 IN
2191 523 2328 569 cAP.
2372 520 2524 569 xxlx
2563 521 2690 569 JOB.
2735 540 2816 553 -
2855 523 2999 569 ΛΒΤ.
3042 524 3160 570 LVII

886 694 1016 776 egit
1046 704 1277 775 grates,
1310 695 1442 769 Quo
1480 695 1649 758 enim
1690 695 1823 758 vita
1858 694 2077 775 gratiae
2116 694 2375 775 vitaque
2403 692 2454 753 A
2485 702 2770 775 peccent.
2793 694 2935 757 Ideo
2965 693 3282 775 Apostolis
3311 692 3664 773 ceterisque
3693 691 3977 772 praelatis

884 793 1101 873 gloriae
1132 793 1427 856 meliores
1458 802 1607 855 sunt
1634 793 1767 857 vit-a
1803 801 2043 855 naturae
2069 818 2082 866 3
2120 812 2248 873 quo
2281 792 2376 853 in-

886 909 1076 972 super
1126 910 1295 953 mors
1346 902 1595 954 aeternae
1643 891 2071 954 damnationis
2134 889 2374 969 fugibi-

889 990 1007 1053 lior
1041 998 1136 1052 est
1164 999 1369 1053 morte
1398 990 1710 1072 corporali
1748 1009 1821 1052 ac
1852 989 2208 1070 temporali,
2245 988 2375 1050 imo

886 1088 1261 1149 brevissima
1298 1106 1311 1149 :
1345 1107 1420 1151 eo
1452 1106 1565 1170 pro
1598 1088 1924 1169 ereptione
1952 1106 1987 1149 a
2016 1094 2220 1149 morte
2240 1104 2379 1168 pec-

886 1186 1031 1260 cati,
1046 1187 1324 1268 amplius
1345 1186 1743 1265 gloriandum
1779 1185 2376 1266 regratiandumque

886 1293 1002 1361 est,
1038 1304 1228 1366 quam
1258 1304 1375 1367 pro
1405 1285 1729 1366 ereptione
1757 1284 1839 1346 ab
1870 1283 2129 1345 interitu
2160 1302 2378 1364 corpo-

890 1382 1028 1443 rali.

965 1482 1235 1541 ,Iustitia
1266 1483 1536 1541 indutus
1561 1502 1730 1553 sum,
1753 1490 1811 1540 et
1835 1482 2063 1541 vestivi
2087 1500 2187 1539 me
2209 1482 2375 1539 sicut

892 1580 1278 1640 vestimenta.
1305 1580 1511 1642 Vestis
1543 1580 1620 1641 ad
1651 1580 1776 1642 duo
1808 1578 2067 1660 proficit
2098 1576 2371 1658 corpori,

890 1676 1133 1739 scilicet
1160 1678 1238 1738 ad
1270 1687 1585 1753 ornatum,
1604 1685 1795 1758 atque
1816 1678 1892 1739 ad
1920 1676 2376 1759 protectionem

890 1782 1111 1837 contra
1140 1775 1386 1851 nociva,
1411 1783 1479 1836 ut
1510 1783 1658 1838 sunt
1692 1774 1893 1855 frigus
1922 1784 1983 1837 et
2014 1772 2378 1836 cauma.Sic

2485 791 2767 873 loquitur
2812 792 3100 855 Christus
3145 792 3317 855 :Vos
3363 791 3516 853 estis
3565 790 3672 851 lux
3725 789 3972 852 mundi.
4037 814 4254 855 ,mma

2487 891 2609 953 Vos
2652 892 2804 953 estis
2849 892 2940 953 sal
2987 899 3188 953 terrae.
3229 890 3406 952 Unde
3448 889 3528 952 ad
3570 888 3972 950 Timotheum
4009 879 4072 916 ¹⁴·
4101 882 4144 915 ¹³

2487 989 2706 1051 scribit
2736 990 3073 1071 Apostolus
3107 1006 3121 1049 t
3154 989 3422 1051 Attende
3451 986 3977 1061 lectioni,cxhor-
4046 1010 4174 1051 ιῑηῚ
4209 1026 4236 1047 ,ς

2489 1088 2734 1163 tationi,
2770 1088 3096 1152 doctrinae.
3128 1087 3254 1150 Hoc
3283 1087 3453 1149 enim
3490 1083 3755 1160 faciens,
3789 1093 3852 1147 te
3882 1086 3977 1166 ip-
4009 1077 4070 1114 ¹³·
4099 1078 4156 1115 ''··

2487 1206 2624 1247 sum
2661 1187 2906 1250 salvum
2941 1185 3160 1261 facieS,
3195 1195 3256 1249 et
3287 1204 3394 1247 eos
3427 1184 3536 1265 qui
3578 1192 3640 1246 te
3676 1184 3970 1245 audiunt.

2485 1283 2598 1345 Per
2617 1283 3010 1346 Ezechielem
3031 1302 3288 1365 quoque
3309 1282 3596 1364 reprobis
3617 1280 3977 1363 pastoribus

2488 1382 2791 1444 Dominus
2841 1381 3364 1463 improperatorie
3412 1380 3694 1461 loquitur
3739 1398 3752 1441 :
3797 1376 3976 1452 Quod
4053 1406 4212 1447 ezerr.

2487 1480 2820 1542 infirmum
2871 1480 3015 1554 fuit,
3052 1497 3181 1542 non
3222 1479 3686 1542 consolidastis,
3721 1478 3977 1539 Praeter-
4003 1483 4144 1511 ³¹¹³·
4171 1472 4202 1508 '‘-

2487 1598 2580 1650 ea,
2634 1578 3050 1660 spiritualiter
3107 1596 3310 1640 caecus
3367 1585 3482 1653 est,
3540 1576 3862 1657 ignoranS,
3913 1584 3974 1637 et

2487 1677 2696 1739 omnis
2737 1676 2845 1758 qui
2892 1677 2956 1738 in
2999 1676 3251 1739 mortali
3293 1677 3481 1757 jacet,
3527 1683 3708 1757 putet
3751 1692 3826 1736 ac
3867 1694 3978 1756 pu-

2491 1774 2666 1838 trefit
2713 1776 2940 1856 culpa3
2985 1774 3248 1837 claudus
3298 1792 3469 1849 ver0,
3519 1773 3630 1854 qui
3679 1780 3862 1834 nutat
3909 1772 3974 1833 in

889 1872 1093 1935 virtus
1142 1873 1219 1934 ad
1271 1874 1397 1936 duo
1444 1874 1673 1937 animae
1721 1875 1999 1956 prodest.
2042 1873 2194 1934 Nam
2239 1890 2376 1934 eam
2419 1876 2461 1937 B
2488 1873 2739 1935 actibus
2788 1874 2998 1950 boniS‚
3032 1882 3095 1934 et
3142 1872 3415 1935 faciliter
3458 1872 3582 1932 ruit
3625 1872 3690 1932 in
3721 1872 3838 1945 eiS,
3871 1880 3976 1931 aut

889 1990 1099 2033 coram
1133 1972 1258 2034 Deo
1289 1973 1555 2054 pulchre
1586 1982 1904 2055 perornat,
1940 1981 2002 2035 et
2030 1980 2248 2034 contra
2280 1971 2381 2032 ho

890 2078 1015 2132 stes
1065 2090 1193 2133 suae
1244 2071 1467 2133 salutis
1516 2071 1826 2143 defendit,
1881 2070 2221 2140 confortat,
2269 2088 2378 2131 seu

890 2177 1113 2230 armat.
1150 2169 1435 2249 Denique
1488 2170 1681 2233 vestis
1732 2169 2029 2230 vestitum
2082 2187 2158 2230 ex
2206 2166 2379 2230 omni

892 2275 1068 2347 parte
1097 2266 1449 2328 circumdat
1476 2285 1489 2329 ε
1516 2266 1625 2329 ille
1649 2286 1799 2348 ergo
1829 2266 2010 2347 quasi
2042 2266 2384 2330 vestimen-

894 2374 955 2426 to
1006 2364 1213 2426 induit
1262 2384 1329 2427 se
1380 2366 1592 2447 ipsum
1637 2366 1908 2447 justitia,
1943 2364 2053 2446 qui
2101 2365 2166 2425 in
2209 2363 2380 2427 omni

892 2463 1062 2544 quod
1109 2463 1261 2543 agit,
1307 2464 1517 2543 justus
1567 2472 1682 2540 est,
1726 2463 2103 2543 nullumque
2149 2481 2382 2543 praece·

894 2569 1073 2643 ptum
1105 2562 1587 2641 transgreditur,
1622 2562 1731 2623 sed
1766 2560 1933 2640 regia
1966 2580 2218 2643 semper
2244 2578 2384 2639 gra—

892 2658 1066 2721 ditur
1086 2658 1204 2735 via,
1220 2678 1338 2721 nec
1355 2659 1436 2720 ad
1457 2659 1777 2721 dexteram
1810 2677 1925 2720 nec
1951 2659 2027 2719 ad
2057 2658 2381 2720 sinistram

893 2756 1244 2819 declinans,
1266 2757 1343 2817 Et
1372 2758 1470 2836 (ut
1500 2755 1589 2817 ait
1606 2754 1972 2836 Gregorius)
1997 2756 2107 2836 qui
2140 2756 2208 2817 in
2238 2754 2383 2816 aliis

892 2855 1254 2917 actionibus
1282 2854 1490 2935 justus
1516 2864 1633 2930 est,
1654 2854 1719 2915 in
1748 2854 1892 2916 aliis
1924 2854 2387 2934 injustus‚qua-

895 2952 949 3015 si
994 2972 1191 3015 unum
1237 2952 1401 3016 latus
1440 2952 1712 3034 operuit,
1744 2952 2049 3033 aliudque
2093 2951 2379 3014 nudavit.

2492 1971 2754 2034 omnino
2805 1970 3030 2033 deficit
3087 1970 3168 2031 ab
3222 1970 3483 2032 eisdem.
3532 1969 3708 2031 L’nde
3764 1978 3976 2031 monet

2490 2069 2828 2151 Apostolus
2864 2087 2877 2130 :
2914 2069 3136 2131 Rectos
3177 2067 3367 2131 facite
3407 2087 3660 2149 gressus
3709 2067 3978 2149 pedibus
4041 2090 4244 2131 men-‚u-

2491 2168 2740 2244 vestriS‚
2775 2176 2845 2229 ut
2875 2185 3002 2229 non
3037 2167 3402 2229 claudicans
3441 2166 3585 2247 quis
3625 2175 3815 2235 erret,
3849 2185 3981 2227 ma·
4013 2156 4076 2193 ¹³·

2489 2266 2586 2345 gis
2619 2274 2827 2327 autem
2861 2272 3140 2327 sanetur.
3161 2265 3236 2327 Et
3266 2264 3333 2326 in
3361 2264 3606 2327 Psalmo
3639 2264 3974 2327 scribitur:
4286 2340 4287 2343 Ἴ

2491 2363 3023 2428 Claudicaverunt
3065 2382 3100 2424 a
3149 2362 3392 2425 semitis
3443 2362 3597 2423 suiS.
3629 2362 3976 2433 Postremo,
4011 2388 4234 2429 pau-rs·
4286 2360 4287 2365 ’

2492 2462 2764 2543 quilibet
2793 2471 3080 2525 nostrum
3108 2481 3222 2543 pro
3248 2462 3504 2525 modulo
3525 2479 3980 2533 suc,caecorum

2493 2568 2686 2641 atque
2725 2560 3094 2623 claudorum
3135 2560 3358 2622 oculus
3387 2568 3448 2621 et
3477 2578 3589 2640 pes
3616 2558 3804 2621 debet
3835 2578 3986 2621 con-

2495 2659 2740 2736 sistere,
2777 2657 2922 2721 illos
2952 2677 3066 2740 pro
3096 2677 3280 2740 posse
3310 2658 3685 2720 instruendo
3715 2664 3780 2719 ct
3808 2656 3986 2720 robo-

2495 2756 2716 2833 rando,
2749 2757 2870 2819 hoc
2901 2765 2998 2819 est
3036 2756 3414 2838 sapientiam
3446 2763 3510 2819 et
3539 2754 3980 2819 fortitudinem

2495 2873 2607 2916 seu
2637 2852 2935 2917 virtutem
2978 2853 3102 2916 sibi
3147 2854 3408 2917 collatas
3457 2854 3586 2915 illis
3630 2853 3984 2916 communi-

2494 2953 2719 3029 cando,
2774 2962 2962 3034 prout
3007 2953 3225 3015 Petrus
3283 2952 3530 3015 inducit
3573 2970 3587 3014 ε
3631 2952 3984 3033 Unusquis-
4055 2980 4256 3023 metm.

896 3054 1025 3115 lmo
1057 3071 1173 3115 nec
1203 3052 1332 3133 jam
1364 3050 1531 3115 bona
1560 3060 1712 3115 sunt
1741 3070 1955 3135 opera,
1990 3070 2133 3133 quae
2167 3049 2388 3112 subor-
2415 3051 2459 3114 C
2494 3069 2643 3132 que,
2679 3051 2864 3114 sicut.
2885 3051 3128 3133 accepit
3169 3050 3457 3131 gratiam,
3492 3049 3557 3112 in
3606 3051 3980 3113 alterutrum
4017 3047 4079 3086 ¹⁰·

901 3150 980 3211 tis
1010 3150 1153 3213 aliis
1185 3149 1398 3232 pravis
1431 3149 1730 3232 operibus
1764 3150 2206 3230 inquinantur.
2240 3148 2388 3210 Ver-

898 3250 981 3312 ba
1010 3268 1266 3331 quoque
1298 3249 1575 3324 inducta,
1609 3248 1814 3329 accipi
1844 3254 2112 3330 possunt
2152 3255 2276 3307 tam
2310 3246 2389 3308 de

895 3347 1143 3429 justitia
1172 3366 1313 3427 quae
1344 3355 1440 3407 est
1465 3347 1669 3408 virtus
1706 3344 2062 3409 communis
2104 3363 2216 3407 seu
2259 3362 2392 3406 om-

902 3445 1002 3508 nis
1032 3445 1235 3507 virtus
1263 3444 1501 3523 (omnis
1528 3444 1845 3525 siquidem
1874 3443 2075 3506 virtus
2107 3451 2204 3505 est
2231 3461 2392 3523 quae-

901 3544 1046 3607 dam
1093 3542 1361 3624 justitia,
1397 3543 1545 3622 quia
1594 3560 1709 3623 per
1756 3560 1891 3603 eam
1945 3540 2023 3603 fit
2067 3542 2238 3621 quod
2288 3542 2393 3602 de-

902 3660 1051 3704 cens
1092 3658 1205 3701 seu
1242 3639 1530 3701 debitum
1564 3640 1707 3719 est),
1744 3639 2280 3720 quemadmodum
2321 3658 2394 3701 ea

904 3758 1044 3821 quae
1073 3747 1168 3801 est
1200 3738 1401 3800 virtus
1440 3738 1757 3820 specialiS,
1794 3738 2051 3799 moralis
2092 3745 2153 3799 et.
2196 3738 2395 3799 cardi-

904 3838 1088 3915 naliS,
1108 3837 1455 3917 unicuique
1474 3839 1645 3919 quod
1677 3857 1862 3898 suum
1886 3845 1980 3898 est
2003 3837 2394 3897 reddenS.Ec

902 3938 1266 3997 diademate
1298 3936 1563 4011 judicio
1616 3956 1771 3995 meo.
1814 3933 1928 4007 Qui
1981 3934 2045 3994 in
2096 3934 2394 3995 omnibus

906 4034 1168 4097 rationis
1217 4032 1531 4113 judicium
1576 4034 1887 4115 sequitur,
1921 4051 2049 4095 non
2080 4032 2395 4114 passionis

907 4133 1277 4215 impulsum,
1303 4140 1367 4194 et
1398 4140 1567 4194 recte
1596 4132 1859 4212 judicat,
1884 4132 2168 4206 discutit,
2200 4132 2397 4193 incre-

2498 3149 2674 3211 illam
2711 3149 3251 3226 administranteS,
3285 3149 3450 3212 sicut
3476 3149 3629 3212 boni
3658 3150 3986 3230 dispensa-

2499 3256 2666 3311 tores
2696 3247 3114 3310 multiformis
3142 3248 3360 3328 gratiae
3389 3248 3519 3311 Dei.

2579 3350 2780 3409 Pater
2815 3367 2996 3407 eram
3025 3366 3413 3425 pauperum.
3457 3346 3544 3408 lta
3585 3356 3648 3409 et
3697 3364 3814 3408 nos
3861 3364 3992 3409 om-

2502 3464 2648 3508 nem
2679 3464 3024 3527 pauperem
3057 3445 3121 3507 in
3153 3445 3432 3508 caritatis
3469 3444 3822 3509 visceribus
3861 3465 3993 3507 am-

2503 3544 2877 3626 plectamur,
2896 3543 3084 3624 eique
3115 3544 3476 3607 cordialiter
3504 3544 3988 3625 compatiamur,

2503 3651 2565 3705 et
2587 3642 2944 3706 efficaciter
2964 3642 3406 3723 suffragemur.
3417 3646 3502 3704 Ec
3521 3665 3784 3703 eausam
3805 3666 3990 3723 quam

2507 3744 2851 3801 nesciebam
2865 3788 2882 3811 ,
2942 3746 2988 3801 d
2996 3744 3045 3800 il
3052 3745 3192 3818 iyen
3201 3744 3439 3801 tissime
3501 3745 3570 3801 in
3579 3745 3962 3818 vestiyabam
3974 3792 3987 3803 .

2505 3840 2631 3902 lloc
2663 3842 2740 3902 ad
2771 3840 3087 3921 praelatOS,
3124 3840 3445 3921 principes
3485 3858 3558 3902 ac
3596 3840 3846 3920 judices
3885 3860 3994 3923 po-

2508 3938 2750 4001 tissime
2781 3946 3042 4020 spectat,
3075 3958 3154 4000 ne
3182 3957 3257 4000 ex
3285 3938 3669 4020 suspicione,
3707 3948 3816 4000 aut
3855 3959 3994 4020 pas-

2507 4038 2706 4107 sione,
2743 4046 2854 4099 aut
2889 4037 3059 4099 facili
3093 4037 3442 4099 creditione
3469 4038 3546 4098 ad
3576 4036 3990 4117 judicandum

2507 4137 2892 4217 procedant3
2935 4137 3041 4197 sed
3085 4155 3228 4197 cum
3271 4136 3634 4197 maturitate
3665 4146 3728 4198 et
3763 4137 3993 4197 utrius-

906 4241 1013 4313 pat
1044 4240 1107 4294 et
1135 4232 1398 4311 castigat
1426 4251 1493 4294 se
1527 4231 1758 4313 ipsum,
1792 4233 2033 4311 judicio
2064 4250 2180 4294 suo
2211 4231 2393 4312 quasi
2428 4235 2477 4295 D
2508 4255 2632 4316 quc
2677 4236 2876 4316 partis
2915 4234 3260 4311 auditione,
3296 4254 3366 4297 ac
3397 4234 3622 4297 ceteris
3651 4236 3992 4299 observan-

906 4331 1261 4393 diademate
1292 4330 1663 4403 decoratum
1708 4339 1771 4393 et
1803 4339 1928 4392 tam
1962 4331 2281 4413 sapienter
2311 4348 2398 4391 re-

907 4429 1113 4509 gendo
1166 4448 1253 4503 se,
1306 4428 1429 4491 rite
1479 4447 1585 4490 rex
1632 4428 2009 4509 appellatur,
2047 4429 2397 4511 impletque

909 4527 1079 4608 quod
1109 4527 1196 4588 ait
1230 4526 1515 4589 Salvator
1550 4544 1563 4587 :
1593 4527 1841 4588 Justum
1878 4526 2191 4608 judicium
2230 4527 2399 4606 judi-

908 4634 1067 4688 cate.
1095 4625 1289 4707 Cujus
1317 4624 1541 4705 judicii
1576 4624 1851 4687 fructum
1885 4625 2107 4706 pandit
2135 4625 2398 4706 Aposto-

910 4726 1029 4801 luS,
1076 4724 1293 4787 dicens
1334 4741 1347 4785 :
1393 4722 1454 4785 Si
1497 4742 1611 4785 nos
1657 4724 1826 4805 ipsos
1875 4723 2392 4804 dijudicaremus,

910 4843 1038 4888 non
1071 4823 1290 4903 utique
1318 4822 1771 4903 judicaremur.

992 4926 1225 4985 Oculus
1265 4921 1377 4998 fui
1419 4941 1598 4991 coeco,
1631 4931 1689 4981 et
1723 4941 1836 4998 pes
1873 4926 2126 4983 claudo,
2165 4922 2289 4985 Hoc
2319 4922 2398 4985 ad

910 5022 1203 5102 praelatos
1255 5038 1327 5081 ac
1376 5017 1787 5099 praesidentes
1836 5020 2167 5100 potissime
2216 5020 2401 5101 perti-

910 5127 1039 5195 net,
1076 5137 1348 5198 quorum
1397 5125 1493 5179 est
1542 5116 1880 5179 inferiores
1930 5118 2296 5181 illuminare
2337 5127 2401 5181 et

910 5226 1289 5292 sustentare,
1352 5234 1431 5277 ne
1487 5215 1585 5277 vel
1648 5234 1760 5296 per
1822 5216 2245 5295 ignorantiam
2301 5237 2399 5279 er-

912 5322 1074 5389 rent,
1126 5314 1225 5377 vel
1284 5332 1398 5397 per
1454 5311 1899 5377 infirmitatem
1959 5315 2297 5379 vincantur
2339 5324 2402 5379 et

2507 4334 2628 4409 dis,
2671 4333 2883 4396 omnia
2930 4341 3139 4413 agant.
3188 4334 3342 4395 Hinc
3392 4332 3454 4394 in
3505 4334 3988 4397 Deuteronomio

2507 4432 2742 4513 Moyses
2780 4431 2933 4492 filiis
2964 4431 3150 4493 lsrael
3181 4432 3268 4492 ait
3296 4449 3308 4492 :
3336 4432 3485 4493 Date
3506 4450 3578 4493 ex
3609 4431 3788 4495 vobis
3819 4434 3987 4495 viros
4021 4451 4164 4491 Dent..
4197 4450 4246 4487 ιι.

2507 4530 2826 4611 sapientes
2873 4538 2934 4591 et
2981 4547 3232 4610 gnaroS,
3277 4548 3546 4609 quorum
3595 4533 3988 4593 conversatio

2507 4627 2770 4711 probata
2809 4627 2891 4689 sit
2929 4628 2995 4689 in
3036 4626 3330 4689 tribubus
3373 4628 3620 4703 vestriS,
3655 4636 3715 4689 et
3759 4648 3986 4710 ponam

2509 4727 2652 4789 illos
2684 4726 2864 4789 vobis
2905 4726 3248 4808 principes,

2587 4828 3012 4905 Dicebamque
3061 4824 3387 4907 proposito
3436 4824 3664 4887 mentis
3707 4843 3720 4885 :
3765 4829 3844 4887 In
3895 4829 3996 4885 m·-

2507 4926 2664 4983 dulo
2698 4943 2827 4982 meo
2859 4925 3130 4993 moriar,
3163 4922 3222 4983 id
3255 4931 3350 4985 est
3384 4922 3446 4983 in
3479 4922 3615 4984 loco
3645 4923 3995 4986 mansionis

2511 5040 2664 5083 meae
2713 5040 2916 5101 usque
2964 5020 3040 5081 ad
3081 5030 3346 5083 mort-em
3391 5019 3636 5082 stabilis
3674 5040 3996 5102 permane-

2513 5120 2592 5181 bo
2629 5137 2643 5180 :
2676 5119 2830 5199 quia
2857 5120 2953 5196 (ut
2999 5118 3088 5179 ait
3132 5117 3191 5180 S.
3225 5118 3566 5196 Antonius)
3605 5119 3714 5198 qui
3763 5137 3993 5200 corpus

2513 5236 2698 5279 suum
2739 5216 2804 5277 in
2847 5216 2985 5278 loco
3023 5234 3152 5277 uno
3193 5215 3392 5296 figere
3431 5217 3675 5297 nequit,
3711 5218 3992 5279 animum

2513 5334 2699 5377 suum
2745 5315 2810 5376 in
2855 5315 3050 5377 Deum
3090 5333 3216 5377 non
3262 5312 3436 5394 figet.
3471 5315 3628 5377 Hinc
3657 5316 3862 5377 sancti
3890 5315 3994 5377 Pa-
