4309 6259
1185 496 1531 543 mannum
1575 496 1636 541 m
1679 496 1814 541 cap,
1849 495 1956 539 vni
1995 494 2120 539 soa.
2167 514 2247 523 —
2287 495 2429 540 Am.
2476 495 2583 540 xxl
3322 475 3438 539 417

347 667 590 729 stitiam
641 668 797 733 fecit
842 670 1030 733 Deus,
1063 670 1153 731 Ex
1195 670 1315 732 hoe
1362 668 1636 744 elicitur,
1673 667 1844 748 quod
1873 666 1922 727 A
1953 670 2316 728 simundus
2344 674 2558 729 mente
2586 685 2622 728 a
2650 666 3140 747 cogitationibus
3169 663 3349 729 vanis
3380 670 3441 725 et

345 764 582 828 Baldad
611 768 1022 829 concordavit
1050 787 1195 829 cum
1217 767 1500 849 Eliphaz‚
1521 766 1842 847 opinando

346 864 520 943 quod
569 865 732 927 Deus
782 884 912 927 non
962 865 1086 927 nisi
1130 885 1245 947 pro
1289 866 1474 947 culpa
1519 863 1843 942 infligeret

345 978 637 1043 poenam3
671 973 734 1025 et
762 964 978 1039 etiam,
999 965 1168 1045 quod
1201 982 1328 1026 non
1360 962 1672 1025 intellexit
1701 980 1842 1043 pro-

345 1058 732 1123 funditatem
781 1062 1120 1125 verborum
1161 1062 1299 1138 Job,
1334 1062 1568 1143 quibus
1610 1079 1842 1143 praece-

342 1159 646 1221 dentibus
697 1160 948 1223 duobus
996 1161 1317 1243 capitulis,
1371 1162 1724 1243 praesertim
1774 1160 1839 1220 in

341 1257 668 1340 principio
705 1260 972 1341 capituli
1010 1259 1288 1341 septimi,
1323 1258 1684 1341 oppositum
1732 1259 1841 1320 do-

341 1356 498 1419 cuit.
535 1357 680 1420 ldeo
708 1366 1155 1438 argumentum
1185 1359 1414 1421 Baldad
1455 1376 1580 1420 non
1625 1375 1842 1438 proce-

340 1451 458 1513 dit.
501 1451 804 1526 Quamvis
847 1453 1020 1515 enim
1067 1454 1310 1534 justum
1359 1452 1442 1514 sit
1491 1470 1604 1535 pro
1652 1451 1840 1532 culpa

340 1568 602 1631 poenam
637 1550 872 1631 infligi,
901 1569 1028 1613 non
1062 1560 1272 1613 'tamen
1305 1570 1556 1632 semper
1577 1560 1673 1612 est
1701 1568 1840 1612 con-

343 1657 437 1711 tra
493 1648 837 1731 justitiam,
889 1648 1192 1729 infligere
1240 1668 1494 1731 poenam
1554 1667 1670 1731 pro
1715 1647 1840 1709 alia

340 1767 536 1811 causa
565 1767 760 1827 quam
789 1765 906 1829 pro
934 1747 1458 1829 culpa,videlicet
1487 1766 1602 1829 pro
1622 1746 1839 1827 gratiae

341 1944 696 2021 communi,
731 1945 902 2025 quod
941 1952 1039 2007 est
1077 1944 1508 2025 proximorum
1559 1944 1840 2007 aedifica-

1951 764 2411 827 affectionibus
2443 764 2812 846 passionum
2842 764 3241 839 inordinatiS,
3264 773 3323 823 et
3350 783 3440 821 re-

1950 872 2112 932 ema,
2141 863 2205 925 id
2235 871 2331 925 est
2358 864 2567 943 justus
2609 863 2675 926 in
2715 863 3214 938 conversatione,
3249 864 3439 921 inces-

1948 965 2128 1033 seriS,
2149 962 2213 1023 id
2235 970 2351 1038 est,
2373 981 2487 1043 per
2506 962 2671 1025 viam
2696 962 2887 1042 hujus
2909 960 3435 1043 peregrinationis

1949 1061 2027 1121 ad
2060 1058 2341 1122 ‚futuram
2371 1060 2825 1123 beatitudinem
2850 1058 3435 1134 ambulaveriS‚non

1949 1158 2328 1221 declinando
2348 1160 2428 1220 ad
2460 1160 2777 1220 dexteram
2810 1166 2917 1220 aut
2948 1157 3437 1229 sinistram38ta-

1953 1260 2068 1317 tim
2109 1260 2446 1335 eviffl‘labit
2482 1261 2569 1317 ad
2608 1268 2688 1327 te,
2720 1256 2781 1317 id
2825 1265 2941 1333 est,
2976 1256 3102 1319 cito
3144 1255 3437 1319 exaudiet

1952 1364 2032 1431 te,
2067 1374 2263 1436 seque
2297 1355 2411 1417 tibi
2440 1355 2785 1434 gratiosum
2817 1354 3126 1436 praebebit
3164 1372 3276 1435 per
3304 1371 3438 1416 mo-

1949 1454 2100 1515 dum
2151 1454 2498 1535 vigilantiS‚
2545 1454 2657 1534 qui
2706 1453 2820 1515 tibi
2871 1453 2935 1515 in
2984 1452 3107 1515 tuis
3153 1452 3435 1517 adversis

1950 1553 2132 1633 quasi
2178 1552 2498 1615 dormiens
2544 1551 2689 1627 fuit,
2722 1551 2907 1613 solita
2958 1550 3275 1613 beneficia
3322 1569 3435 1612 sua

1950 1652 2329 1713 subtrahens
2380 1650 2496 1712 tibi
2532 1668 2545 1711 :
2577 1650 2753 1730 juxta
2803 1650 2863 1712 id
2912 1650 3279 1725 Psalmistae,
3324 1649 3437 1711 Ex·
3464 1668 3729 1721 Panum.

1951 1767 2159 1829 surge,
2196 1768 2391 1829 quare
2430 1748 2777 1823 obdormi5‚
2814 1748 3125 1811 Domine?
3162 1748 3320 1810 Hinc
3368 1747 3435 1808 in

313 1847 765 1921 incremento,
801 1864 916 1927 pro
944 1846 1162 1925 gloriae
1193 1846 1471 1922 cumulo,
1506 1865 1620 1927 pro
1669 1846 1838 1907 bono
1878 1848 1924 1909 B
1949 1849 2188 1910 Joanne
2218 1846 2487 1908 habetur
2522 1864 2536 1907 τ
2572 1846 2634 1909 Si
2666 1846 2809 1927 quis
2848 1846 3055 1908 cultor
3082 1854 3180 1907 est
3208 1846 3339 1922 Dei,
3374 1854 3438 1921 et
3489 1864 3647 1909 soann.
3670 1880 3726 1915 nx,

1953 1946 2341 2009 voluntatem
2391 1946 2531 2025 ejus
2584 1944 2755 2021 facit,
2810 1945 2977 2007 hunc
3023 1944 3300 2007 exaudit.
3358 1930 3533 2007 Eam·

343 2043 453 2105 tio.
489 2042 615 2104 Nec
647 2042 807 2104 ratio
836 2042 994 2122 justi
1027 2042 1320 2105 consistit
1359 2043 1564 2105 solum
1596 2042 1662 2103 in
1691 2042 1836 2119 hoc,
1945 2054 2251 2121 pacatum
2300 2046 2519 2104 reddet
2568 2046 3050 2104 tabernaculum
3094 2045 3116 2067 *
3150 2044 3437 2119 justicia’
3502 2064 3521 2085 ⁶
3551 2063 3727 2106 habita-

343 2150 411 2203 ιιι
443 2140 840 2203 retribuatur
880 2158 996 2222 pro
1036 2140 1322 2215 meritis;
1366 2141 1474 2203 sed
1504 2150 1564 2203 et
1600 2140 1663 2201 in
1695 2140 1840 2201 aliis

343 2240 568 2301 multis
618 2240 901 2303 salvatur
949 2239 1110 2302 ratio
1155 2239 1333 2319 justi.
1367 2240 1520 2301 Nam
1567 2248 1630 2301 et
1677 2240 1840 2301 Deus

341 2348 470 2400 tam
504 2338 714 2401 bonus
745 2347 808 2400 et
846 2337 990 2419 pius
1029 2346 1147 2414 est,
1181 2346 1251 2399 ut
1289 2338 1532 2419 justum
1571 2338 1654 2399 sit
1693 2357 1836 2399 eum

342 2436 792 2519 peccatoribus
849 2436 1159 2499 misereri.
1213 2437 1350 2518 Ipse
1399 2455 1654 2517 quoque
1712 2446 1838 2498 'tam

344 2536 604 2618 sapiens
644 2543 762 2611 est,
797 2544 868 2596 ut
904 2536 1148 2616 justum
1190 2534 1273 2597 sit
1311 2554 1454 2597 eum
1495 2536 1698 2615 justos
1735 2536 1843 2596 ad-

343 2634 762 2697 versitatibus
811 2652 1102 2696 exercere
1146 2634 1223 2695 ad
1269 2634 1574 2715 maJOrem
1623 2652 1842 2696 eorum

343 2733 734 2815 profectum,
759 2740 825 2794 et
847 2750 962 2813 pro
985 2732 1153 2795 bono
1177 2732 1504 2794 communi
1528 2731 1838 2794 fidelium.

341 2833 523 2895 Unde
561 2832 684 2895 hoc
723 2832 913 2894 modo
953 2830 1167 2894 omnia
1205 2839 1578 2911 argumenta
1606 2832 1844 2893 amico-

344 2952 488 2994 rum
537 2930 659 2993 Job
705 2938 925 2993 carent
969 2948 1120 2993 vera
1175 2930 1567 3011 syllogistica
1611 2929 1839 2992 forma.

1953 2154 2104 2213 tuce,
2139 2143 2199 2204 id
2231 2150 2328 2204 est
2354 2143 2612 2205 domum
2643 2151 2705 2205 et
2736 2141 3044 2205 familiam
3080 2150 3272 2218 tuam,
3313 2149 3436 2204 tuae
3464 2128 3609 2171 ΜΨ

1949 2241 2212 2323 justitiae
2260 2241 2487 2303 merito
2536 2240 2650 2303 tibi
2701 2242 3082 2317 donandam,
3132 2240 3221 2302 ita
3266 2241 3437 2321 quod

1953 2360 2072 2421 pax
2117 2340 2238 2401 erit
2280 2339 2393 2400 tibi
2432 2347 2493 2401 et
2531 2340 2777 2401 cunctis
2818 2338 2941 2400 tuis
2980 2338 3209 2420 opibus
3246 2346 3438 2418 atque

1952 2438 2354 2513 domestici83
2391 2440 2463 2497 in
2496 2448 2771 2509 tantum,
2804 2450 2877 2499 uc
2898 2440 2921 2463 *
2942 2441 3173 2515 priora
3206 2448 3343 2508 tua,
3374 2436 3438 2499 id
3470 2448 3609 2491 'alias
3624 2450 3733 2491 utet·

1952 2546 2048 2601 est
2078 2538 2319 2600 divitiae
2349 2546 2411 2599 et
2442 2535 2721 2611 familiae,
2751 2555 2910 2617 quas
2948 2536 3293 2617 aliquando
3331 2536 3441 2597 ha-

1953 2636 2175 2711 buisti,
2224 2637 2478 2712 fuerint
2528 2655 2766 2713 parva,
2812 2633 3284 2716 comparatione
3341 2653 3439 2695 se-

1953 2736 2285 2818 quentium
2328 2735 2642 2797 bonorum
2682 2734 2800 2796 tibi
2830 2735 3203 2809 dandorum,
3237 2746 3297 2795 et
3328 2755 3442 2795 no-

1956 2838 2223 2896 vissima
2255 2846 2393 2904 tua,
2418 2834 2479 2895 id
2509 2842 2605 2896 est
2632 2833 2801 2895 bona
2830 2833 2949 2895 tibi
2980 2832 3045 2894 in
3078 2833 3305 2895 ultima
3333 2842 3443 2895 tua

1956 2940 2136 2995 aetate
2169 2933 2545 3014 praestanda,
2577 2933 3093 3009 multiplicentur
3122 2933 3347 3002 nimis,
3378 2931 3442 2993 id

343 3032 588 3111 Estque
638 3030 706 3090 in
754 3028 848 3091 eis
897 3027 1150 3091 fallacia
1199 3029 1412 3109 aliqua
1449 3053 1463 3103 ;
1516 3030 1625 3091 sed
1675 3030 1844 3111 apud
1879 3030 1924 3094 C
1956 3040 2072 3108 cst,
2109 3031 2292 3094 valde
2338 3030 2685 3093 abundent.
2722 3029 3018 3103 Quamvis
3064 3038 3276 3092 autem
3324 3030 3445 3092 ista

345 3130 562 3191 minus
592 3126 836 3211 peritos
869 3126 1074 3208 prima
1105 3125 1270 3189 facie
1291 3128 1630 3207 quamdam
1653 3146 1848 3209 appa-

344 3228 622 3290 rentiam
652 3226 1019 3289 sortiuntur.
1037 3225 1114 3286 Et
1134 3242 1595 3306 nonnunquam
1635 3244 1848 3307 super-

347 3325 655 3389 ficialiter
697 3334 974 3405 sumpta,
1010 3323 1487 3387 rationabiliora
1534 3332 1845 3405 apparent

345 3444 546 3506 quam
603 3422 802 3487 verba
844 3421 959 3485 Job
1001 3440 1018 3501 ;
1069 3423 1178 3484 sed
1237 3423 1587 3484 secundum
1647 3421 1848 3483 inten-

342 3523 590 3587 tionem
637 3520 1042 3602 loquentium
1099 3528 1374 3602 sumpta,
1428 3520 1614 3600 longe
1661 3520 1846 3582 aliter

347 3621 794 3685 inveniuntur.

425 3721 742 3789 Etiamsi,
767 3718 832 3779 id
861 3726 958 3780 est
985 3716 1300 3798 quamvis,
1324 3725 1388 3779 et
1416 3718 1567 3798 quia
1593 3718 1849 3799 (secun-

346 3820 504 3882 dum
545 3826 828 3881 mentem
869 3816 1062 3897 hujus
1101 3816 1382 3896 Baldad),
1413 3819 1548 3894 filii
1578 3819 1678 3877 tui
1707 3838 1851 3894 pec-

346 3928 668 3981 caverunt
695 3919 785 3985 ei,
807 3915 869 3976 id
899 3923 995 3977 est
1023 3922 1242 3977 contra
1274 3914 1569 3992 Deum,ec
1596 3917 1851 3976 dimisit

347 4038 452 4077 eos
483 4019 556 4077 in
585 4036 821 4083 manu,
850 4014 915 4075 id
956 4021 1052 4075 est
1091 4012 1156 4073 in
1187 4013 1405 4093 vigore
1431 4021 1496 4075 et
1523 4022 1690 4089 actu,
1726 4016 1852 4073 ini-

348 4116 629 4195 quitatis
655 4134 880 4173 eorum
909 4112 953 4189 *,
988 4111 1362 4192 permittens
1395 4130 1502 4175 eos
1539 4132 1744 4193 usque
1773 4113 1850 4175 ad

1955 3130 2185 3192 Baldad
2218 3128 2554 3211 promissio
2586 3129 2650 3189 in
2681 3128 2819 3210 ipso
2848 3128 2964 3191 Job
2999 3128 3123 3190 fuit.
3151 3128 3439 3210 impleta,

1955 3235 2264 3308 quantum
2295 3228 2373 3288 ad
2402 3227 2545 3303 hoc,
2579 3228 2748 3308 quod
2780 3236 2924 3308 post
2954 3226 3295 3291 maximam
3337 3228 3445 3290 ad—

1955 3325 2322 3389 versitatem
2370 3325 2450 3387 ad
2498 3324 2835 3386 maximam
2886 3326 3184 3387 reductus
3234 3333 3330 3387 est
3378 3325 3443 3386 in

1955 3424 2075 3486 hoc
2125 3422 2358 3485 saeculo
2407 3422 2891 3503 prosperitatem
2930 3446 2945 3496 3
2995 3422 3445 3485 universaliter

1956 3531 2167 3584 tamen
2190 3539 2338 3585 vera
2361 3538 2489 3583 non
2514 3528 2631 3597 est,
2651 3540 2767 3583 nec
2801 3521 2866 3582 in
2896 3520 2995 3582 his
3020 3522 3132 3602 qui
3164 3540 3279 3603 pro
3310 3522 3443 3583 suis

1955 3621 2289 3701 plagantur
2328 3618 2625 3700 peccatiS‚
2658 3638 2867 3699 neque
2907 3619 2974 3680 in
3010 3619 3114 3681 his
3150 3619 3261 3700 qui
3303 3619 3442 3681 sine

1960 3717 2195 3801 praevio
2223 3736 2338 3779 suo
2375 3715 2683 3779 demerito
2711 3715 3097 3797 affliguntur
3128 3734 3143 3778 :
3178 3735 3321 3778 nam
3364 3718 3443 3779 de

1958 3826 2231 3899 utroque
2253 3835 2483 3897 genere
2514 3834 2959 3897 percussorum
2992 3817 3259 3879 istorum
3292 3816 3447 3877 mul-

1961 3918 2006 3978 ti
2030 3935 2234 3997 usque
2256 3915 2335 3977 ad
2366 3922 2631 3977 mortem
2655 3923 3028 3995 permanent
3049 3915 3113 3976 in
3136 3914 3441 3977 adversiS.

2040 4014 2301 4095 insuper
2320 4013 2550 4075 Baldad
2571 4013 2811 4075 dictum
2844 4033 3030 4075 suum
3063 4012 3287 4074 nititur
3308 4031 3451 4075 con·

1962 4112 2223 4174 firmare
2250 4111 2575 4174 communi
2610 4111 2973 4174 testimonio
3004 4111 3348 4187 seniorum,
3386 4118 3449 4173 et

350 4214 578 4275 horam
637 4211 861 4273 mortis
909 4228 1194 4291 peccare,
1244 4218 1435 4290 atque
1483 4210 1550 4272 in
1597 4220 1741 4273 actu
1789 4220 1853 4275 et
1881 4213 1933 4277 D
1965 4230 2074 4293 per
2103 4209 2337 4291 scripta
2370 4210 2677 4291 ipsorum.
2712 4213 3052 4287 Interroya
3078 4211 3253 4270 enim
3274 4228 3451 4287 yene-

349 4313 609 4375 intenso
658 4308 902 4372 affectu
953 4308 1301 4390 impietatis
1343 4309 1735 4389 deprehendi
1778 4330 1852 4373 ac

347 4410 565 4486 obrui,
601 4408 862 4490 quando
891 4392 1190 4472 videlicet
1216 4414 1395 4469 erant
1435 4407 1672 4487 pariter
1701 4427 1854 4489 epu-

349 4510 604 4581 lantes;
649 4518 720 4568 tu
771 4516 982 4567 tamen
1029 4508 1090 4565 si
1133 4507 1446 4577 dilue-alm
1481 4504 1544 4566 id
1587 4514 1682 4567 est
1725 4507 1851 4571 cito

351 4626 466 4671 seu
498 4603 902 4687 tempestive,
921 4605 1402 4664 consurreaeeris
1423 4607 1512 4664 ad
1531 4608 1761 4677 Deum,
1788 4605 1852 4668 id

351 4714 474 4781 est,
505 4724 546 4767 a
577 4702 873 4778 terreniS‚
908 4700 1054 4763 imis
1096 4720 1170 4763 ac
1213 4701 1461 4764 vitiosis
1502 4700 1852 4765 affectibus

355 4813 644 4867 mentem
687 4810 858 4863 tuam
897 4800 976 4862 ad
1016 4801 1211 4862 Deum
1251 4800 1563 4863 levaveris
1604 4820 1716 4883 per
1751 4822 1856 4865 ve-

355 4923 495 4965 ram
538 4901 992 4965 contritionem
1031 4916 1045 4961 :
1076 4899 1257 4979 juxta
1295 4900 1358 4961 id
1400 4900 1850 4979 Ecclesiastici,

94 5024 328 5079 sectans,
356 5002 448 5065 Ne
477 5001 689 5063 tardes
719 4997 1008 5062 converti
1033 4998 1115 5060 ad
1145 4997 1506 5075 Dominum,
1531 5008 1594 5061 et
1623 5018 1702 5061 ne
1731 4998 1857 5061 dif-

81 5088 117 5129 ⁹.

359 5098 533 5163 feras
579 5100 660 5162 de
706 5097 811 5161 die
861 5096 926 5159 in
970 5096 1164 5175 diem,
1197 5096 1410 5158 subito
1441 5096 1614 5159 enim
1643 5097 1858 5161 veniet

359 5198 456 5259 ira
503 5197 722 5271 illius;
761 5206 822 5256 et
866 5196 1373 5273 omnipotentem
1399 5195 1610 5271 fueris
1639 5199 1859 5273 depre-

355 5308 544 5358 catus
573 5314 691 5378 pro
731 5294 1108 5358 remissione
1146 5302 1399 5355 'tuorum
1437 5312 1852 5370 excessuum3

616 5430 682 5479 T.
717 5430 770 5478 4.

1961 4311 2280 4370 racionem
2292 4310 2676 4385 pristinam,
2693 4308 2756 4370 id
2778 4316 2875 4370 est
2894 4308 3222 4389 antiquam
3255 4316 3449 4390 atque

1963 4408 2369 4489 praeteritam,
2390 4424 2517 4467 non
2550 4405 2692 4468 illos
2714 4405 2825 4486 qui
2848 4405 2961 4467 diu
2980 4404 3271 4469 defuncti
3304 4414 3453 4467 sunt

1963 4505 2367 4585 alloquend0,
2401 4503 2509 4564 sed
2539 4502 2707 4565 dicta
2746 4511 2808 4565 et
2845 4504 3082 4585 scripta
3124 4523 3236 4566 seu
3274 4512 3450 4585 gesta

1963 4622 2183 4667 eorum
2216 4601 2513 4681 legendo;
2547 4610 2605 4660 et
2632 4603 2979 4677 diliqencer
3000 4603 3318 4679 investiya
3344 4622 3455 4679 pa·

1967 4714 2141 4765 trum
2188 4702 2592 4768 memoriam,
2622 4698 2683 4760 id
2724 4708 2821 4762 est
2869 4700 3311 4763 memorabilia
3364 4700 3455 4761 fa-

1965 4810 2066 4863 cta
2107 4824 2122 4875 3
2174 4800 2273 4863 vel
2321 4818 2395 4861 ea
2442 4816 2586 4879 quae
2634 4816 2853 4860 eorum
2903 4797 3453 4861 recordationibus

1966 4899 2394 4974 continentur,
2428 4897 2770 4978 quaerendo
2796 4896 2878 4958 ab
2909 4896 3009 4958 his
3041 4896 3196 4977 quid
3233 4915 3454 4959 eorum

1968 5004 2256 5060 occurrat
2302 4994 2624 5057 memoriae
2670 4994 2836 5055 circa
2882 4994 3017 5056 haec
3054 4993 3323 5075 :sicque
3377 4996 3460 5057 de

1970 5094 2257 5179 patribus
2284 5093 2494 5155 adhuc
2514 5091 2881 5155 viventibus
2904 5091 3183 5173 loquitur
3202 5093 3456 5157 Baldad.

1967 5194 2258 5258 Juniores
2303 5200 2515 5253 autem
2551 5210 2588 5253 a
2630 5189 2987 5253 senioribus
3029 5191 3455 5255 eruditionem

1970 5309 2223 5355 sumere
2261 5289 2514 5366 debent,
2552 5289 3086 5371 quemadmodum
3130 5288 3195 5352 in
3236 5290 3459 5353 Deute-

3153 5424 3214 5473 27
