4309 6259
654 1173 691 1216 11
720 1173 831 1216 Par.

700 1251 757 1278 vn.

640 1371 761 1415 leid.
786 1375 827 1414 3.

1404 499 1751 546 manuario
1792 501 1855 546 m
1896 501 2034 546 GAP.
2078 500 2234 546 xxm
2275 500 2434 546 unm
2474 499 2698 554 Quum
2739 499 2966 546 amun.
3007 519 3090 528 —
3129 499 3274 546 AM.
3316 497 3439 544 XXV

888 664 1071 729 Circa
1114 668 1234 731 hoc
1278 669 1499 734 recitat
1548 671 1727 752 Lyra,
1772 671 1943 752 quod
1982 670 2220 734 Pharao
2263 671 2380 732 Ne-
2405 671 2458 733 A
2483 674 2563 730 de
2593 675 2834 748 populo
2879 681 3086 742 terra»,
3133 679 3204 730 ut
3249 673 3434 728 claret
3459 668 3796 729 Pharaoni
3841 665 3966 725 Ne-

891 763 1071 838 chao,
1113 767 1283 830 victa
1330 768 1529 852 Syria,
1574 769 1823 832 vocavit
1874 770 1951 831 ad
2000 789 2069 831 se
2112 769 2378 833 Joachaz

894 881 1105 942 regem
1140 865 1203 927 in
1225 866 1529 930 Reblatha
1564 886 1577 929 :
1612 869 1689 930 ad
1719 887 1911 949 quam
1942 888 2141 949 quum
2175 868 2380 933 venis-

892 971 984 1024 set
1015 963 1300 1042 Joachaz,
1334 966 1585 1029 vinetus
1616 975 1711 1028 est
1752 967 1842 1030 ibi
1874 986 1912 1029 a
1938 967 2281 1044 Pharaone,
2316 975 2380 1030 et

890 1061 1125 1124 missus
1158 1061 1249 1126 sic
1293 1064 1357 1125 in
1390 1065 1749 1147 AEgyptum.
1783 1066 1951 1128 Istud
1992 1084 2248 1146 quoque
2277 1086 2380 1127 su-

892 1177 1007 1240 per
1035 1160 1561 1244 Paralipomenon
1592 1164 1792 1245 tetigi,
1827 1172 1890 1227 et
1930 1164 2017 1226 ibi
2049 1174 2270 1227 contra
2303 1164 2380 1225 il-

892 1257 1003 1320 lud
1032 1261 1235 1340 argui,
1260 1280 1334 1324 eo
1364 1263 1535 1343 quod
1556 1264 1837 1326 seeundo
1856 1263 2378 1344 Paralipomenon

2484 772 2662 830 eleae.
2717 771 2966 846 Viyinti
2993 770 3280 848 quinque
3309 787 3631 828 annorum
3667 774 3804 823 erat
3829 766 3970 823 Joa-

2486 871 2624 928 kim
2673 889 2874 948 quum
2925 889 3194 944 reynare
3230 868 3530 943 caepisset,
3571 875 3630 924 ec
3669 864 3968 922 undecim

2485 969 2682 1028 annis
2711 970 3010 1043 reynavic
3045 970 3114 1026 in
3143 969 3520 1028 Jerusalem.
3556 965 3800 1026 Nomen
3834 981 3970 1020 ma-

2489 1067 2608 1126 tris
2633 1067 2778 1142 eju-s
2808 1067 3068 1135 Zebida,
3092 1067 3238 1142 filia
3269 1064 3596 1132 Phadav'a,
3617 1063 3697 1120 de
3725 1063 3966 1121 Rama.

2485 1166 2572 1225 Et
2591 1165 2746 1242 fecit
2778 1167 3024 1224 malum
3051 1183 3266 1222 coram
3291 1164 3590 1229 Domine,
3605 1161 3810 1236 juxta
3837 1178 3972 1217 om-

2487 1264 2602 1321 nia
2655 1282 2798 1341 quoe
2845 1264 3132 1338 fecerant
3165 1272 3382 1338 patres
3415 1262 3574 1337 eju-5.
3609 1257 3866 1338 Nempe,
3899 1263 3972 1317 ut

893 1359 1327 1441 conscriptum
1374 1362 1478 1438 sit,
1513 1361 1764 1424 Amovit
1804 1381 1951 1424 eum
1990 1382 2098 1424 rex
2130 1360 2377 1443 AEgypti

890 1475 1091 1537 quum
1143 1459 1419 1521 venisset
1464 1459 1834 1522 Jerusalem.
1866 1460 2046 1523 Unde
2090 1468 2374 1542 apparet,

890 1556 1061 1635 quod
1092 1555 1330 1620 Pharao
1362 1557 1426 1619 in
1456 1558 1799 1620 Jerusalem
1826 1558 2020 1634 venit,
2040 1566 2103 1620 et
2135 1558 2224 1620 ibi
2244 1558 2381 1620 Joa-

890 1653 1043 1716 chaz
1074 1653 1265 1715 istum
1298 1656 1593 1738 deposuit
1625 1674 1641 1719 :
1676 1658 1845 1738 quod
1878 1657 2069 1720 etiam
2090 1657 2379 1736 Magister
2577 1655 2914 1732 Moraliter,
2951 1675 3026 1719 ex
3071 1656 3192 1718 isto
3240 1653 3522 1737 capitulo
3572 1652 3970 1714 instruuntur
4045 1669 4206 1742 sonfus

890 1750 957 1812 in
990 1751 1275 1814 historiis
1306 1761 1498 1816 tenet.
1533 1753 1979 1816 Verumtamen
2022 1754 2233 1817 verbis
2264 1754 2380 1836 Ly·
2489 1753 2731 1836 praelati
2763 1773 2836 1818 ac
2867 1754 3211 1836 principes,
3245 1753 3518 1834 qualiter
3555 1749 3824 1814 debeant
3855 1767 3968 1830 pro
3997 1733 4188 1774 '⁰⁰‘²¹¹³·

890 1869 975 1911 rae
1005 1868 1353 1913 consonare
1384 1852 1633 1914 videtur
1664 1853 1937 1916 narratio
1967 1853 2376 1935 Josephi,qui
2413 1855 2462 1918 B
2490 1853 2598 1915 Dei
2647 1853 2888 1916 honore
2935 1853 3148 1928 zelari,
3187 1861 3256 1914 ut
3309 1853 3452 1927 Deo,
3504 1870 3541 1912 a
3587 1867 3717 1933 quo
3761 1848 3970 1911 omnis

888 1946 1180 2010 affirmat
1216 1950 1390 2012 :Rex
1426 1951 1860 2032 AEgyptiorum
1894 1952 2047 2013 dum
2089 1951 2315 2013 fuisset
2343 1971 2380 2013 a
2489 1953 2776 2035 praelatio
2821 1973 2894 2017 ac
2943 1961 3246 2035 potestaS,
3297 1952 3426 2013 sint
3458 1950 3645 2032 grati,
3693 1949 3973 2029 totisque

892 2064 1105 2128 pugna
1136 2049 2033 2118 reversus,evoeavitJoachaz
2052 2051 2129 2112 ad
2163 2058 2384 2112 semet·
2487 2051 2734 2114 viribus
2775 2071 2891 2134 pro
2938 2051 3140 2114 divini
3187 2051 3396 2114 cultus
3443 2055 3804 2130 augmento,
3853 2064 3974 2128 pro

891 2146 1101 2226 ipsum
1124 2147 1478 2210 decivitate
1500 2147 1704 2230 Syriae,
1722 2168 1865 2229 quae
1883 2148 2117 2211 dicitur
2135 2149 2374 2210 Emath.
2488 2151 2888 2214 subditorum
2921 2150 3374 2213 reformatione
3404 2146 3710 2231 plenaria,
3743 2165 3859 2228 pro
3889 2145 3975 2209 vi-

892 2243 1007 2318 Qui
1038 2245 1190 2306 dum
1220 2246 1520 2323 venisset,
1544 2266 1689 2309 eum
1724 2255 1984 2328 repente
2016 2247 2240 2309 vinxit.
2265 2245 2380 2309 Pro

892 2343 1119 2406 horum
1170 2345 1509 2407 concordia
1539 2345 1685 2426 quis
1727 2345 1941 2408 forsan
1984 2346 2198 2408 dicere
2242 2363 2383 2427 pos-

894 2449 1010 2518 set,
1044 2443 1212 2523 quod
1248 2462 1356 2505 rex
1386 2443 1635 2525 AEgypti
1666 2443 1843 2506 venit
1858 2443 2226 2519 Jerusalem,
2253 2462 2380 2506 non

897 2541 961 2602 in
997 2541 1254 2623 propria
1299 2560 1591 2622 persona,
1627 2543 1735 2604 sed
1782 2561 1895 2624 per
1938 2541 2177 2622 legatos
2218 2561 2383 2624 quos

893 2638 1109 2713 misit3
1145 2648 1206 2701 et
1247 2639 1314 2701 in
1344 2639 1689 2702 Jerusalem
1718 2640 1957 2705 amovit
1993 2641 2256 2704 Joachaz
2288 2661 2382 2704 re-

890 2755 1059 2818 gem,
1119 2738 1272 2819 quia
1320 2757 1395 2800 ea
1454 2738 1807 2802 intentione
1863 2739 2038 2802 misit
2095 2741 2176 2803 ad
2234 2759 2378 2803 cum

892 2836 1069 2900 illuc.

2484 1359 2788 1442 Josephus
2820 1361 3042 1439 tangit,
3075 1367 3210 1422 erat
3255 1359 3530 1440 injustus
3560 1365 3622 1419 et
3653 1355 3836 1419 valde
3867 1373 3972 1416 ne-

2485 1458 2857 1540 quissimuS,
2891 1466 2953 1520 et
2983 1476 3098 1520 nec
3129 1456 3296 1520 cirea
3327 1457 3522 1518 Deum
3555 1461 3830 1529 sanetuS,
3855 1471 3972 1516 nec

2486 1559 2656 1621 cirea
2685 1558 2976 1622 homines
3007 1566 3392 1620 mansuetus,

2487 2249 2720 2312 tiorum
2752 2249 3204 2330 exstirpatione
3224 2247 3540 2329 completa
3570 2245 3971 2307 inardescant

2487 2367 2560 2410 ac
2608 2348 2954 2424 enitantur,
3004 2356 3196 2428 atque
3237 2343 3702 2424 incorrigibiles
3743 2343 3974 2406 acriter

2489 2447 2780 2528 puniant,
2818 2455 2885 2507 ut
2915 2446 3059 2508 aliis
3090 2446 3271 2508 cedat
3301 2444 3368 2506 in
3398 2441 3974 2525 exemplum,sicut

2489 2545 2578 2608 ait
2615 2545 2956 2627 Apostolus
2991 2563 3006 2606 :
3039 2545 3376 2606 Peccantes
3422 2561 3633 2606 coram
3671 2541 3972 2604 omnibus
4041 2557 4060 2600 1
4093 2559 4254 2604 rins.

2487 2663 2703 2724 argue,
2741 2653 2807 2706 ut
2839 2643 3032 2706 ceteri
3073 2643 3368 2706 timorem
3411 2641 3710 2704 habeant.
3743 2639 3974 2720 Sieque
4005 2621 4072 2663 ω·

2486 2763 2742 2809 omnem
2772 2743 3169 2827 spiritualem
3213 2741 3634 2806 idololatriam
3679 2739 3976 2820 infatiga-

2490 2843 2705 2907 biliter
2754 2843 3048 2904 studeant
3087 2841 3480 2923 propulsare,
3523 2858 3604 2901 ne
3645 2838 3836 2902 alicui
3867 2838 3975 2901 do-

973 2938 1059 2996 Et
1088 2939 1393 3013 imposuit
1421 2935 1659 2999 Pharao
1688 2943 2023 3008 mulctam,
2056 2939 2119 3000 id
2150 2947 2247 3001 est
2278 2939 2382 3000 tri·
2489 2942 2769 3005 minetur
2824 2940 3140 3024 cupiditas
3189 2949 3296 3002 aut
3345 2939 3638 3016 avaritia,
3687 2957 3828 3019 quae
3877 2945 3974 2999 est
4003 2949 4260 3026 ’Colacem

892 3035 1141 3111 butum,
1164 3046 1348 3096 terroe
1365 3036 1525 3098 Juda
1552 3047 1802 3098 eentum
1830 3041 2086 3098 talentis
2106 3041 2380 3115 amenti,
2407 3046 2452 3109 C
2489 3041 2761 3104 servitus
2814 3041 3164 3116 idolorum3
3209 3059 3326 3102 nee
3375 3039 3690 3119 voluptaS,
3733 3056 3814 3100 ne
3854 3036 3973 3100 Ve-
4001 3027 4044 3056 ⁰·

892 3144 952 3194 ει
992 3151 1120 3196 uno
1158 3138 1392 3194 talento
1426 3136 1602 3206 auri,
1628 3134 1693 3196 id
1736 3144 1834 3197 est
1870 3135 1936 3196 in
1977 3145 2151 3198 tanta
2190 3137 2382 3199 colle-

894 3241 991 3294 cta
1018 3251 1129 3294 seu
1154 3251 1401 3295 summa
1418 3252 1563 3314 quffl
1586 3233 1643 3296 ei
1675 3234 1851 3296 omni
1872 3253 2042 3298 anno
2065 3235 2382 3316 persolve-

898 3339 1071 3393 retur
1098 3351 1137 3394 a
1164 3350 1312 3412 rege
1338 3333 1516 3410 Juda,
1550 3353 1743 3414 quem
1781 3354 1897 3416 pro
1926 3335 2192 3398 Joachaz
2230 3334 2381 3398 fecit

897 3448 1135 3510 regem.
1174 3431 1259 3494 De
1298 3449 1427 3513 quo
1475 3432 1769 3495 subditur
1804 3451 1817 3494 :
1852 3437 2211 3514 Reyemque
2239 3455 2384 3494 con-

894 3532 1109 3590 stituit
1139 3533 1401 3592 Pharao
1433 3534 1685 3594 Nechao
1712 3535 1995 3594 Eliacim
2029 3535 2250 3610 filium
2281 3537 2384 3593 Jo-

893 3631 1009 3690 82⁶ae
1031 3649 1154 3706 pro
1182 3631 1359 3689 Josia
1384 3640 1576 3706 patre
1607 3633 1768 3707 ejus,
1802 3635 2115 3710 vertitque
2151 3652 2382 3693 nomen

894 3727 1061 3804 ejus,
1092 3725 1155 3788 id
1190 3734 1307 3803 est,
1342 3729 1649 3791 mutando
1696 3729 1998 3810 imposuit
2046 3729 2103 3791 ei
2150 3749 2384 3792 nomen

896 3827 1327 3903 hoc,J0akim,
1346 3837 1663 3909 quatenus
1688 3828 1955 3890 mutatio
1988 3828 2267 3890 nominis
2297 3847 2386 3890 es-

896 3937 991 3990 set
1021 3928 1387 3992 memoriale
1416 3948 1489 3992 ac
1521 3929 1773 4010 signum
1807 3928 2224 4011 promotionis
2256 3947 2386 3990 suae

896 4026 965 4089 in
1014 4045 1225 4107 regem
1266 4047 1301 4088 a
1333 4027 1675 4104 Pharaone,
1730 4028 1949 4108 sieque
1995 4036 2283 4090 maneret
2327 4028 2385 4090 ei

897 4124 1245 4206 subjectus.
1282 4124 1586 4206 Denique,
1619 4126 1889 4208 Josepho
1922 4133 2101 4200 teste,
2143 4125 2383 4187 Joakim

2491 3160 2705 3203 nerem
2749 3141 2952 3222 magis
3009 3139 3177 3202 colat
3225 3157 3414 3220 quam
3463 3138 3706 3210 Deum3
3766 3154 3974 3216 neque

2490 3239 2702 3316 elatio,
2741 3259 2821 3302 ne
2861 3239 3065 3319 magis
3106 3237 3387 3300 intentus
3429 3236 3514 3298 sit
3551 3235 3823 3318 propriae
3867 3235 3974 3298 ho-

2491 3337 2838 3413 norationi,
2902 3356 3093 3418 quam
3153 3335 3388 3398 divinae
3454 3334 3806 3415 majestatis
3864 3333 3976 3396 ho-

2492 3436 2663 3511 nori3
2708 3455 2824 3498 nec
2862 3434 3165 3498 creaturis
3215 3433 3416 3514 magis
3467 3452 3656 3514 quam
3695 3431 3974 3494 Creatori

2491 3535 2815 3597 inhaereat.
2849 3535 3112 3615 lnsuper
3145 3551 3384 3614 magoS,
3409 3531 3681 3608 divinOS,
3719 3530 3972 3606 arioloS‚

2493 3632 3018 3709 neeromanticOS,
3044 3641 3106 3694 et
3136 3649 3360 3694 omnes
3391 3629 3864 3713 superstitiosos
3885 3649 3982 3692 ex-

2493 3732 2753 3814 pellant,
2775 3731 3108 3811 castigent,
3131 3737 3560 3810 compescant.
3586 3729 3816 3809 Sicque
3833 3727 3982 3790 sub-

2493 3830 2644 3892 ditis
2710 3828 3092 3904 reformatiS,
3153 3826 3480 3890 celebrent
3534 3825 3770 3888 Pascha
3833 3845 3978 3888 eum

2493 3929 2688 4006 eis,id
2721 3936 2832 4005 cst,
2868 3928 2948 3991 ad
2979 3934 3516 3990 sacrament-orum
3548 3925 3780 3988 Christi
3811 3943 3982 3988 com-

2496 4027 2864 4090 munionem
2895 4026 3220 4089 accedant.

2575 4124 2887 4207 AmpliuS,
2909 4124 3074 4187 sicut
3101 4123 3386 4186 virtuoso
3413 4121 3598 4185 Josiae
3617 4121 3979 4203 pravissimi

898 4221 1360 4305 primogenitus
1413 4221 1533 4285 fuit
1584 4223 1790 4299 Josiae,
1844 4223 2065 4305 sicque
2122 4242 2384 4304 regnum
2419 4227 2467 4288 D
2498 4223 2623 4285 filii
2654 4231 3096 4286 successerunt
3142 4223 3206 4284 in
3253 4240 3469 4302 regno,
3503 4221 3595 4284 sic
3639 4238 3806 4302 saepe
3841 4239 3983 4282 con-

898 4320 1249 4383 debebatur
1277 4320 1335 4382 ei
1368 4321 1447 4382 de
1476 4319 1618 4400 jure
1638 4321 1962 4383 communi
1996 4322 2240 4385 ratione
2261 4323 2389 4404 pri-

900 4419 1337 4498 mogeniturae.
1386 4418 1743 4500 Dicuntque
1791 4419 2013 4501 aliqui,
2057 4422 2228 4502 quod
2279 4441 2389 4504 po-

900 4517 1094 4600 pulus
1129 4517 1339 4598 ipsum
1369 4517 1633 4580 Joachaz
1666 4516 1819 4580 fecit
1850 4535 2057 4598 regem
2090 4538 2167 4580 ex
2209 4519 2389 4582 insti—

897 4616 1155 4697 gatione
1214 4615 1831 4695 consanguineorum
1883 4616 2023 4696 ejus
2077 4636 2154 4679 ex
2210 4627 2389 4700 parte

900 4715 1145 4791 matri5‚
1170 4714 1284 4796 qui
1316 4721 1495 4776 erant
1526 4722 1840 4796 potentes
1876 4719 2081 4778 Porro
2108 4720 2388 4778 Joaclzaz

902 4815 1083 4884 tulit,
1110 4823 1170 4874 ec
1199 4815 1397 4874 duxit
1427 4815 1499 4874 in
1530 4815 1915 4891 AEyyptum.

984 4916 1347 4990 Aryentum
1386 4924 1603 4973 autem
1651 4923 1710 4973 et
1755 4933 1996 4974 aurum
2037 4916 2218 4974 dedic
2244 4918 2392 4976 Joa-

906 5015 1043 5072 kim
1068 5013 1433 5082 Pharaoni,
1453 5032 1657 5091 quum
1690 5013 2035 5073 india-isset
2068 5023 2252 5074 terrae
2275 5033 2394 5092 per

900 5113 1214 5187 εἰηραῖοε,
1244 5121 1317 5171 ut
1344 5114 1751 5192 conferretur
1763 5113 1969 5189 juce-ta
2001 5123 2394 5189 praeceptum

910 5210 1301 5271 Pharaonis,
1335 5211 1423 5270 Et
1452 5229 1974 5289 unumquemque
1987 5211 2200 5286 ιφἰιωῑα
2231 5211 2396 5269 vires

904 5328 1057 5368 suas
1102 5309 1312 5386 eoeeyic
1359 5318 1490 5369 tam
1534 5317 1875 5386 argentum
1918 5327 2119 5387 quam
2157 5327 2398 5370 aurum

2497 4322 2705 4402 tingit,
2748 4322 2919 4403 quod
2971 4321 3156 4385 bonis
3195 4320 3596 4403 principibus
3641 4339 3716 4382 ae
3762 4319 3985 4402 praela-

2498 4421 2578 4483 tis
2621 4421 2964 4484 succedant
3007 4419 3235 4501 iniqui,
3277 4419 3388 4500 qui
3443 4419 3698 4499 regibus
3731 4419 3984 4502 AEgypti

2495 4541 2570 4583 ac
2600 4519 2939 4602 Babylonis
2983 4519 3242 4582 solvunt
3285 4517 3614 4580 tributum.
3661 4517 3815 4579 Nam
3857 4519 3988 4580 ani-

2497 4639 2634 4682 mas
2679 4637 2838 4700 quas
2874 4616 3235 4680 lucrificare
3254 4615 3502 4680 Christo
3539 4625 3838 4690 tenentur,
3873 4636 3988 4698 per

2499 4718 2832 4800 reprobam
2871 4717 3091 4794 vitam,
3127 4716 3578 4797 negligentiam
3623 4723 3685 4778 et
3725 4716 3988 4778 seanda-

2499 4815 2702 4879 losum
2754 4835 3120 4898 processum
3178 4823 3506 4897 exponunt
3561 4813 3982 4888 daemonibus,

2499 4923 2692 4994 atque
2741 4915 2808 4976 in
2859 4914 3225 4978 barathrum
3274 4913 3534 4975 mittunt
3581 4911 3984 4994 perditionis

2503 5013 2744 5076 ldcirco
2773 5013 2887 5094 qui
2917 5012 3342 5094 exemplarem
3383 5020 3443 5074 et
3487 5011 3722 5074 bonum
3754 5010 3992 5072 habent

2505 5111 2973 5193 praesidentem,
3006 5111 3166 5190 grati
3199 5110 3330 5172 sint
3357 5111 3504 5187 Deo,
3539 5118 3601 5172 et
3643 5109 3990 5190 superioris

2507 5209 2606 5272 sui
2640 5209 3071 5290 correptiones
3102 5217 3164 5272 et
3193 5208 3617 5272 correctiones
3639 5208 3993 5290 suscipiant

2502 5308 2827 5388 gaudiose,
2863 5325 3072 5386 neque
3105 5305 3380 5370 faciliter
3406 5307 3692 5389 judicent
3720 5306 3928 5370 illum.
