4309 6259
885 494 966 557 46
1475 508 2663 563 namnetum.xmmomnn
2702 510 3393 560 nmun.-m.xm

884 680 1148 745 audacia
1177 688 1552 762 perterrere,
1579 700 1652 743 ac
1682 678 2076 761 significare,
2099 680 2255 761 quid
2277 679 2373 742 eis
2402 678 2456 739 A
2481 681 2617 744 haec
2660 684 3041 764 praecedenti
3084 686 3367 768 capitulo
3402 687 3485 749 de
3520 705 3599 749 eo
3635 685 3967 767 legentum

886 790 1150 843 restaret
1170 780 1656 861 agendum‚nisi
1681 780 1806 841 sibi
1827 780 2367 863 obtemperarent.
2479 781 2589 842 sed
2636 783 2889 862 negavit
2932 804 3003 846 se
3044 785 3165 847 boc
3208 785 3449 865 injuste
3490 792 3599 847 aut
3638 793 3969 866 usurpato-
3990 792 4019 813 ⁰

883 879 1042 942 Hinc
1071 880 1368 942 subditur
1401 897 1418 941 ε
2482 877 2575 941 rie
2614 882 2957 962 peregisse.
2994 883 3139 947 Ideo
3176 883 3475 945 subditur
3514 902 3531 945 ε
3567 886 3785 944 Videte
3822 902 3965 961 erqo

968 983 1027 1039 T
1021 982 1354 1039 imuerunt
1377 981 1484 1038 illi
1501 981 1900 1038 vehementer
1925 987 1987 1037 et
2013 980 2331 1037 dixerunt
2347 998 2373 1036 .·
2482 998 2683 1048 nunc,
2700 984 3013 1060 quoniam
3043 1003 3173 1042 non
3201 985 3433 1042 cecidit
3459 986 3543 1041 de
3567 982 3967 1042 sermonibus
4273 1044 4274 1047 ,

883 1080 1042 1137 Ecce
1067 1082 1200 1138 duo
1227 1097 1402 1154 reyes
1434 1098 1562 1137 non
1583 1086 1940 1155 potuerunt
1965 1086 2136 1137 stare
2153 1097 2371 1137 coram
2482 1080 2750 1138 Domini
2780 1083 2849 1139 in
2884 1092 3153 1150 terram,
3176 1102 3333 1161 quos
3362 1085 3609 1141 Iocutus
3636 1091 3729 1141 est
3752 1082 3965 1142 Domi·
4004 1100 4225 1155 umam
4273 1094 4274 1143 i

875 1195 970 1247 ec,
991 1180 1380 1255 ecquomodo
1401 1197 1514 1237 nos
1533 1177 1884 1236 valebimus
1903 1177 2233 1235 resistere?
2248 1177 2373 1236 ⁴isi·
2480 1197 2605 1237 nus
2622 1198 2819 1255 super·
2840 1182 3105 1239 domum
3123 1182 3373 1249 Achab,
3396 1190 3457 1239 et
3472 1181 3793 1241 Dominus
3810 1180 3964 1257 fecit
3994 1167 4127 1213 '²²⁴’
4148 1168 4203 1206 ³⁹·
4273 1242 4274 1245 ,

875 1285 1100 1335 serunt
1117 1294 1266 1351 erqo
1277 1276 1664 1353 pra-positus
1681 1278 1933 1344 domus,
1949 1283 2010 1333 et
2022 1275 2371 1352 prcesectus

876 1376 1188 1443 civitatis,
1219 1385 1280 1433 et
1319 1375 1592 1450 majores
1635 1384 1822 1444 natu,
1852 1383 1914 1433 et
1957 1374 2252 1442 nutritii,
2282 1376 2371 1432 ad

873 1476 1068 1542 lehn,
1107 1474 1386 1532 dicentes
1423 1494 1446 1531 .·
1490 1474 1680 1533 Servi
1727 1474 1830 1531 tui
1865 1492 2094 1531 sumus
2135 1490 2161 1531 .·
2198 1492 2369 1550 qua·-

875 1592 1152 1649 cumque
1163 1572 1465 1647 jusseris,
1497 1572 1812 1650 faciemus
1827 1594 1852 1641 ,·
1891 1590 2006 1629 nec
2031 1571 2369 1629 constitue-

881 1690 1024 1731 mus
1044 1672 1222 1729 nobis
1243 1689 1474 1745 reyem.
1499 1673 1928 1749 Quaecumque
1949 1670 2070 1728 tibi
2082 1672 2363 1745 placent,

876 1769 1008 1846 fac.
1042 1770 1394 1845 Rescripsit
1421 1778 1636 1829 autem
1665 1770 1757 1828 eis
1785 1771 2036 1827 litteras
2063 1770 2363 1838 secundo,

2477 1279 2653 1353 quod
2682 1280 2929 1337 locutus
2956 1289 3047 1337 est
3080 1280 3149 1338 in
3182 1299 3385 1338 manu
3415 1280 3589 1338 servi
3622 1280 3735 1337 sui
3776 1280 3965 1346 Elioe,

2480 1373 2542 1436 id
2571 1384 2693 1451 est,
2724 1376 2943 1439 omnia
2980 1396 3127 1459 quae
3166 1377 3247 1439 de
3284 1377 3713 1439 eradicatione
3747 1376 3963 1439 Achab

2476 1482 2537 1535 et
2566 1474 2793 1537 domus
2830 1494 2985 1551 suae,
3019 1495 3133 1557 per
3161 1476 3365 1538 Etiam
3398 1476 3711 1557 praedixit,
3746 1474 3965 1557 imple-

2478 1572 2571 1633 vit
2600 1571 2863 1637 effectu.

2554 1675 2881 1733 Percussit
2910 1675 3123 1751 ibitur
3140 1676 3309 1735 Jelm
3336 1694 3551 1734 omnes
3576 1676 3697 1752 qui
3723 1674 3965 1753 reliqui

2474 1782 2663 1830 erant
2698 1776 2781 1832 de
2815 1775 3001 1832 domo
3041 1774 3263 1833 Achab
3309 1775 3375 1831 in
3412 1776 3692 1842 Iezrael,
3719 1782 3781 1832 et
3818 1774 3965 1833 uni-

875 1870 1096 1927 dicens
1117 1888 1140 1926 .·
1155 1870 1238 1929 Si
1257 1870 1384 1927 mei
1398 1868 1572 1935 estis,
1590 1877 1649 1926 et
1669 1868 1938 1926 obeditis
1959 1867 2145 1936 mihi,
2165 1868 2367 1926 tollite
2403 1870 2451 1931 B
2482 1891 2685 1929 versos
2712 1874 3049 1947 optimates
3074 1874 3239 1949 ejus,
3270 1881 3331 1930 et
3357 1882 3561 1939 notos,
3588 1881 3650 1930 et
3675 1875 3965 1931 sacerdo-

874 1968 1090 2044 capita
1132 1968 1428 2044 filiorum
1471 1967 1728 2025 domini
1775 1968 1991 2036 vestri,
2037 1975 2098 2025 et
2150 1968 2363 2025 venite

874 2070 964 2126 ad
1008 2086 1106 2125 me
1152 2068 1276 2125 hac
1309 2068 1530 2125 eadem
1570 2067 1730 2125 lio-ra
1775 2085 1920 2125 cras
1968 2067 2040 2125 in
2081 2066 2357 2125 Jezrael.

874 2167 1080 2226 Porro
1096 2166 1232 2243 filii
1253 2167 1420 2241 reqis
1445 2165 1858 2240 septuaqinta
1885 2165 2023 2223 viri
2049 2166 2233 2240 apud
2260 2182 2363 2239 op-

874 2265 1128 2323 timates
1155 2265 1446 2323 civitatis
1473 2264 1956 2323 nutriebantur.
1979 2261 2069 2322 Ex
2101 2261 2223 2323 hoe
2251 2280 2363 2342 ap-

871 2370 1074 2443 paret,
1094 2361 1269 2443 quod
1293 2362 1426 2441 jam
1455 2369 1636 2423 erant
1667 2359 1874 2423 virilis
1905 2359 2110 2421 aetatis
2141 2368 2205 2421 et
2234 2358 2356 2421 sitii

869 2459 1089 2523 Achab
1117 2460 1469 2523 immediati
1504 2477 1519 2519 :
1555 2458 1680 2520 nisi
1725 2457 1936 2521 forsan
1977 2459 2227 2521 ratione
2262 2478 2359 2521 se-

870 2579 988 2621 xus
1036 2559 1156 2622 viri
1215 2559 1532 2635 dicantur,
1583 2558 1684 2621 vel
1745 2557 2046 2638 quoniam
2095 2557 2359 2640 quidam

871 2677 1092 2721 eorum
1123 2666 1302 2719 erant
1331 2656 1536 2719 aetatis
1566 2656 1808 2729 virilis;
1841 2656 2161 2738 siquidem
2197 2658 2361 2721 Jose-

873 2758 1038 2840 phus
1074 2766 1260 2820 vocat
1295 2774 1404 2820 eos
1445 2754 1746 2818 infantes·
1785 2758 2120 2836 Quumque
2153 2760 2363 2817 venis-

869 2865 1008 2916 sent
1035 2858 1266 2919 litterae
1291 2858 1382 2916 ad
1407 2876 1530 2925 eos,
1565 2859 1854 2915 tulerunt
1881 2856 2054 2932 filios
2085 2858 2267 2931 reyes,
2290 2866 2353 2915 et

869 2956 1240 3015 occiderunt
1257 2956 1666 3032 septuaqinta
1691 2956 1887 3023 viros,
1905 2972 2014 3016 eos
2044 2955 2361 3017 decollan-

2478 1979 2591 2037 tes,
2618 1972 2817 2029 donec
2846 1990 2971 2029 non
3004 1980 3408 2031 remanerent
3432 1990 3515 2029 ea·
3542 1990 3611 2029 eo
3638 1972 3959 2048 reliquia&

2473 2066 2649 2139 Quod
2680 2066 2798 2157 hiel
2814 2068 3050 2130 dicitur
3084 2068 3165 2130 de
3200 2068 3657 2144 sacerdotibus,
3691 2068 3955 2149 quidam

2473 2165 2694 2227 dicunt
2713 2166 2820 2229 hic
2840 2185 2953 2248 per
2980 2166 3503 2247 anticipationem
3526 2167 3791 2243 narrari,
3806 2168 3962 2249 quia

2472 2273 2695 2347 postea
2734 2266 3090 2328 sacerdotes
3134 2266 3279 2327 Baal
3322 2266 3579 2329 occidit.
3624 2266 3831 2329 Potest
3876 2276 3965 2329 ta-

2472 2383 2618 2425 men
2666 2364 3045 2447 simpliciter
3082 2364 3355 2444 intelligi
3397 2365 3477 2426 de
3526 2364 3959 2427 sacerdotibus

2469 2482 2807 2525 aureorum
2836 2463 3186 2525 vitulorum
3214 2461 3526 2524 ministris
3554 2462 3791 2539 Achab,
3812 2463 3961 2526 alio-

2473 2580 2743 2642 rumque
2770 2561 3107 2639 idolorum,
3141 2580 3285 2643 quae
3314 2560 3531 2623 Achab
3560 2580 3669 2623 rex
3700 2561 3905 2625 coluit
3938 2580 3954 2624 :

2470 2660 2584 2741 qui
2624 2662 2723 2739 (ut
2767 2660 2955 2722 'tertio
2999 2658 3165 2722 libro
3208 2658 3632 2741 praehabitum
3676 2660 3799 2738 est)
3829 2668 3957 2721 tam
3984 2684 4125 2787 „¹22³
4152 2699 4223 2731 m,
4273 2632 4274 2637 ἵ

4037 2770 4053 2777 -
4120 2760 4225 2794 :xxis

3984 2812 4047 2851 26.

2469 2758 2921 2821 abominabilis
2962 2758 3107 2833 fuit,
3142 2758 3313 2839 quod
3352 2757 3544 2848 etiarn
3576 2756 3959 2822 Chananaeo-

2472 2876 2611 2919 rum
2640 2857 2837 2919 coluit
2868 2858 3046 2920 deos,

2541 2959 2624 3017 Et
2638 2959 2929 3015 surrexi!
2944 2966 3005 3015 et
3029 2958 3201 3015 venit
3222 2957 3293 3015 in-
3313 2956 3703 3017 Samariam.
3722 2958 3867 3025 Quu
3875 2977 3959 3017 m-

870 3054 974 3129 do,
995 3065 1055 3113 et
1064 3063 1420 3131 posuerunt
1439 3055 1654 3130 capita
1685 3072 1905 3112 eorum
1937 3054 2008 3113 in
2035 3056 2353 3131 cophinis,
2393 3057 2439 3121 C
2468 3075 2589 3134 que
2610 3058 2877 3115 venisset
2904 3058 2995 3115 ad
3020 3075 3333 3115 cameram
3354 3057 3701 3115 Pastorum
3722 3056 3795 3115 in
3818 3058 3955 3124 via,

867 3162 928 3212 et
959 3154 1274 3213 miserunt
1311 3154 1402 3211 ad
1436 3171 1584 3211 eum
1618 3154 1685 3210 in
1713 3154 1989 3211 Jezrael.
2023 3154 2205 3211 Venit
2241 3173 2358 3211 au-

871 3260 992 3311 tem
1033 3253 1308 3312 nuntius
1349 3252 1437 3309 ad
1475 3270 1648 3321 eum,
1679 3259 1740 3309 et
1782 3250 2104 3310 indicavit
2136 3253 2221 3321 ei,
2253 3253 2351 3310 di-

865 3370 1011 3409 cens
1031 3372 1054 3409 .·
1069 3352 1450 3411 Attulerunt
1467 3350 1684 3424 capita
1700 3350 1994 3425 filiorum
2023 3352 2204 3426 reqis.
2232 3351 2358 3419 Qui

865 3451 1230 3526 respondit:
1245 3450 1480 3509 Ponite
1497 3467 1572 3507 ea
1594 3450 1682 3507 ad
1708 3450 1870 3508 duos
1888 3468 2142 3508 acervos
2145 3450 2355 3525 juxta

865 3549 1211 3608 introitum
1218 3556 1422 3623 portae
1440 3566 1635 3625 usque
1655 3566 1858 3615 mane,
1882 3544 1946 3607 id
1963 3554 2074 3621 est,
2096 3564 2173 3608 ox
2194 3555 2357 3609 utra-

863 3664 988 3727 que
1009 3654 1186 3727 parte
1206 3643 1396 3707 facite
1415 3663 1492 3707 ex
1511 3642 1828 3726 capitibus
1851 3643 1980 3706 illis
2000 3645 2347 3708 cumulum.

947 3748 1284 3823 Quumque
1301 3745 1661 3813 diluxisset,
1673 3761 1955 3819 eqressus
1973 3754 2082 3813 est,
2097 3754 2158 3803 et
2176 3756 2353 3806 stans

861 3844 1038 3903 clim‘t
1066 3846 1156 3903 ad
1182 3840 1432 3903 omnem
1461 3844 1786 3920 populum
1817 3862 1840 3901 .·
1867 3844 2041 3903 Justi
2077 3846 2251 3915 estis,
2282 3843 2349 3905 in

863 3950 1174 4023 quantum
1197 3940 1628 4004 interfectioni
1650 3940 2193 4023 horumpraebetis
2212 3961 2353 4006 con·

863 4059 1144 4118 sensum,
1177 4050 1242 4103 et
1273 4041 1430 4102 mihi
1473 4039 1724 4104 favetis
1757 4042 1838 4103 Si
1864 4060 1974 4119 eqo
2003 4044 2352 4120 conjuravi

861 4150 1086 4201 contra
1123 4140 1463 4199 dominum
1509 4160 1718 4199 meum
1759 4138 1966 4201 Joram
2019 4159 2256 4221 regem,
2289 4151 2350 4201 et

2468 3152 2547 3213 ad
2574 3173 2768 3235 quam
2786 3155 2887 3234 (ut
2918 3152 3149 3233 fertur)
3168 3161 3451 3235 pastores
3480 3162 3957 3218 consueverunt

2466 3270 2847 3314 concurrere
2873 3252 2955 3313 ad
2984 3252 3369 3315 vescendum
3398 3260 3463 3313 et
3490 3250 3953 3332 quiescendum

2466 3368 2665 3433 prope
2696 3350 2817 3413 iter
2849 3370 2863 3411 :
2894 3351 3067 3433 quod
3104 3349 3318 3413 forsan
3348 3351 3427 3413 de
3458 3349 3819 3431 pastoribus
3851 3370 3955 3413 re-

2464 3449 2563 3530 gis
2592 3458 2702 3512 aut
2730 3458 3095 3529 magnatum
3126 3450 3219 3511 sic
3250 3447 3411 3522 suit3
3446 3450 3696 3508 invenit
3714 3451 3955 3526 fratres

2466 3550 2755 3610 Ockozioe
2784 3552 2951 3626 reqis
2977 3552 3175 3610 Juda.
3211 3546 3501 3610 Secundo
3529 3545 3953 3629 Paralipome-

2465 3664 2591 3709 non
2622 3646 2911 3723 habetur,
2944 3646 3115 3729 quod
3156 3645 3404 3709 invenit
3440 3644 3765 3727 principes
3792 3645 3951 3708 Juda
3978 3665 4219 3708 urnam

2462 3754 2525 3807 et
2572 3743 2747 3807 filios
2799 3743 3067 3806 fratrum
3115 3744 3399 3807 Ochoziae
3440 3760 3455 3804 ε
3500 3760 3629 3824 quo
3678 3752 3945 3819 constat,
3976 3734 4018 3774 ⁸·

2463 3845 2632 3926 quod
2687 3843 2795 3905 isti
2843 3851 3151 3907 vocantur
3200 3842 3305 3905 hic
3356 3841 3584 3905 fratres
3634 3842 3945 3919 Ochoziae,

2460 3943 2614 4025 quia
2654 3950 2917 4025 nepotes
2960 3950 3023 4005 et
3066 3941 3523 4023 consanguinei
3562 3940 3703 4021 ejus
3743 3950 3945 4004 erant.

2460 4044 2776 4122 Dixitque
2814 4046 2905 4103 ad
2938 4062 3039 4101 eos
3068 4062 3093 4100 .·
3126 4042 3411 4109 Quinam
3449 4042 3597 4099 estis
3638 4042 3783 4099 vos?
3823 4041 3951 4109 Qui

2458 4144 2925 4219 responderunt
2952 4141 3108 4203 Jehu
3146 4139 3277 4220 regi
3312 4157 3329 4201 ἱ
3368 4142 3627 4200 Fratres
3659 4139 3949 4200 Ockozioe

861 4238 1164 4315 interfeci
1189 4258 1361 4308 eum,
1393 4240 1542 4317 quis
1575 4241 1892 4314 percussit
1930 4259 2144 4298 omnes
2188 4243 2297 4300 Itos
2319 4242 2351 4299 ,ἲ
2383 4243 2430 4303 D
2458 4243 2625 4317 reqis
2660 4261 2909 4308 sumus,
2947 4250 3007 4300 et
3041 4240 3487 4299 descendimus
3528 4240 3618 4299 ad
3654 4241 3951 4298 salutan-

861 4335 982 4397 boc
1011 4344 1128 4411 est,
1163 4334 1218 4396 si
1248 4353 1365 4415 ego
1397 4334 1724 4416 tyrannice
1755 4344 1818 4397 et
1850 4335 2091 4416 injuste
2133 4354 2345 4415 regem

859 4434 1088 4509 occidi,
1119 4433 1268 4515 quis
1297 4433 1452 4497 istos
1483 4434 1624 4514 ejus
1657 4432 1832 4497 filios
1875 4434 2243 4497 interfecit?
2272 4454 2347 4497 ac

857 4532 912 4593 si
960 4533 1129 4595 dicat
1171 4550 1187 4595 ε
1227 4532 1316 4595 Ex
1355 4551 1430 4595 eo
1471 4532 1612 4615 ipso
1648 4532 1820 4615 quod
1861 4533 2201 4614 optimates
2240 4534 2348 4597 Sa-

857 4629 1074 4692 mariae
1117 4630 1488 4693 oeciderunt
1537 4629 1712 4693 filios
1764 4630 1930 4709 regis
1977 4650 2049 4694 ac
2099 4631 2345 4695 domini

853 4726 954 4789 sui
989 4727 1216 4791 timore
1245 4728 1394 4805 mei,
1419 4738 1687 4806 constat,
1709 4729 1876 4811 quod
1909 4747 2026 4812 ego
2059 4749 2188 4793 non
2220 4730 2345 4792 nisi

856 4825 1073 4890 divina
1103 4827 1360 4903 virtute,
1386 4828 1781 4904 auctoritate,
1805 4836 1868 4890 et
1895 4829 2346 4893 commissione

856 4924 1061 4987 occidi
1102 4925 1434 4989 dominum
1477 4945 1690 4989 meum
1727 4944 1740 4987 :
1777 4926 1920 4989 ideo
1959 4926 2340 4991 Samaritani

857 5042 984 5087 non
1007 5024 1326 5087 audebant
1346 5025 1638 5087 resistere
1659 5024 1842 5101 mihi,
1855 5026 2159 5107 quoniam
2178 5029 2343 5091 Deus

855 5123 1048 5185 corda
1075 5140 1294 5185 eorum
1325 5123 1668 5206 perterruit
1698 5123 1934 5187 intuitu
1957 5124 2105 5187 mei.
2129 5125 2346 5208 ltaque

565 5234 630 5343 ¹121
645 5238 825 5345 ξφα,
853 5220 1010 5283 Jehu
1042 5239 1167 5284 non
1199 5221 1456 5302 negavit
1485 5242 1554 5285 se
1579 5223 1950 5303 conjurasse
1979 5232 2203 5286 contra
2232 5224 2343 5286 do—

855 5318 1102 5381 minum
1151 5339 1360 5399 suum,
1407 5321 1846 5405 occidissequc
1895 5322 2102 5399 illum,
2143 5342 2345 5404 quum

2454 4343 2567 4399 dos
2594 4341 2767 4417 filios
2794 4341 2963 4416 reqis
2992 4348 3053 4398 et
3080 4341 3253 4416 filios
3280 4340 3545 4414 reqinoe.
3570 4336 3947 4418 Ignorabant

2456 4438 2627 4499 enim
2658 4438 2873 4520 ipsum
2901 4437 3233 4500 Ochoziam
3264 4437 3393 4517 jam
3427 4456 3567 4499 esse
3596 4455 3634 4498 a
3654 4434 3813 4497 Jehu
3844 4454 3951 4498 oc-

2454 4536 2681 4598 cisum.
2718 4537 2846 4606 Qui
2871 4537 2969 4597 ait
3000 4557 3023 4597 .·
3056 4537 3587 4615 Comprehendite
3610 4554 3711 4594 eos
3744 4536 3943 4595 υἰυοε.

2458 4639 2623 4705 Quos
2646 4656 2850 4715 quum
2880 4636 3503 4712 comprehendissent
3539 4634 3949 4710 viv08,ju9u-

2458 4738 2761 4794 laverunt
2798 4754 2897 4793 eos
2936 4736 3009 4793 in
3048 4735 3325 4793 cisterna
3354 4733 3563 4809 juoeta
3597 4752 3947 4800 cameram,

2454 4833 2896 4912 quadraqinta
2922 4834 3085 4891 duos
3117 4833 3309 4900 viros,
3326 4840 3387 4889 et
3410 4848 3534 4891 non
3572 4830 3839 4908 reliquit
3866 4850 3949 4887 ea>

2453 4932 2545 4991 cis
2582 4948 2971 5009 quemquam
3005 4947 3029 4989 .·
3059 4926 3359 5010 quoniam
3412 4934 3594 4990 erant
3641 4946 3719 4989 ex
3769 4935 3945 5007 parte

2454 5027 2675 5089 matris
2704 5027 2783 5089 de
2812 5026 3053 5089 semine
3071 5026 3309 5101 Achab,
3330 5026 3494 5088 sicut
3522 5034 3585 5087 et
3604 5024 3937 5088 ochozias,

2540 5128 2876 5205 Quumque
2916 5128 3245 5185 transisset
3292 5126 3467 5195 inde,
3500 5126 3754 5184 invenit
3782 5122 3942 5185 Jehu

2456 5244 2564 5287 rex
2606 5224 2816 5307 ipsum
2854 5226 3149 5285 Jonadab
3186 5226 3405 5301 fitium
3440 5224 3695 5284 Rechab
3737 5223 3807 5281 in
3844 5241 3941 5281 oc-

2454 5344 2717 5386 cursum
2744 5324 2892 5384 sibi.
2916 5325 3000 5385 Ec
3026 5324 3351 5383 benedixit
3378 5324 3468 5392 ei,
3482 5320 3602 5383 hoe
3632 5329 3749 5397 est,
3772 5320 3937 5383 bona.
