4309 6259
560 4250 623 4355 1ΙΕΙὶΙ
635 4252 742 4306 Περ.
753 4264 822 4300 xv,

845 490 964 553 218

1233 508 1580 557 ENARRATIO
1623 510 1683 554 IN
1726 510 1863 555 CAP.
1909 511 2012 556 xlv
2057 510 2214 555 LIBRI
2256 510 2509 557 securim
2547 509 3077 556 PARALIPOMENON.
3122 530 3204 539 —
3248 512 3390 559 ΛΒΤ.
3435 515 3539 560 xlv

843 682 1152 745 conflictu
1183 681 1604 746 tentationum
1637 681 1702 743 in
1745 699 1820 745 eo
1849 680 2200 757 confidere,
2237 679 2330 763 ip-
2356 682 2405 744 A
2437 682 2730 760 ercitum,
2782 683 3081 765 princeps
3126 683 3515 765 quicumque
3560 684 3919 759 haereticus,

842 801 1112 863 sumque
1152 782 1586 845 indesinenter
1623 800 1696 842 ac
1741 779 1986 843 fervide
2032 780 2329 844 invocare

839 880 1164 943 debemus,
1185 882 1348 943 Deus
1378 880 1636 956 etenim,
1656 881 2028 943 devotorum
2061 880 2129 941 in
2160 898 2331 941 exer-

837 980 969 1042 citu
997 988 1059 1042 et
1089 979 1154 1041 in
1188 980 1362 1042 omni
1385 978 1872 1060 congregatione
1895 979 2178 1041 virtuosa
2206 978 2328 1040 sibi

840 1077 1041 1153 fideli,
1077 1080 1206 1141 dux
1243 1086 1359 1140 est.
1395 1078 1572 1152 Quod
1615 1078 1670 1139 si
1701 1098 1738 1139 a
1768 1078 1892 1140 Deo
1936 1077 2229 1158 adjuvari
2258 1096 2331 1139 ac

840 1176 1185 1257 praevalerc
1233 1184 1548 1257 optamuS,
1576 1177 1941 1238 studeamus
1985 1176 2044 1238 ei
2084 1176 2148 1237 in
2200 1194 2333 1238 om—

843 1273 1033 1335 nibus
1059 1274 1340 1351 obedire,
1375 1272 1695 1337 sacrificia
1724 1273 2083 1356 spiritualia
2111 1275 2332 1337 immo-

845 1373 996 1448 lare,
1033 1373 1332 1435 ecclesias
1371 1381 1434 1435 et
1481 1372 1620 1454 ejus
1671 1373 1997 1435 ministros
2045 1393 2117 1436 ac
2155 1392 2334 1436 sacra

846 1472 1051 1533 divini
1081 1471 1422 1534 ministerii
1456 1471 1882 1534 instrumenta
1908 1471 2120 1534 debite
2151 1492 2333 1535 vene-

846 1570 995 1631 rari.
1028 1570 1093 1631 In
1137 1569 1555 1632 exterioribus
1575 1570 1774 1632 etiam
1809 1569 1994 1633 bellis
2025 1570 2093 1632 in
2133 1571 2335 1633 Domi-

847 1688 930 1731 no
959 1678 1056 1732 est
1080 1671 1485 1751 sperandum,
1519 1678 1582 1731 ct
1613 1669 1750 1750 ejus
1781 1678 1876 1731 est
1906 1670 2331 1733 invocandum

844 1769 1189 1842 auxilium3
1241 1776 1431 1849 atque
1476 1787 1588 1849 per
1630 1787 1822 1850 opera
1867 1769 2055 1846 bona,
2109 1779 2171 1831 et
2220 1790 2334 1851 per

2438 779 2890 857 schismaticus
2908 782 3302 860 SarracenuS,
3319 791 3425 845 aut
3444 782 3623 845 aliter
3644 782 3924 865 perfidus

2438 887 2502 941 et
2539 879 2820 961 iniquuS,
2855 880 3122 962 ejusque
3171 882 3443 964 populus
3490 882 3780 957 vit-iosuS‚
3811 881 3922 962 qui

2442 978 2819 1060 impugnant
2866 980 3235 1043 Ecclesiam.
3286 979 3523 1054 Quibus
3576 980 3925 1043 catholicus

2440 1078 2738 1160 princeps
2762 1080 3123 1160 respondet,
3148 1098 3228 1141 an
3261 1078 3551 1159 ignorent
3572 1080 3744 1160 quod
3765 1080 3925 1141 Deus

2440 1178 2621 1240 Pater
2656 1178 3063 1260 omnipotens
3108 1178 3381 1241 contulit
3420 1178 3611 1241 David
3660 1186 3723 1240 et
3768 1177 3923 1239 filiis

2442 1276 2579 1355 ejus
2609 1294 2897 1355 regnum,
2931 1276 3051 1340 hoc
3082 1285 3179 1340 est
3206 1277 3457 1340 Christo
3498 1285 3561 1339 et
3592 1276 3732 1358 ejus
3760 1276 3926 1340 vica·

2443 1375 2555 1436 riis
2602 1395 2673 1437 ac
2722 1375 3054 1451 ministriS,
3106 1376 3461 1438 dominium
3518 1377 3921 1458 populorum,

2442 1474 2607 1537 sicut
2635 1474 3002 1556 praedictum
3028 1484 3123 1537 est
3158 1493 3171 1536 :
3204 1474 3435 1538 Omnes
3456 1474 3701 1557 populi,
3721 1473 3923 1536 tribus
3949 1493 4219 1538 ommis.

2441 1582 2504 1636 et
2535 1573 2769 1653 linguae
2806 1574 3085 1638 servient
3113 1573 3194 1637 ei.
3228 1574 3509 1655 Itemque
3536 1590 3549 1634 :
3575 1572 3927 1636 Dominabi-
3952 1591 4219 1641 eamme.

2445 1681 2546 1734 tur
2574 1692 2611 1734 a
2639 1672 2799 1733 mari
2830 1692 3031 1753 usque
3060 1673 3136 1735 ad
3168 1691 3362 1749 mare,
3387 1682 3447 1736 et
3478 1692 3513 1735 a
3543 1672 3809 1734 flumine
3828 1692 3926 1733 us-

2442 1790 2566 1851 que
2596 1771 2674 1832 ad
2698 1770 3001 1833 terminos
3023 1771 3194 1834 orbis
3216 1779 3548 1833 terrarum.
3574 1771 3716 1834 Ideo
3746 1769 3926 1851 impii

845 1868 1144 1949 praeviam
1173 1865 1640 1930 confessionem
1671 1868 1983 1930 sinceram
2013 1888 2237 1950 parare
2266 1890 2333 1932 se
2370 1867 2416 1928 B
2446 1869 2537 1930 illi
2574 1868 2847 1931 inaniter
2876 1870 3207 1932 enituntur
3235 1869 3579 1932 Ecclesiam
3610 1868 3922 1944 demoliri,

844 1966 1080 2029 debent
1108 1968 1183 2029 ad
1214 1966 1434 2048 praelia
1464 1968 1887 2045 congressuri.

923 2065 1228 2129 Praeterea
1270 2065 1336 2127 in
1377 2066 1492 2128 hac
1544 2065 1810 2127 historia
1859 2085 1972 2147 per
2001 2065 2222 2128 Abiam
2270 2075 2334 2128 et

845 2164 984 2244 ejus
1017 2164 1383 2241 exercitum,
1410 2163 1684 2245 intelligi
1707 2173 1915 2246 potest
1944 2165 2332 2245 quicumque

846 2263 1146 2345 princeps
1189 2272 1296 2325 aut
1325 2283 1432 2326 rex
1468 2262 1856 2326 christianus
1888 2271 1950 2326 et
1993 2264 2133 2344 ejus
2162 2283 2333 2327 excr-

845 2361 1010 2425 citus
1036 2362 1268 2445 justus,
1300 2362 1414 2425 Pcr
1440 2362 1770 2426 Jeroboam
1793 2380 1942 2426 vcro
1973 2370 2032 2424 et
2066 2362 2204 2443 ejus
2234 2382 2333 2425 ex-

2442 1968 2595 2049 quia
2646 1968 2712 2029 in
2762 1967 2899 2030 sola
2944 1968 3176 2030 Christi
3226 1968 3507 2031 Ecclesia
3554 1986 3739 2031 verus
3768 1967 3929 2029 Deus

2444 2066 2755 2129 veraciter
2785 2066 3038 2143 colitur,
3071 2075 3134 2129 et
3172 2067 3231 2129 ei
3264 2067 3327 2128 in
3368 2086 3442 2129 ea
3473 2066 3813 2129 salubriter
3838 2084 3930 2127 sa-

2440 2164 2795 2241 crificatur,
2846 2166 3203 2228 sacerdotes
3252 2165 3535 2245 legitime
3590 2164 3931 2226 instituun-

2443 2273 2568 2326 tur.
2603 2264 2669 2325 In
2702 2264 2927 2325 ceteris
2958 2273 3165 2325 autem
3196 2264 3411 2327 omnia
3442 2271 3593 2325 sunt
3620 2282 3927 2345 perversa,

2447 2362 2909 2445 superstitiosa,
2945 2362 3271 2443 sacrilega.

1936 2794 2581 2879 ARTICULUS
2657 2796 2853 2878 XIV

1071 3070 1383 3115 Exposrrlo
1428 3069 1703 3115 CAPITULI
1747 3069 2178 3124 QUARTlnEcffll
2224 3068 2238 3112 2
2286 3068 2577 3113 Doluuvl'r
2620 3069 2823 3114 AUTEM
2868 3069 3012 3113 ABIA
3058 3069 3177 3115 CUM
3219 3069 3511 3115 paramus
3554 3071 3707 3116 suls,

973 3345 1082 3409 ΟΝ
1095 3344 1608 3419 SEQUENTER
1663 3347 1729 3408 in
1780 3347 1983 3409 tribus
2033 3345 2335 3429 capitulis
2368 3344 2411 3407 C
2443 3344 2680 3425 quibus
2710 3353 2857 3408 ante
2887 3345 3073 3408 idolis
3118 3344 3617 3409 sacrificabatur.
3651 3348 3933 3430 Reliquit

992 3444 1198 3523 agitur
1227 3446 1305 3506 de
1336 3462 1552 3523 regne,
1572 3446 1916 3509 virtutihus
1948 3443 2337 3524 etmagnifi-

849 3542 1079 3606 centiis
1113 3543 1235 3604 Asa
1267 3544 1454 3624 regiS,
1489 3552 1552 3605 et
1585 3544 1662 3607 de
1698 3543 2022 3625 aliquibus
2052 3544 2192 3625 ejus
2229 3543 2337 3605 de-

853 3641 1146 3704 fectibuS.
1171 3643 1498 3702 Dormit-it
1529 3653 1739 3703 autem
1767 3646 1934 3703 Abia
1958 3664 2104 3703 cum
2133 3643 2337 3719 patri-

849 3744 962 3801 bus
1009 3744 1167 3812 suis,
1213 3752 1272 3801 et
1323 3742 1710 3817 sepelierunt
1756 3762 1904 3801 eum
1953 3744 2022 3801 in
2074 3744 2337 3801 civitate

850 3842 1088 3900 David.
1135 3842 1582 3919 Reqnavitque
1622 3842 1756 3901 Asa
1804 3842 1986 3915 filius
2031 3841 2173 3917 ejus
2212 3860 2336 3917 pro

848 3958 916 3998 eo
947 3959 968 3997 .·
1001 3940 1073 3999 in
1104 3940 1292 4016 cujus
1321 3940 1543 3999 diebus
1587 3940 1902 4019 requievit
1942 3948 2114 3999 terra
2142 3940 2338 3999 annis

850 4040 1084 4107 dec-em,
1108 4036 1171 4098 id
1205 4045 1320 4110 est,
1358 4037 1632 4119 populus
1677 4038 1855 4117 regni
1883 4037 2006 4098 Asa
2050 4055 2177 4099 non
2225 4037 2336 4099 ha-

854 4135 992 4197 buit
1041 4134 1347 4197 notabilia
1391 4134 1584 4198 bella.
1636 4134 1869 4197 Contra
1909 4136 2079 4216 quod
2141 4134 2336 4216 objici

855 4240 1062 4313 potest
1095 4232 1251 4294 illud
1284 4232 1446 4294 tertii
1483 4232 1718 4311 Regum
1754 4251 1767 4293 τ
1801 4233 2041 4295 Bellum
2073 4241 2209 4295 erat
2239 4234 2337 4294 in-

855 4338 950 4392 ter
971 4332 1093 4391 Asa
1113 4338 1174 4392 ct
1192 4331 1384 4391 Baasa
1403 4348 1614 4409 regem
1638 4330 1828 4393 lsrael⁴
1847 4331 2092 4395 cunctis
2113 4332 2340 4394 diebus

854 4448 1096 4491 eorum.
1130 4428 1223 4490 Ad
1266 4429 1435 4508 quod
1476 4428 1707 4510 poterit
1745 4430 2136 4512 responderi,
2169 4430 2340 4511 quod

2448 3452 2657 3506 tamen
2716 3445 2993 3520 excelsa,
3044 3445 3111 3506 in
3170 3444 3403 3526 quibus
3451 3446 3728 3527 populus
3775 3466 3930 3510 suus

2445 3541 2679 3604 obtulit
2717 3543 2843 3605 Deo
2880 3542 3201 3606 sacrificia
3231 3544 3543 3624 quaedam,
3578 3546 3927 3625 praesertim

2447 3650 2799 3723 spontanea
2840 3660 2950 3704 seu
2990 3642 3223 3705 votiva.
3256 3642 3413 3705 Hinc
3463 3642 3647 3705 tertio
3690 3643 3927 3721 Regum

2446 3739 2649 3802 fertur
2683 3757 2697 3803 :
2732 3740 2993 3802 Excelsa
3018 3748 3227 3802 autem
3254 3759 3379 3804 non
3410 3740 3693 3803 abstulit.
3714 3742 3925 3824 Aliqui
3958 3764 4147 3818 inm-9.
4168 3778 4233 3806 n.

2446 3856 2596 3900 vero
2628 3836 2981 3914 affirmant,
3017 3838 3190 3919 quod
3226 3857 3350 3901 non
3393 3838 3655 3902 abstulit
3680 3840 3929 3903 excelsa
3959 3829 4029 3868 ¹⁴·

2445 3956 2555 3998 seu
2598 3935 2770 4013 fana,
2805 3956 2946 4017 quae
2976 3936 3271 4000 Salomon
3312 3936 3465 4000 fecit
3496 3938 3621 4000 diis
3660 3958 3927 4001 uxorum

2448 4046 2705 4096 suarum
2754 4034 2818 4095 in
2860 4042 3075 4097 monte
3102 4034 3445 4111 olivarum,
3482 4044 3553 4097 ut
3592 4037 3777 4099 tertio
3816 4038 3933 4100 Re·
3978 4054 4239 4099 mans.

2449 4152 2599 4214 gum
2653 4132 2817 4195 libro
2867 4132 3122 4212 legit-ur.
3162 4136 3249 4194 Et
3298 4135 3614 4212 consreyz’t
3660 4144 3932 4205 statua-3,

2452 4236 2743 4311 lucosque
2784 4233 3079 4291 succidit.
3126 4234 3209 4292 Et
3249 4235 3555 4308 proecepit
3600 4236 3813 4302 Judoe,
3860 4244 3935 4293 ut

2448 4340 2757 4410 quaereret
2773 4333 2930 4390 Dom
2942 4332 3126 4389 inum
3144 4332 3351 4389 Deum
3364 4340 3633 4407 patrum
3650 4352 3934 4399 suorum,

2448 4440 2507 4489 et
2535 4431 2775 4507 faceret
2804 4433 3003 4505 leyem
3042 4439 3100 4488 et
3138 4431 3439 4489 universa
3482 4432 3813 4490 mandata.
3850 4433 3934 4491 Ec

845 4526 1168 4609 'scriptura
1197 4526 1330 4588 haec
1371 4526 1652 4607 loquitur
1691 4528 1770 4590 de
1815 4529 2031 4609 quiete
2076 4548 2112 4589 a
2152 4528 2341 4590 hellis
2375 4535 2422 4596 D
2451 4531 2717 4589 abstulit
2758 4532 2838 4588 de
2875 4529 3123 4588 cunctis
3168 4530 3431 4589 urbibus
3457 4531 3657 4598 Juda,
3686 4549 3839 4589 aras
3874 4539 3935 4589 et

851 4626 1138 4707 gentium
1170 4625 1545 4701 alienarum,
1585 4626 1672 4688 ita
1701 4628 1872 4707 quod
1900 4627 2023 4689 Asa
2066 4646 2194 4690 non
2224 4627 2342 4688 im-

852 4724 1256 4806 pugnabatur
1288 4725 1367 4786 ab
1400 4723 1527 4785 illis
1554 4748 1568 4799 ς
1600 4724 1700 4787 vel
1730 4726 1902 4806 quod
1934 4726 1998 4787 in
2022 4724 2339 4808 principio

853 4822 1106 4905 imperii
1140 4823 1238 4884 sui
1279 4840 1407 4884 non
1452 4823 1756 4885 sustinuit
1803 4843 1978 4887 acres
2021 4842 2263 4904 pugnas
2304 4844 2341 4886 a

651 4934 669 4955 ⁶
697 4934 798 4989 quia
855 4922 1064 4997 Baasa,
1090 4920 1240 5002 qui*
1273 4928 1424 4983 tunc
1456 4921 1776 5003 potentior
1805 4929 1958 4984 crat.
1987 4925 2163 4983 Fecit
2194 4943 2339 4999 erqo

851 5023 986 5080 Asa
1016 5022 1188 5098 quod
1219 5022 1454 5080 bonum
1483 5030 1542 5080 et
1565 5022 1887 5097 placitum
1918 5030 2056 5080 erat
2091 5022 2165 5080 in
2196 5042 2340 5081 con-

851 5128 1066 5194 spectu
1094 5120 1216 5179 Dei
1253 5120 1384 5187 sui,
1427 5128 1486 5178 et
1527 5120 1838 5179 subvertit
1881 5121 2126 5179 altaria
2166 5140 2343 5195 pere-

843 5218 1034 5292 yrini
1063 5221 1295 5288 culam,
1334 5216 1455 5278 hoc
1500 5224 1596 5278 est
1635 5216 2028 5293 idololatriae,
2061 5235 2203 5298 quae
2246 5225 2342 5279 est

837 5313 1063 5377 aliena
1102 5334 1139 5377 a
1179 5314 1314 5381 veri
1353 5313 1476 5378 Dei·
1508 5314 1841 5399 obsequio,
1875 5325 1934 5376 et
1969 5320 2238 5388 eoeoelsa,
2274 5315 2338 5377 in

2450 4631 2639 4708 sana,
2670 4638 2729 4687 et
2762 4629 3057 4703 reynavit
3091 4629 3161 4687 in
3186 4646 3362 4703 pace.

2530 4728 2917 4803 AEdifi'cavit
2936 4746 3184 4804 quoque
3204 4727 3388 4785 urbes
3406 4727 3695 4787 munitas
3722 4729 3793 4786 in
3820 4728 3935 4786 Ju-

2432 4828 2563 4893 .da,
2610 4825 2767 4903 quia
2809 4825 3065 4902 quietus
3101 4833 3263 4894 erat,
3303 4834 3363 4884 et
3404 4826 3591 4884 nulla
3639 4824 3935 4900 tempori-

2452 4924 2565 4982 bus
2594 4923 2735 4999 ejus
2762 4924 2923 4981 bella
2954 4932 3396 4993 surrexerant,
3417 4941 3643 4998 pacem
3662 4924 3937 4983 Domino

2454 5024 2788 5097 laryiente.
2814 5020 2963 5080 Erat
2988 5018 3160 5080 enim
3192 5038 3226 5079 a
3258 5018 3443 5081 bellis
3464 5017 3937 5099 quiescenS,pa-

2451 5116 2677 5180 cificus
2727 5135 3007 5198 quoque,
3054 5124 3117 5177 et
3156 5136 3193 5179 a
3232 5116 3532 5179 vitiorum
3578 5135 3653 5179 ac
3701 5116 3937 5198 passio-

2452 5235 2603 5277 num
2638 5214 3082 5296 inquietudine
3114 5212 3239 5275 fuit
3266 5213 3534 5290 alienuS,
3574 5234 3771 5295 quum
3816 5224 3935 5277 ter-

2454 5315 2540 5378 tio
2570 5314 2807 5397 Regum
2832 5312 3141 5395 scriptum
3162 5312 3417 5375 sitzCor
3444 5311 3567 5375 Asa
3580 5312 3931 5395 per-rectum
3960 5320 4257 5365 mdes-¹⁴-
