4309 6259
1223 516 1571 563 mannam-10
1615 518 1676 563 m
1719 516 1854 562 car.
1901 516 1966 562 lx
2005 517 2130 563 son.
2180 537 2257 547 —
2297 519 2441 565 ,ui-r.
2487 520 2641 567 xxm
3374 509 3495 572 435

390 684 692 749 homines
739 686 966 763 malos,
1000 704 1164 769 quos
1211 686 1474 767 instigat
1520 689 1599 750 ad
1646 688 1788 765 hoc,
1824 696 1896 750 ut
1924 686 1976 749 A
2005 687 2169 751 hanc
2201 690 2420 755 vitam,
2454 690 2629 765 Quod
2660 692 2810 774 quia
2840 712 2967 756 non
3000 712 3161 771 reor,
3196 694 3276 761 ab
3307 714 3497 777 expo-

389 782 786 860 adulatione,
820 784 1340 862 comminatione,
1361 785 1568 862 doniS‚
1591 786 1754 849 dolis
1785 794 1894 848 aut

389 880 540 943 aliis
579 883 787 946 modis
825 883 1116 963 judicum
1159 892 1404 947 mentes
1455 894 1887 968 corrumpant.

231 989 354 1038 τηε,
390 979 656 1043 Talibus
684 981 1011 1063 judicibus
1031 982 1267 1045 dicitur
1293 982 1358 1044 in
1391 982 1716 1065 Sapientia
1742 985 1893 1047 :Au-

385 1078 524 1141 dite
544 1086 608 1141 et
627 1080 878 1157 discite,
897 1079 1144 1162 judices
1178 1089 1395 1144 terrai:
1421 1083 1724 1163 quoniam
1746 1083 1892 1145 data

385 1186 487 1240 est
523 1178 712 1241 vobis
747 1197 785 1240 a
812 1179 940 1242 Deo
977 1187 1280 1261 potestaS,
1316 1180 1429 1262 qui
1474 1180 1891 1261 interrogabit

383 1294 588 1358 opera
631 1286 864 1355 vestra,
898 1286 962 1341 et
998 1279 1416 1361 cogitationes
1446 1286 1686 1344 vestras
1719 1300 1890 1343 scru-

387 1374 675 1452 tabitur3
719 1377 1024 1458 quoniam
1076 1397 1276 1460 quum
1326 1378 1550 1441 essetis
1607 1379 1885 1441 ministri

382 1473 572 1553 regni
603 1474 802 1552 illius,
825 1494 954 1538 non
986 1484 1156 1539 recte
1183 1476 1539 1557 judicastiS,
1561 1496 1769 1558 neque
1789 1497 1889 1540 cu-

381 1572 676 1635 stodistis
715 1573 922 1655 legem
956 1573 1244 1655 justitias,
1280 1594 1489 1656 neque
1532 1576 1884 1638 secundum

379 1670 784 1735 voluntatem
839 1672 948 1734 Dei
1001 1672 1400 1735 ambulastis,
1451 1674 1773 1737 Horrende
1822 1682 1886 1736 et

377 1769 514 1832 cito
565 1770 904 1853 apparebit
953 1771 1159 1848 vobiS,
1210 1772 1516 1853 quoniam
1565 1772 1882 1853 judicium

2004 787 2235 851 sitione
2269 788 2472 871 ipsius
2509 790 2575 851 in
2608 792 2827 854 multis
2861 792 3183 855 declinare
3222 794 3494 876 compel-

2003 886 2126 962 lor,
2191 907 2555 969 quanquam
2614 890 2817 952 multa
2875 890 3253 954 scholastica
3308 892 3493 957 valde

2003 984 2186 1046 utilia
2216 986 2452 1049 scribat
2490 988 2570 1049 ad
2610 990 3122 1070 prosequendum
3168 1010 3353 1052 suum
3396 990 3493 1052 in-

2002 1088 2269 1161 tentum,
2323 1086 2622 1149 videlicet
2670 1087 2749 1149 ad
2798 1087 3274 1166 declarandum,
3319 1090 3488 1170 quod

2002 1179 2163 1245 liber
2194 1182 2312 1246 iste
2356 1184 2447 1246 sic
2479 1184 2841 1248 litteraliter
2881 1186 3085 1268 possit
3129 1186 3383 1269 exponi,
3421 1195 3491 1249 ut

1997 1280 2188 1343 amici
2204 1280 2321 1345 Job
2344 1281 2638 1346 dicantur
2662 1302 2789 1346 non
2814 1285 3103 1367 posuisse
3126 1285 3323 1347 vitam
3345 1294 3491 1368 post

1997 1378 2163 1442 hanc
2192 1380 2410 1445 vitam,
2443 1381 2592 1444 Mihi
2624 1391 2838 1445 tamen
2870 1391 3155 1465 apparet,
3182 1384 3352 1465 quod
3384 1403 3489 1447 ve-

1997 1480 2129 1541 rius
2160 1480 2525 1562 certiusque
2543 1482 2850 1545 elucidari
2870 1491 3061 1563 queat
3089 1484 3168 1545 ad
3189 1482 3481 1559 litteram,

1995 1578 2142 1640 dato
2185 1580 2356 1659 quod
2399 1588 2751 1661 posuerunt
2794 1580 2991 1643 vitam
3035 1579 3338 1658 futuram,
3374 1602 3487 1645 seu

1994 1676 2273 1739 animam
2332 1677 2706 1741 rationalem
2766 1678 3115 1742 consistere
3165 1679 3487 1742 immorta—

1994 1774 2142 1837 lem.
2187 1776 2399 1853 Porro,
2435 1775 2595 1858 Lyra
2636 1777 2699 1838 in
2742 1777 3143 1859 expositione
3180 1777 3330 1840 libri
3369 1779 3485 1840 hu-

375 1869 806 1933 durissimum
843 1870 909 1931 in
948 1870 1049 1933 his
1099 1871 1211 1954 qui
1263 1879 1545 1953 praesunt
1591 1870 1729 1934 fiet,
1771 1873 1883 1934 Po·
1917 1874 1965 1935 B
1990 1873 2095 1953 jus
2127 1873 2193 1935 in
2229 1882 2473 1935 tantum
2495 1875 2786 1956 sequitur
2807 1875 3224 1952 Thomam,ut
3244 1877 3486 1959 exposi-

377 1978 646 2047 stremo,
685 1970 785 2031 his
825 1969 1041 2034 verbis
1081 1979 1337 2032 sanctus
1374 1969 1491 2032 Job
1527 1990 1674 2034 suos
1707 1979 1883 2034 notat

373 2068 648 2143 amicoS,
685 2069 856 2149 quod
898 2088 1099 2150 quum
1137 2069 1384 2150 judices
1425 2078 1639 2132 essent
1676 2069 1882 2133 homi-

375 2186 540 2229 num
573 2166 700 2229 sibi
729 2167 1191 2249 subjectorum,
1226 2168 1556 2233 veritatem
1599 2176 1808 2231 tamen
1844 2189 1882 2232 a

371 2284 448 2328 se
487 2266 806 2347 prolatam
845 2274 1036 2348 atque
1077 2266 1428 2348 probatam,
1464 2267 1749 2330 daemone
1779 2286 1881 2330 co-

370 2372 711 2446 operante,
737 2383 866 2427 non
897 2374 1336 2448 susceperunt,
1363 2367 1469 2429 sed
1504 2366 1880 2449 reprobave-

371 2470 555 2539 runt,
591 2462 660 2525 in
691 2464 826 2526 suis
857 2463 1181 2527 erroribus
1215 2464 1593 2546 pertinaces,

462 2566 651 2631 Quod
675 2564 735 2623 si
765 2565 880 2623 ille
907 2584 1037 2625 mm
1067 2573 1177 2639 esc,
1212 2566 1358 2643 quis
1393 2585 1539 2641 erqo
1577 2576 1667 2626 est
1689 2568 1719 2625 ?
1749 2565 1876 2629 Hoc

365 2661 728 2744 dupliciter
773 2662 941 2725 valet
980 2661 1275 2741 intelligi,
1311 2663 1662 2725 secundum
1703 2667 1875 2746 quod

362 2760 576 2824 dictio
608 2761 767 2837 haec,
787 2760 920 2837 llle,
939 2760 1262 2843 duplicem
1295 2768 1504 2843 potest
1531 2761 1739 2826 facere
1772 2764 1877 2827 de—

358 2856 898 2920 monstrationem
920 2876 1032 2919 seu
1053 2857 1434 2920 relationem,
1445 2858 1509 2921 Si
1530 2859 1697 2922 enim
1722 2860 1821 2923 ref
1821 2880 1876 2923 e-

365 2964 555 3019 ratur
573 2957 653 3019 ad
677 2956 1148 3038 impium,cujus
1169 2958 1386 3019 manui
1409 2958 1555 3020 data
1573 2966 1669 3021 est
1692 2967 1870 3037 terra,

1997 1971 2082 2034 tio
2102 1972 2242 2053 ejus
2264 1972 2555 2036 videatur
2574 1974 2755 2055 quasi
2778 1974 3093 2056 quoddam
3114 1983 3481 2057 excerptum

1991 2089 2067 2133 ex
2097 2070 2357 2133 Thoma.

2069 2167 2546 2249 consequenter
2586 2168 2788 2248 tangit
2827 2189 3080 2233 causam
3139 2171 3479 2251 quamdam

1990 2267 2162 2329 taedii
2210 2267 2402 2348 hujus
2447 2268 2617 2345 vitae,
2650 2268 2921 2349 ejusque
2972 2268 3371 2347 labilitatem,
3417 2279 3481 2333 et

1988 2366 2159 2447 quod
2192 2366 2257 2428 in
2288 2384 2364 2429 ea
2391 2384 2519 2428 non
2540 2367 2846 2429 consistat
2868 2365 3163 2431 felicitas,
3182 2370 3332 2429 Dies
3352 2371 3481 2430 mei

1989 2466 2323 2524 velociores
2352 2467 2625 2544 fuerunt
2651 2486 2931 2535 cursore,
2960 2465 3025 2527 id
3064 2473 3180 2542 est,
3205 2466 3477 2529 celerius

1988 2562 2450 2645 praeterierunt,
2484 2581 2679 2644 quam
2724 2582 2942 2626 cursor
2982 2564 3183 2645 possit
3223 2584 3479 2647 percur-

1987 2680 2145 2723 rere.
2182 2661 2325 2724 Dies
2357 2679 2633 2743 namque
2660 2662 2798 2724 sine
2822 2661 3313 2743 interpolatione
3342 2683 3479 2746 per-

1987 2767 2356 2835 transeunt3
2392 2778 2613 2822 cursor
2650 2767 2862 2822 autem
2912 2760 2979 2822 in
3020 2780 3209 2823 cursu
3248 2762 3475 2843 pedem

1987 2857 2267 2938 figendo,
2303 2857 2629 2939 quietibus
2669 2876 2926 2921 cursum
2958 2878 3070 2921 seu
3108 2867 3352 2922 motum
3382 2860 3478 2921 in-

1986 2955 2262 3037 tercipit,
2288 2954 2590 3036 quoniam
2622 2954 2788 3017 inter
2807 2956 2965 3018 duos
2985 2963 3194 3018 motus
3227 2975 3477 3038 semper

365 3056 500 3118 iste
529 3064 630 3118 est
659 3073 882 3118 sensus
921 3073 934 3116 :
973 3054 1036 3117 Si
1071 3054 1201 3132 ille,
1223 3064 1378 3138 puta
1409 3056 1724 3135 diaboluS,
1747 3078 1876 3122 non
1907 3056 1950 3118 C
1985 3053 2222 3116 mediat
2251 3052 2459 3133 quies,
2491 3060 2561 3113 ut
2600 3052 2827 3134 probat
2869 3051 3312 3134 Philosophus,
3344 3058 3478 3116 Fu-

363 3163 476 3219 est
502 3174 699 3217 causa
729 3154 1177 3237 praedictorum
1207 3155 1520 3217 malorum
1553 3154 1618 3217 in
1648 3157 1877 3237 judici-

363 3254 500 3317 bus
531 3262 738 3329 terrae,
762 3253 908 3333 quis
938 3270 1090 3333 ergo
1120 3261 1216 3315 est
1245 3272 1435 3315 causa
1465 3254 1719 3318 illorum
1754 3276 1878 3319 ma-

363 3353 624 3417 lorum?
647 3351 834 3433 quasi
863 3352 1055 3429 dicat,
1076 3351 1321 3413 Nullus,
1341 3353 1476 3415 Non
1497 3354 1647 3434 quia
1671 3354 1878 3418 homi-

362 3470 518 3529 neS,
553 3451 843 3513 daemone
881 3450 1150 3525 secluso,
1187 3469 1398 3513 errare
1437 3470 1565 3514 non
1615 3462 1876 3534 possent

361 3569 590 3632 neque
629 3556 1010 3631 peccarent3
1053 3549 1164 3611 sed
1195 3548 1348 3629 quia
1374 3550 1457 3611 ad
1485 3559 1726 3612 tantam
1759 3552 1876 3613 im-

359 3650 684 3732 pietatem
735 3667 866 3712 non
914 3646 1312 3725 devenirent,
1363 3656 1433 3710 ut
1478 3648 1705 3711 asserit
1742 3650 1875 3712 Ori-

355 3766 597 3827 genes,
633 3746 696 3809 Si
730 3765 885 3810 vero
924 3746 1094 3826 quod
1135 3745 1246 3822 ait,
1283 3745 1414 3823 Ille,
1451 3745 1766 3811 referatur
1795 3749 1874 3811 ad

355 3846 700 3921 Deum,de
719 3863 848 3926 quo
879 3842 1254 3927 principalis
1285 3863 1494 3908 sermo
1525 3847 1869 3927 praecessit,

357 3945 492 4027 qui
531 3952 596 4007 et
635 3953 872 4007 terram
916 3942 1172 4005 diabolo
1217 3940 1566 4006 secundum
1613 3964 1871 4009 sensum

356 4043 712 4106 inductum
741 4041 1026 4119 donavit,
1053 4040 1174 4105 iste
1205 4050 1300 4105 est
1329 4061 1554 4106 sensus
1591 4060 1605 4105 :
1641 4043 1705 4106 Si
1737 4044 1868 4123 ille,

355 4140 626 4205 scilicet
653 4140 841 4217 DeuS,
878 4157 1006 4202 non
1038 4147 1134 4201 est
1164 4140 1551 4220 gubernator
1581 4141 1729 4205 vitae
1760 4142 1876 4204 hu-

1978 3161 2240 3229 yerunt,
2275 3150 2338 3213 id
2369 3158 2484 3228 est,
2519 3150 2826 3213 continuo
2868 3149 3243 3213 defecerunt
3276 3169 3290 3213 :
3324 3152 3479 3234 quia

1987 3250 2052 3312 in
2104 3258 2409 3331 tempore,
2464 3249 2628 3311 sicut
2676 3248 2741 3310 in
2792 3248 3019 3312 ceteris
3070 3250 3473 3328 successiviS,

1987 3348 2153 3411 idem
2185 3354 2282 3410 est
2308 3366 2448 3410 esse
2480 3357 2542 3410 et
2571 3346 2757 3421 fieri3
2790 3358 2848 3408 et
2878 3367 3009 3409 non
3040 3350 3368 3422 viderunt,
3392 3348 3479 3411 vi-

1985 3448 2165 3511 sione
2205 3445 2487 3529 perfecta
2522 3455 2586 3509 et
2626 3445 2914 3523 fruitiva‚
2960 3450 3214 3519 bonum,
3251 3447 3316 3510 id
3354 3456 3472 3527 est,

1985 3548 2049 3610 id
2078 3548 2250 3629 quod
2283 3566 2429 3611 vere
2460 3555 2523 3610 et
2552 3566 2666 3629 per
2704 3548 3047 3611 essentiam
3080 3546 3323 3610 bonum
3352 3558 3470 3626 est,

1983 3647 2229 3711 scilicet
2248 3648 2465 3723 Deum,
2486 3665 2563 3708 cu
2567 3646 2670 3727 jus
2690 3646 3165 3729 comparatione
3184 3646 3278 3709 nil
3298 3647 3475 3710 aliud

1985 3745 2246 3822 bonum,
2272 3744 2805 3827 quemadmodum
2829 3744 3077 3807 Veritas
3106 3744 3196 3807 ait
3230 3763 3243 3807 :
3277 3746 3470 3809 Nemo
3500 3777 3760 3831 ga„0„,13,

1983 3842 2191 3905 bonus
2221 3842 2345 3905 nisi
2366 3844 2552 3904 Deus,
2573 3842 2709 3919 Vel,
2735 3843 2869 3905 Non
2899 3842 3198 3905 viderunt
3227 3843 3469 3907 bonum

1985 3942 2189 4005 fixum
2220 3951 2282 4005 et
2312 3941 2537 4005 stabile
2577 3942 2644 4005 in
2676 3941 2793 4005 hac
2822 3942 2974 4020 vita,
3012 3942 3079 4003 in
3119 3961 3245 4023 quo
3276 3942 3471 4006 fuerit

1983 4042 2141 4105 mihi
2174 4061 2323 4105 vera
2366 4041 2662 4105 felicitas,
2696 4042 2885 4105 Porro
2931 4041 3201 4122 tempori
3238 4042 3472 4106 adscri-

1981 4141 2175 4219 bitur,
2209 4140 2380 4221 quod
2416 4139 2494 4202 fit
2524 4140 2591 4202 in
2620 4159 2717 4217 ee,
2752 4140 2854 4203 vel
2884 4139 3115 4203 accidit
3137 4139 3237 4202 his
3269 4141 3470 4222 quiin

355 4258 586 4303 manaa
616 4246 680 4301 et
707 4238 891 4301 dator
920 4246 1104 4301 terrae
1125 4237 1192 4299 in
1223 4257 1446 4301 manus
1478 4239 1707 4321 iniqui,
1728 4241 1874 4322 quis
1905 4244 1953 4306 D
1986 4248 2269 4321 tempore
2298 4247 2448 4301 sunt
2482 4257 2497 4301 ε
2532 4239 2755 4321 sicque
2792 4258 2963 4302 nunc
2991 4239 3102 4316 ait,
3135 4238 3271 4302 Non
3300 4240 3473 4303 vide-

355 4356 532 4419 ergo
582 4344 678 4401 est
724 4336 840 4419 qui
887 4336 1295 4400 innocentem
1349 4346 1414 4399 et
1461 4338 1730 4421 impium
1783 4341 1874 4405 sic

354 4437 754 4503 consumit?
803 4435 988 4518 quasi
1037 4436 1208 4499 dicat
1243 4454 1256 4497 z
1295 4435 1554 4519 Oportet
1601 4439 1872 4521 primam

353 4538 608 4601 horum
629 4554 886 4598 causam
915 4535 994 4597 ad
1026 4536 1224 4598 Deum
1255 4536 1574 4613 reducere,
1594 4538 1683 4599 ita
1701 4540 1872 4619 quod

353 4638 628 4700 daemon
673 4634 918 4715 justum
961 4633 1188 4715 nequit
1233 4632 1552 4714 affligere,
1591 4636 1716 4699 nisi
1748 4636 1872 4699 Deo

355 4735 652 4797 sinente,

453 4830 726 4894 Sanctus
774 4829 1069 4907 ThomaS,
1107 4829 1261 4891 libri
1307 4830 1500 4910 hujus
1551 4831 1873 4912 expositor

356 4929 655 5012 inclytus
702 4937 768 4991 et
821 4928 1100 5006 subtilis,
1143 4936 1456 5010 quantum
1509 4929 1586 4990 ad
1636 4928 1873 4993 littera-

356 5031 496 5094 lem
545 5026 826 5109 pertinet
871 5045 1156 5103 sensum,
1206 5027 1401 5090 verba
1451 5045 1622 5090 nunc
1677 5027 1873 5092 intro-

354 5129 568 5191 ducta
611 5125 694 5187 ad
743 5144 1002 5187 sensum
1053 5124 1271 5202 alium,
1324 5124 1448 5188 isto
1496 5124 1602 5205 (ni
1657 5124 1873 5208 fallor)

355 5222 818 5290 difficiliorem
868 5222 1064 5285 trahit
1107 5232 1173 5286 et
1219 5222 1521 5306 applicat,
1578 5242 1653 5286 eo
1701 5227 1871 5306 quod

355 5325 542 5389 dicat
572 5322 813 5386 amicos
841 5321 960 5386 Job
999 5340 1129 5385 non
1169 5321 1462 5404 posuisse
1491 5321 1684 5384 vitam
1727 5334 1871 5405 post

1985 4347 2133 4401 runt
2165 4338 2430 4416 bonum,
2466 4338 2530 4401 id
2562 4346 2678 4416 est,
2714 4355 2829 4418 ego
2870 4338 2938 4399 in
2978 4338 3070 4400 eis
3109 4337 3471 4402 exsistendo

1983 4438 2221 4501 bonum
2262 4457 2391 4501 non
2423 4437 2579 4501 vidi,
2616 4437 2701 4501 De
2744 4456 2869 4518 qua
2899 4436 3146 4502 visione
3188 4438 3473 4519 loquitur

1982 4537 2144 4598 Deus
2176 4536 2253 4597 ad
2284 4537 2534 4617 Moysen
2564 4554 2577 4598 :
2614 4536 2749 4598 Non
2771 4534 3013 4598 videbit
3044 4554 3147 4599 me
3176 4536 3390 4613 homo,
3409 4544 3472 4599 et
3549 4558 3699 4603 ssaeoa.

3497 4636 3638 4675 xxxin,
3672 4626 3740 4665 20.

3494 4686 3759 4736 domnas&

1982 4634 2175 4697 vivet,
2210 4634 2287 4695 Et
2317 4633 2472 4696 alibi
2513 4634 2822 4715 scriptum
2865 4641 2963 4696 est
2995 4650 3009 4695 :
3045 4634 3243 4697 Deum
3282 4652 3470 4698 nemo

1981 4733 2146 4796 vidit
2172 4751 2479 4815 unquam,

2059 4833 2599 4894 Pertransierunc
2635 4833 2825 4912 quasi
2862 4851 3055 4893 naves
3085 4850 3285 4909 poma
3316 4852 3471 4909 por-

1984 4939 2209 5001 tanteS,
2245 4928 2308 4991 id
2352 4937 2449 4992 est
2492 4929 2763 4991 multum
2803 4928 3126 5005 velociter,
3164 4928 3469 5009 quoniam

1982 5028 2163 5091 navis
2194 5047 2384 5110 poma
2422 5025 2739 5104 deferenS,
2776 5046 2923 5089 cum
2962 5026 3331 5090 festinantia
3360 5028 3471 5090 du-

1981 5127 2169 5204 citur,
2218 5145 2297 5189 ne
2342 5135 2407 5188 et
2454 5143 2643 5208 poma
2691 5124 3001 5187 laedantur
3048 5125 3181 5189 sive
3226 5133 3473 5206 putres-

1981 5233 2161 5288 cant:
2187 5232 2250 5287 et
2281 5224 2447 5286 sicut
2475 5222 2842 5303 hujusmodi
2874 5221 3052 5285 navis
3078 5222 3247 5285 bono
3278 5225 3471 5287 odore

1980 5343 2052 5386 ae
2087 5322 2406 5385 fructibus
2437 5321 2628 5403 plena
2654 5329 2771 5397 est,
2803 5319 2899 5383 sic
2934 5320 3159 5403 utique
3189 5321 3326 5385 dies
3354 5320 3471 5386 Job
