4309 6259
1227 526 1578 573 manuario
1617 526 1679 572 IN
1722 525 1858 572 m.
1893 525 1955 571 vl
1993 526 2120 572 JOB.
2166 545 2246 557 -
2285 526 2429 573 Am.
2474 526 2602 573 xvu

3336 507 3453 571 393

353 696 568 777 gantis
599 696 864 759 adversa
895 696 1043 760 vitae
1082 697 1412 779 praesentis
1450 696 1732 760 ordinari
1775 696 1852 757 ad
1885 692 1936 753 A
1965 695 2261 761 timorem
2300 705 2542 760 castum
2588 716 2664 759 ex
2710 715 2781 759 ea
2812 698 3229 779 prodeuntem
3270 697 3457 759 amit-

355 794 565 857 finem
597 794 745 859 vitae
773 794 973 858 beatae
1005 796 1071 857 in
1104 795 1341 873 futuro,
1366 796 1549 877 quasi
1576 796 1692 859 Job
1721 814 1856 859 ver-

354 893 512 956 bum
546 894 670 957 hoc
706 893 938 957 dixerit
974 912 1102 957 non
1143 896 1494 957 secundum
1531 894 1853 977 propriam

353 1000 664 1067 mentem,
700 992 813 1055 sed
843 993 1196 1055 secundum
1228 992 1488 1075 Eliphaz
1525 1011 1853 1055 erroneam

351 1090 746 1171 positionem
775 1108 789 1151 :
815 1090 997 1172 quasi
1030 1090 1221 1167 dicat,
1245 1090 1451 1166 Quum
1481 1092 1660 1171 juxta
1679 1099 1854 1152 tuam

352 1188 757 1270 opinionem,
794 1207 833 1251 o
875 1189 1158 1271 Eliphaz,
1196 1208 1324 1252 non
1364 1189 1448 1250 sit
1495 1188 1655 1250 mihi
1701 1187 1910 1251 finis-.-

351 1286 703 1351 beatificus
735 1287 802 1349 in
837 1287 1053 1350 futuro
1082 1289 1564 1369 exspectanduS,
1601 1306 1728 1350 non
1760 1296 1856 1350 est

349 1386 520 1448 ratio
550 1406 670 1448 cur
697 1386 963 1449 debeam
997 1386 1312 1468 patienter
1339 1387 1473 1450 haec
1505 1385 1691 1450 ferre.
1725 1387 1855 1449 lmo

351 1486 553 1549 verba
583 1484 728 1562 ista,
762 1494 834 1547 ut
869 1486 1000 1567 jam
1039 1486 1266 1568 patuit,
1300 1486 1486 1549 aliter
1519 1486 1856 1549 rationabi-

353 1583 504 1646 liter
533 1592 965 1666 exponuntur.
1001 1584 1218 1666 Neque
1261 1604 1334 1647 ex
1363 1585 1482 1648 hoc
1523 1584 1716 1649 verbo
1747 1605 1856 1668 po-

355 1692 480 1744 test
510 1683 798 1765 probari,
816 1684 987 1764 quod
1009 1684 1272 1765 Eliphaz
1301 1684 1557 1765 negavit
1587 1683 1858 1747 beatitu-

351 1783 577 1846 dinem
607 1784 756 1847 vitae
799 1782 1052 1845 futurae.

1966 795 2063 858 tit.
2097 796 2166 858 In
2195 813 2322 877 quo
2342 796 2537 859 verbo
2566 795 2789 859 beatus
2815 795 2931 858 Iob
2962 803 3138 858 notat
3166 794 3449 878 Eliphaz,

1965 895 2135 975 quod
2168 894 2435 975 ipsemet
2482 894 2778 957 inciderit
2814 893 3090 976 culpam,
3124 913 3316 974 quam
3352 913 3455 956 su-

1965 992 2181 1074 perius
2233 993 2477 1055 dixerat
2522 992 2823 1055 incidisse
2869 991 3005 1069 Iob,
3058 992 3326 1073 loquens
3375 992 3453 1054 ad

1965 1110 2110 1159 eum
2147 1108 2161 1153 :
2194 1090 2312 1153 Ubi
2341 1100 2437 1154 est
2479 1092 2668 1154 timor
2703 1093 2893 1153 tuus?
2926 1090 3140 1172 Itaque
3170 1084 3455 1172 tempore

1965 1189 2363 1253 adversitatis
2403 1191 2852 1272 comprobatur
2898 1190 3162 1252 amicus
3196 1190 3455 1271 Propter

1964 1288 2135 1369 quod
2168 1288 2473 1371 scriptum
2504 1297 2602 1351 est
2630 1289 2696 1349 in
2718 1288 3161 1351 Ecclesiastico
3185 1305 3200 1350 ε
3227 1288 3289 1351 Si
3312 1306 3455 1369 pos·
3484 1303 3667 1410 Ίξοσιῐ.
3690 1318 3745 1353 w,

1966 1388 2134 1450 sides
2166 1387 2463 1463 amicum,
2501 1387 2565 1449 in
2606 1387 2956 1450 tentatione
2995 1386 3249 1470 posside
3280 1406 3449 1449 eum.

1964 1486 2074 1549 Est
2099 1486 2271 1549 enim
2303 1485 2547 1549 amicus
2577 1487 2927 1549 secundum
2960 1476 3211 1566 tempus
3240 1505 3449 1562 suum,

1965 1594 2027 1649 et
2057 1604 2187 1649 non
2218 1594 2547 1667 permanet
2579 1585 2644 1646 in
2677 1584 2780 1648 die
2811 1584 3265 1648 tribulationis,
3296 1584 3454 1646 Hinc

1965 1677 2223 1767 quoque
2249 1686 2521 1747 Joannes
2560 1684 2650 1747 ait
2692 1684 2758 1746 in
2790 1684 2997 1767 prima
3040 1702 3151 1746 sua
3191 1683 3457 1747 Canoni-

1966 1802 2040 1844 ca
2089 1801 2102 1844 :
2144 1784 2278 1845 Non
2330 1783 2669 1862 diligamus
2710 1782 2904 1846 verbo
2954 1802 3162 1863 neque
3211 1782 3449 1862 lingua,
3488 1792 3737 1901 ξέοαπνιιιι.

437 1884 576 1946 Νεσ
604 1885 927 1960 fortitudo
973 1884 1296 1961 lapidum,
1326 1884 1645 1960 fortitudo
1691 1902 1856 1952 mea,
1895 1872 1938 1936 B
1968 1881 2075 1943 sed
2107 1898 2300 1962 opere
2332 1889 2395 1943 et
2423 1881 2711 1943 veritate.

353 1981 419 2043 id
465 1990 590 2057 est,
635 2000 765 2043 non
804 1988 901 2043 est
944 1989 1068 2043 tam
1113 1980 1564 2063 insuperabilis
1609 1989 1672 2043 et
1719 1979 1858 2043 sine

353 2096 578 2153 sensu,
608 2088 678 2141 ut
706 2079 994 2161 lapidum
1028 2077 1334 2142 fortitudo
1371 2098 1384 2140 ε
1420 2079 1592 2159 quod
1624 2079 1702 2141 de
1731 2097 1858 2141 cor-

353 2177 567 2259 porali
603 2176 982 2241 fortitudine
1012 2177 1247 2240 clarius
1277 2176 1672 2253 verificatur,
1697 2186 1760 2239 et
1779 2178 1858 2240 de

351 2276 684 2357 spirituali
719 2275 1098 2338 fortitudine
1127 2275 1330 2357 accipi
1361 2284 1568 2358 potest
1599 2284 1859 2358 propter

2045 1984 2307 2041 Fratres
2336 1983 2489 2049 mei,
2519 1979 2581 2040 id
2612 1989 2709 2042 est
2737 1999 2863 2042 non
2886 1980 3075 2042 amici
3104 1980 3450 2053 dumtaxat,

1966 2079 2074 2140 sed
2123 2087 2187 2141 et
2234 2078 2483 2158 cognati
2534 2098 2607 2141 ac
2656 2078 2950 2160 proximi,
2996 2080 3456 2156 preater-ierunt

1969 2198 2089 2246 me,
2118 2177 2183 2239 id
2214 2186 2330 2254 est,
2369 2177 2434 2237 in
2478 2176 2945 2240 afflictionibus
2989 2176 3265 2258 positum
3311 2175 3457 2239 reli-

1967 2283 2263 2357 querunt,
2296 2277 2372 2337 ad
2414 2294 2527 2337 sua
2554 2276 2884 2338 commoda
2925 2274 3323 2338 festinantes
3348 2274 3457 2336 Est

1967 2382 2180 2437 autem
2242 2376 2633 2437 consuetudo
2693 2374 3056 2457 Scripturae,
3106 2382 3174 2435 ut
3234 2391 3456 2436 omnes

1967 2472 2424 2552 consanguinei
2454 2473 2750 2554 alicujuS,
2788 2473 3015 2536 fratres
3058 2473 3197 2554 ejus
3227 2490 3457 2536 vocen-

1966 2581 2089 2647 tur,
2125 2572 2291 2633 sicut
2322 2571 2386 2632 in
2426 2571 2651 2634 Genesi
2684 2572 2999 2634 Abraham
3043 2572 3131 2633 ait
3174 2572 3255 2634 ad
3290 2571 3405 2633 Lot
3437 2587 3451 2631 :

1964 2670 2212 2731 Fratres
2244 2689 2483 2731 sumuS.
2519 2670 2595 2732 Et
2626 2671 2905 2734 secundo
2925 2670 3160 2751 Regum
3191 2670 3344 2732 Joab
3364 2669 3456 2730 ait
3486 2685 3747 2735 Genaunes.

1965 2769 2041 2831 ad
2073 2768 2364 2829 Amasam
2400 2788 2583 2831 suum
2619 2778 2913 2851 nepotem
2941 2787 2953 2830 :
2980 2769 3184 2845 Salve,
3220 2768 3307 2830 mi
3331 2767 3456 2830 fra-
3502 2784 3745 2839 umam

349 2881 506 2925 meo
533 2863 613 2925 de
643 2863 928 2945 periculo
963 2863 1286 2945 patientiae
1315 2883 1494 2927 meae.
1966 2875 2084 2929 ter.
2113 2865 2386 2929 loannes
2428 2887 2682 2949 quoque
2724 2868 3111 2947 evangelista
3155 2868 3221 2929 in
3251 2867 3455 2931 Evan-
3483 2851 3525 2891 ⁰·

433 2962 705 3043 Insuper
729 2962 1105 3041 gravitatem
1137 2962 1567 3026 tribulationis
1599 2982 1728 3026 suae
1760 2965 1858 3027 de-
1965 2962 2135 3042 gelio
2192 2983 2308 3027 suo
2368 2973 2663 3042 testatur,
2716 2966 2887 3047 quod
2948 2964 3174 3027 fratres
3220 2964 3450 3028 Christi
3497 2978 3747 3029 Joannau,

347 3068 674 3123 monstrat
712 3077 790 3122 ex
832 3061 1116 3124 carentia
1157 3060 1379 3123 auxilii
1412 3069 1604 3141 atque
1645 3063 1853 3125 solatii
1891 3056 1936 3121 C
1968 3080 2157 3143 quem
2200 3063 2448 3144 peperit
2486 3062 2698 3141 Virgo,
2751 3081 2877 3125 non
2930 3063 3337 3125 crediderunt
3388 3063 3453 3125 in
3484 3044 3525 3085 ⁵·

345 3165 582 3221 contra
617 3158 884 3221 adversa
925 3159 1049 3223 sibi
1094 3158 1366 3223 inflicta.
1401 3162 1566 3222 Ecce
1603 3182 1732 3222 non
1767 3172 1856 3222 esc
1966 3179 2134 3223 eum.
2171 3161 2391 3222 Utrum
2422 3180 2573 3223 vero
2599 3160 2715 3223 Iob
2747 3160 2973 3224 fratres
3004 3162 3291 3225 carnales
3320 3180 3457 3244 pro-

345 3260 698 3317 auoez'lium
735 3260 906 3318 mihi
951 3262 1026 3319 in.
1075 3280 1198 3330 me,
1240 3260 1302 3321 id
1343 3268 1460 3336 est,
1505 3279 1604 3322 me
1645 3260 1854 3343 ipsum

344 3354 582 3436 juvare
629 3374 757 3418 non
797 3356 1000 3433 valeo,
1036 3376 1154 3420 nec
1193 3359 1424 3420 damna
1471 3359 1631 3421 mihi
1681 3359 1857 3422 illata

355 2374 782 2454 fragilitatem
813 2374 1086 2455 subjecti
1114 2373 1509 2437 fortitudinis
1532 2373 1697 2436 talis.
1718 2374 1860 2436 Ani-

351 2491 462 2534 ma
508 2492 790 2553 namque
839 2470 1085 2552 fragilis
1133 2481 1230 2535 est
1276 2481 1469 2553 atque
1513 2472 1852 2534 instabilis

353 2573 496 2631 Nec
521 2592 672 2631 caro
701 2591 843 2630 mea
871 2591 1050 2631 oenea
1078 2581 1190 2642 esc,
1228 2571 1340 2633 sed
1369 2571 1605 2647 molliS,
1641 2578 1858 2634 tenera

349 2687 426 2729 ac
475 2667 757 2730 multum
815 2668 1166 2749 passibilis.
1221 2668 1364 2732 ideo
1412 2668 1854 2748 gravissimam

349 2766 556 2829 sentit
599 2784 880 2848 poenam,
918 2766 999 2828 ob
1044 2766 1230 2848 cujus
1272 2766 1737 2830 vehementiam
1780 2767 1856 2830 ti-

1966 3259 2106 3342 prie
2134 3260 2340 3322 dictos
2378 3259 2693 3337 habuerit,
2729 3268 2900 3323 etan
2946 3260 3042 3322 illi
3084 3260 3149 3321 in
3197 3260 3457 3323 tribula-

1966 3358 2142 3420 tione
2192 3378 2307 3420 sua
2345 3359 2786 3441 praeterierunt
2836 3378 3005 3436 eum,
3038 3358 3185 3440 quis
3233 3360 3454 3425 novit?

348 3472 760 3535 recuperare,
794 3473 994 3535 quum
1028 3464 1153 3518 tam
1195 3456 1473 3535 graviter
1515 3458 1700 3521 laesus
1733 3458 1854 3521 sim

345 3570 649 3633 corpore,
687 3553 1068 3634 cunctisque
1113 3553 1528 3618 facultatibus
1577 3575 1649 3619 ac
1695 3555 1854 3619 filiis

346 3650 672 3732 spoliatus
698 3674 712 3725 3
745 3661 806 3711 ec
837 3656 1182 3713 necessarii
1209 3674 1456 3733 quoque
1487 3658 1635 3725 mei,
1667 3655 1728 3717 id
1761 3664 1856 3718 est

348 3747 709 3811 familiares
739 3758 934 3831 atque
965 3750 1296 3813 domestici
1329 3760 1392 3814 et
1420 3752 1631 3830 amici,
1665 3774 1856 3814 reces-

341 3858 584 3907 serunt
611 3870 651 3907 a
681 3868 804 3919 me,
839 3856 1124 3929 tempore
1164 3849 1559 3912 necessitatis
1596 3850 1856 3913 afflicti-

339 3946 627 4025 onisque
671 3964 851 4023 meae,
887 3946 1039 4008 dum
1079 3946 1172 4008 eis
1211 3946 1412 4027 magis
1456 3948 1731 4027 indigeo.
1777 3950 1854 4011 Et

341 4042 522 4106 forte
553 4043 761 4124 aliqui
806 4062 1028 4107 eorum
1072 4045 1486 4127 corporaliter
1530 4045 1845 4123 obierunt,

336 4141 456 4204 alii
511 4141 956 4222 spiritualiter,
1009 4160 1138 4205 non
1181 4142 1609 4225 impendendo
1659 4162 1850 4225 opera

1965 3460 2154 3519 Sicut
2192 3468 2435 3518 torrens
2482 3461 2598 3537 qui
2639 3461 2882 3535 raptim
2925 3461 3162 3519 transit
3204 3461 3275 3519 in
3315 3480 3455 3520 eon-

1967 3557 2269 3625 vallibuS,
2302 3554 2364 3617 id
2412 3563 2529 3631 est,
2572 3554 2938 3636 improvise,
2972 3556 3347 3638 impetuose,
3381 3576 3455 3620 ac

1966 3652 2182 3715 subito
2214 3672 2315 3715 me
2337 3652 2756 3733 reliquerunt,
2776 3653 3310 3733 quemadmodum
3335 3663 3456 3717 tor-

1965 3770 2111 3813 rens
2163 3750 2311 3812 fluit
2360 3751 2426 3812 in
2483 3750 2628 3812 imis
2680 3769 2823 3813 cum
2874 3751 3138 3834 impetu.
3185 3753 3452 3815 Torrens

1962 3856 2197 3925 autem,
2246 3850 2592 3911 secundum
2625 3847 2978 3925 Alhertum,
3018 3850 3252 3913 dicitur
3286 3868 3453 3930 aqua

1963 3945 2313 4029 liquefacta
2362 3955 2603 4009 torrore
2652 3946 2805 4009 solis
2864 3946 2927 4009 in
2977 3947 3324 4023 montibuS‚
3376 3968 3453 4010 ex

1962 4043 2241 4107 nubibus
2276 4054 2337 4107 et
2376 4044 2579 4125 glacie
2616 4044 2947 4121 dissoluta,
2982 4044 3452 4126 praecipitanter

1961 4143 2304 4205 decurrens
2334 4142 2397 4203 in
2430 4142 2578 4204 ima.

337 4239 658 4315 caritatis,
696 4239 826 4303 imo
857 4240 1106 4303 caritati
1129 4240 1846 4321 contrariairroganteS‚
1878 4243 1929 4304 D
2042 4243 2171 4309 Qui
2218 4244 2442 4302 timent
2486 4245 2831 4319 pru-inam,
2872 4244 3079 4301 irruet
3119 4260 3311 4317 super
3352 4261 3451 4302 eos

337 4338 516 4400 sieut
545 4337 612 4399 hi
637 4345 762 4401 tres
786 4338 899 4419 qui
931 4340 1010 4401 ad
1031 4338 1490 4402 consolandum
1520 4350 1844 4419 venerunt,

334 4437 420 4499 ad
454 4437 882 4500 contumelias
926 4447 1378 4520 proruperunt.
1416 4441 1544 4507 Qui
1574 4442 1742 4501 tollit
1767 4444 1846 4501 ab

335 4536 558 4595 amico
583 4556 722 4606 suc,
759 4534 822 4597 id
862 4545 956 4599 est
995 4555 1071 4599 eo
1111 4555 1303 4617 quem
1337 4556 1405 4599 se
1447 4537 1716 4617 diligere
1753 4538 1848 4600 di-

337 4632 664 4697 lexisseve
692 4635 943 4709 asserit,
979 4654 1092 4698 seu
1120 4634 1345 4698 dilexit
1390 4643 1673 4718 tempore
1703 4656 1848 4719 pro-

335 4732 694 4813 speritatiS,
717 4734 1250 4803 misericordiam,
1270 4733 1332 4796 id
1355 4742 1451 4795 est
1471 4736 1848 4815 compassio-

339 4850 496 4893 nem
527 4838 592 4893 et
613 4830 870 4912 pietatis
890 4829 1200 4893 affectum
1222 4850 1334 4893 seu
1357 4832 1842 4896 subventionem

337 4936 636 5009 tempore
687 4928 1085 4992 necessitatis
1125 4938 1190 4992 et
1236 4928 1632 5007 afflictionis,
1669 4934 1845 4993 timo-

339 5046 484 5085 rem
501 5028 776 5086 Domini
793 5028 1212 5104 derelinquit,
1229 5026 1292 5088 id
1314 5036 1424 5102 est,
1446 5036 1666 5089 contra
1687 5026 1714 5088 f
1719 5027 1846 5091 ilia-

340 5124 474 5185 lem
496 5122 605 5185 Dei
629 5122 924 5186 timorem
947 5124 1076 5204 agit
1097 5124 1434 5205 :quoniam
1453 5134 1674 5188 contra
1695 5127 1846 5189 cari-

343 5229 566 5297 tatem,
589 5230 650 5283 et
684 5230 906 5284 contra
935 5222 1226 5285 divinum
1259 5222 1390 5304 agit
1421 5233 1840 5306 praeceptum3

343 5317 573 5400 sicque
618 5320 944 5400 peccando
985 5319 1360 5397 mortaliter,
1410 5322 1734 5385 caritatem
1782 5332 1845 5387 et

1957 4340 2105 4408 nico,
2129 4338 2193 4401 id
2225 4347 2341 4415 est,
2375 4339 2486 4421 qui
2517 4340 2607 4402 ita
2633 4339 2713 4402 ab
2746 4340 2950 4401 amico
2978 4339 3335 4417 discedunt,
3361 4348 3451 4402 at-

1957 4456 2082 4518 que
2102 4456 2140 4498 a
2159 4456 2261 4499 me
2283 4438 2492 4499 taliter
2513 4438 2963 4515 discesserunt,
2990 4437 3290 4520 impuniti
3322 4457 3449 4501 non

1957 4544 2165 4613 erunt,
2212 4536 2335 4597 nisi
2397 4536 2744 4618 poeniteant
2790 4555 2803 4599 ε
2849 4537 3003 4618 quia
3052 4538 3199 4600 dum
3245 4538 3450 4600 amico

1957 4633 2299 4697 subvenire
2333 4634 2660 4711 omittunt,
2712 4635 2941 4698 timore
2981 4636 3199 4698 damni
3247 4636 3450 4697 mino—

1957 4733 2064 4807 ris,
2099 4735 2271 4815 quod
2315 4734 2693 4816 exprimitur
2737 4754 2851 4818 per
2890 4722 3207 4818 pruinam,
3242 4734 3448 4815 majus

1955 4832 2429 4896 incommodum
2477 4834 2821 4915 patientur,
2872 4835 3042 4915 quod
3082 4852 3195 4916 per
3233 4833 3444 4896 nivem

1955 4939 2231 4993 notatur.
2276 4932 2438 4995 Dicit
2485 4933 2655 4995 enim
2697 4932 3115 5013 Philosophus
3167 4932 3231 4993 in
3281 4932 3447 4994 libro

1953 5029 2391 5105 Meteororum‚
2420 5030 2589 5109 quod
2622 5029 2851 5110 pruina
2881 5036 2977 5092 est
3007 5030 3114 5091 nix
3143 5048 3357 5112 parva,
3384 5038 3447 5093 et

1955 5127 2092 5203 nix,
2145 5127 2377 5208 pruina
2424 5146 2649 5205 magna
2710 5146 2819 5189 seu
2868 5128 3090 5189 multa.
3149 5132 3447 5205 Tempore

1953 5246 2077 5305 quo
2125 5226 2383 5303 fuerint
2427 5227 2759 5301 dissipati,
2808 5226 2870 5287 id
2920 5233 3016 5288 est
3062 5244 3175 5307 per
3218 5244 3447 5306 magna

1955 5324 2222 5388 adversa
2254 5322 2584 5399 destructi,
2608 5322 2821 5400 divisi,
2847 5323 3283 5406 depauperati,
3308 5344 3446 5402 per-
