4309 6259
128 795 289 838 Ionae
308 809 404 847 vu,

88 861 157 900 19.

130 1088 321 1131 Jacob.
348 1102 405 1140 v,

88 1152 158 1190 16.

102 1383 405 1435 Eecltxvn,

86 1450 161 1493 26.
186 1450 267 1489 27.

150 2976 307 3019 Pron.
330 2988 421 3027 xx,

1319 520 1665 567 ENARRATIO
1708 522 1770 567 IN
1810 522 1947 568 cAP.
1994 522 2079 568 XX
2118 524 2244 569 103.
2287 544 2367 555 —-
2407 526 2550 571 ΛΒΤ.
2597 527 2712 571 XLV

3435 512 3554 574 567

444 686 622 745 labit
653 687 728 747 in
751 698 1021 765 ,quum-e
1038 712 1179 762 su0‚
1197 691 1260 753 id
1292 700 1403 770 est,
1424 702 1639 775 aperte
1670 713 1799 757 non
1820 714 1961 757 con·
1989 694 2041 755 A
2070 697 2149 758 ad
2199 696 2409 777 Suget,
2443 706 2504 760 et
2545 698 2786 779 Surget.
2820 700 3110 762 Attamen
3162 701 3362 782 aliqui
3407 701 3556 763 libri

448 780 779 848 fitebitur.
800 786 1157 861 Quocontra
1185 792 1491 874 scriptum
1525 801 1659 856 est:
1692 794 1812 857 Fili
1843 795 1956 873 mi,

446 882 541 943 da
570 883 843 961 gloriam
878 887 1143 951 Domino
1176 890 1323 967 Deo,
1344 899 1405 953 et
1426 891 1739 955 confitere
1768 903 1960 974 atque

450 979 681 1045 indica
728 984 883 1065 quid
933 985 1198 1063 feceris;
1244 1008 1325 1051 ne
1353 989 1726 1053 abscondas
1760 991 1835 1053 Et
1865 992 1961 1054 Ja-

446 1079 661 1143 cobus
692 1082 782 1143 ait
808 1100 823 1144 :
850 1084 1266 1149 Confitemini
1297 1088 1669 1151 alterutrum
1702 1098 1961 1172 peccata

448 1188 695 1241 vestra.
750 1180 990 1263 ltaque,
1050 1193 1333 1267 tempore
1382 1187 1694 1265 sanitatiS,
1746 1208 1961 1252 amore

444 1278 727 1359 justitiae
766 1288 830 1342 et
867 1282 1016 1345 odio
1055 1284 1261 1365 culpae
1303 1282 1751 1363 confiteamur,
1784 1288 1961 1368 juxta

450 1376 623 1439 illud
664 1377 1097 1445 Ecclesiastici
1134 1399 1147 1443 :
1184 1382 1343 1445 Ante
1382 1392 1649 1447 mortem
1692 1385 1962 1449 confite-

450 1495 569 1552 re,
612 1496 652 1538 a
682 1486 935 1542 mortuo
974 1480 1159 1560 quasi
1201 1480 1364 1543 nihil
1404 1482 1570 1564 perit
1609 1483 1953 1548 confessio.

448 1574 891 1639 Confiteberis
934 1578 1159 1641 vivens
1202 1588 1265 1641 et
1307 1599 1523 1643 sanuS.
1564 1582 1847 1664 Denique
1892 1584 1959 1645 in

450 1671 559 1733 his
592 1672 841 1754 Sophar
874 1675 1075 1755 tangit
1105 1676 1361 1739 beatum
1385 1678 1711 1760 Job,quod
1743 1680 1831 1742 ita
1860 1681 1961 1744 de-

450 1770 755 1834 liciosum
781 1771 810 1833 f
814 1774 978 1835 uerit
1003 1775 1127 1836 sibi
1150 1794 1437 1857 peccare,
1453 1779 1625 1858 quod
1656 1778 1816 1841 nolit
1848 1799 1962 1842 sua

2070 796 2423 873 continent,
2465 796 2677 877 Suget.
2713 798 2865 861 Nam
2907 807 2970 861 et
3005 799 3299 863 Albertus
3336 800 3424 863 ita
3455 819 3558 862 ex-

2073 895 2276 976 ponit,
2312 896 2581 959 dicendo
2616 914 2630 958 ε
2668 897 2875 979 Aspis,
2913 916 3173 980 serpens
3208 907 3303 961 est
3343 899 3562 961 incan-

2072 1000 2337 1055 tatorem
2383 1013 2510 1057 non
2553 996 2842 1072 audienS,
2877 995 3281 1077 pernecabile
3319 996 3562 1059 habens

2072 1110 2412 1169 venenum,
2466 1092 2529 1154 id
2578 1102 2673 1155 est
2722 1095 2906 1157 valde
2958 1093 3335 1158 infectivum
3382 1095 3565 1177 (quia

2070 1192 2418 1254 mordendo
2449 1192 2778 1271 interficit,
2802 1194 2982 1275 juxta
3011 1194 3365 1275 Thomam),
3400 1194 3564 1257 desi-

2066 1300 2346 1371 gna'tque
2386 1293 2705 1355 daemones
2747 1292 3158 1374 praesidentes
3198 1293 3556 1371 obstinatiS‚

2070 1388 2360 1452 doctores
2391 1398 2454 1451 et
2486 1390 2930 1471 praedicatores
2961 1410 3088 1453 non
3108 1390 3514 1454 audientibus
3541 1410 3554 1453 ε

2070 1486 2254 1568 cujus
2302 1487 2542 1570 aspidis
2591 1496 2784 1570 caput
2827 1490 3018 1569 sugit,
3050 1488 3161 1571 qui
3201 1509 3346 1553 cum
3392 1490 3560 1553 dele-

2069 1586 2346 1649 ctatione
2389 1587 2825 1666 suggestiones
2865 1588 3004 1669 ejus
3043 1596 3347 1670 acceptat.
3382 1588 3556 1663 Quod

2070 1684 2190 1745 sub
2220 1684 2434 1766 aliqua
2465 1686 2836 1767 metaphora
2863 1686 3052 1748 Isaias
3081 1686 3174 1748 sic
3203 1686 3398 1750 dicit:
3430 1687 3562 1750 Ova
3609 1706 3835 1760 10.ux‚5.

2069 1782 2362 1865 aspidum
2417 1793 2745 1866 ruperunt,
2779 1793 2844 1847 et
2883 1784 3039 1846 telas
3077 1803 3322 1849 araneae
3353 1793 3562 1849 texue-

448 1869 617 1933 vitia
645 1870 969 1949 confiteri,
1003 1874 1112 1935 sed
1144 1893 1217 1936 ea
1249 1884 1506 1937 excuset
1536 1895 1607 1938 ac
1637 1885 1843 1957 neget,
1874 1898 1961 1941 se-
1996 1881 2043 1942 B
2072 1888 2241 1943 runt.
2275 1881 2392 1956 Qui
2419 1882 2767 1945 comederit
2795 1883 2874 1945 de
2905 1882 3042 1946 ovis
3073 1901 3316 1959 eorum,
3343 1884 3564 1946 morie-

450 1988 587 2051 que
626 1968 967 2051 justificet.
992 1972 1227 2035 Verum
1276 1973 1447 2036 istud
1495 1983 1593 2037 est
1642 1976 1955 2053 mollium,

452 2068 555 2131 nil
592 2068 773 2133 triste
804 2078 869 2131 et
897 2070 1129 2132 durum
1169 2071 1237 2134 in
1276 2074 1658 2155 poenitentia
1696 2075 1829 2157 pati
1862 2094 1962 2139 vo-

452 2168 757 2231 lentium.

538 2270 755 2329 Panis
796 2269 937 2345 ejus
980 2271 1053 2329 in
1092 2278 1273 2329 utero
1312 2272 1523 2342 illius,
1565 2281 1845 2333 vertetur
1887 2275 1960 2335 in

454 2370 554 2445 fel
586 2369 895 2444 aspidum
932 2369 1325 2429 intrinsecus
1354 2390 1377 2429 .·
1408 2369 1471 2431 id
1520 2378 1635 2447 est,
1672 2369 1955 2446 resecti0‚

455 2485 591 2547 qua
623 2484 693 2529 se
726 2465 897 2529 laute
928 2474 993 2529 et
1023 2466 1101 2529 de
1134 2466 1379 2530 illicitis
1420 2469 1666 2533 maleve
1696 2471 1964 2551 acquisi-

456 2565 545 2627 tis
590 2564 787 2647 pavit,
823 2564 944 2628 erit
975 2565 1033 2628 ei
1068 2585 1261 2629 causa
1303 2568 1715 2631 amarissimae
1756 2587 1961 2651 poenae

454 2684 533 2727 ac
568 2663 1030 2739 damnationis;
1054 2664 1155 2727 vel
1184 2665 1252 2727 in
1284 2666 1583 2729 humores
1609 2686 1961 2731 venenosos

457 2772 659 2843 atque
690 2762 1079 2840 mortiferOS,
1112 2764 1288 2845 justo
1333 2764 1438 2827 Dei
1481 2766 1745 2846 judicio,
1780 2766 1960 2829 cibus

458 2881 619 2923 suus
663 2860 789 2923 sibi
833 2860 899 2924 in
941 2880 1056 2924 suo
1096 2870 1277 2926 utero
1319 2872 1748 2942 convertetur,
1784 2866 1962 2946 juxta

460 2958 625 3021 illud
658 2958 1176 3023 proverbiorum:
1206 2960 1429 3024 Suavis
1460 2969 1555 3023 est
1586 2961 1831 3025 homini
1865 2981 1963 3044 pa-

2072 1988 2222 2055 tur;
2277 1988 2340 2041 et
2385 1980 2557 2061 quod
2607 1980 2938 2044 confotum
2985 1988 3100 2057 est,
3155 1990 3446 2063 erumpet
3493 1982 3560 2043 in

2070 2078 2385 2160 regulum.
2420 2079 2636 2160 Itaque
2680 2080 2993 2160 expositio
3035 2080 3290 2143 Thomae
3333 2098 3563 2144 conve-

2070 2178 2256 2241 niens
2297 2186 2414 2241 est.
2448 2181 2535 2239 Et
2571 2181 2810 2239 occidet
2845 2201 2992 2240 eum
3030 2182 3262 2256 linqua
3297 2182 3556 2259 viperee.

2070 2276 2300 2358 Vipera
2330 2295 2530 2356 genus
2561 2278 2874 2359 serpentis
2905 2286 3020 2355 est,
3049 2277 3266 2357 lingua
3295 2297 3410 2340 sua
3437 2277 3563 2342 dif-

2074 2374 2403 2438 fundentis
2433 2393 2718 2438 venena:
2745 2394 2858 2457 per
2879 2395 3071 2457 quam
3102 2376 3418 2439 detractor
3448 2396 3560 2440 seu

2071 2481 2400 2536 accusator
2430 2473 2531 2537 vel
2562 2474 2810 2537 daemon
2843 2473 3189 2555 impietatis
3223 2492 3562 2556 persuasor

2071 2570 2472 2653 exprimitur.
2507 2571 2557 2633 A
2599 2590 2728 2652 quo
2778 2571 3151 2647 detractore,
3196 2580 3560 2636 accusatore

2072 2689 2184 2732 seu
2216 2670 2525 2745 daemone,
2558 2668 2889 2752 hypocrita
2929 2678 2992 2733 et
3039 2669 3298 2752 iniquus
3339 2688 3562 2752 corpo—

2071 2768 2290 2831 raliter
2321 2767 2819 2849 spiritualiterve
2848 2776 3130 2831 necatur.
3167 2770 3316 2832 Non
3345 2771 3560 2831 videat

2070 2885 2186 2948 per
2232 2865 2760 2947 experimentum,
2803 2865 2867 2928 id
2914 2874 3010 2930 est
3058 2885 3186 2929 non
3236 2866 3554 2944 sortiatur,

2071 2968 2318 3025 rivulos
2345 2965 2649 3041 fluminis
2680 2967 3004 3037 torrenti-9,
3025 2964 3088 3026 id
3110 2971 3205 3027 est
3234 2963 3561 3027 abundan-

460 3056 565 3119 nis
604 3056 947 3135 mendacii,
981 3066 1043 3121 et
1073 3068 1294 3140 postea
1322 3059 1694 3142 implebitur
1722 3079 1791 3123 os
1820 3060 1959 3141 ejus
1996 3062 2039 3124 C
2070 3063 2222 3126 tiam
2271 3062 2638 3144 temporalis
2682 3062 3122 3145 prosperitatis
3161 3071 3269 3126 aut
3297 3063 3561 3145 opulen-

458 3155 736 3218 calculo.
756 3157 1045 3217 Divitias
1072 3178 1233 3237 quas
1264 3160 1621 3230 devoravit,
1646 3158 1711 3220 id
1733 3168 1851 3235 est,
1870 3159 1961 3221 in-

456 3253 635 3334 juste
666 3254 880 3335 rapuit
911 3262 973 3317 et
1003 3256 1427 3338 consumpsit,
1460 3266 1722 3325 evo-met,
1743 3256 1807 3318 id
1839 3264 1954 3335 est,

456 3351 739 3433 turpiter
779 3353 1025 3434 perdet,
1060 3354 1160 3416 vel
1206 3354 1654 3435 intempestive
1685 3374 1757 3417 ac
1786 3355 1962 3419 dolo-

460 3468 607 3513 rose
638 3451 926 3526 amittet3
972 3461 1031 3511 et
1074 3454 1154 3511 de
1196 3462 1414 3513 ventre
1456 3454 1643 3512 illius
1668 3457 1961 3514 eoecrahet

455 3572 568 3611 eas
596 3553 795 3620 Deus,
826 3549 889 3612 id
935 3558 1051 3627 est,
1095 3550 1385 3614 districte
1423 3552 1503 3613 ab
1543 3570 1617 3614 eo
1650 3552 1954 3633 requiret,

458 3648 956 3729 torquendoque
996 3648 1207 3728 exiget
1250 3649 1565 3731 quidquid
1610 3650 1808 3731 impie
1845 3649 1959 3712 ha-

460 3745 627 3822 buit,
662 3746 815 3827 egit,
850 3747 1174 3828 expendit.

548 3847 757 3921 Caput
806 3848 1111 3923 aspidum
1153 3856 1393 3924 surget,
1425 3845 1488 3907 id
1538 3854 1654 3923 est,
1689 3845 1958 3928 impium

460 3952 659 4024 atque
690 3941 1085 4025 hypocritam
1119 3944 1379 4007 invadet
1417 3952 1486 4005 ut
1523 3944 1829 4019 mordeat,
1864 3944 1961 4006 in-

461 4040 815 4121 telligendo
859 4060 975 4123 per
1020 4050 1213 4123 caput
1250 4034 1958 4124 aspidum‚'principem

460 4160 705 4205 saevum
738 4139 873 4203 sive
902 4140 1253 4204 diabolum.
1274 4140 1376 4203 Sic
1398 4140 1459 4203 S.
1480 4141 1751 4204 Thomas
1782 4159 1963 4223 expo-

2073 3161 2176 3223 tiae
2205 3160 2594 3223 accurrentis
2633 3169 2704 3222 ut
2734 3159 3013 3235 flumen3
3049 3162 3149 3225 vel
3178 3160 3558 3224 adhaerentis

2070 3268 2133 3323 et
2178 3258 2403 3321 stantis
2453 3266 2524 3319 ut
2573 3266 2821 3321 torrens
2861 3261 3070 3320 mellis
3107 3269 3167 3320 et
3205 3261 3450 3336 butyri,
3493 3258 3558 3320 id

2070 3365 2180 3434 est,
2198 3356 2652 3419 abundantiam
2683 3355 2966 3418 dulcium
2988 3376 3061 3419 ac
3080 3356 3558 3421 delectabilium

2071 3475 2284 3518 rerum
2317 3473 2444 3518 non
2473 3454 2724 3517 habeat.

2148 3556 2312 3614 Luec
2333 3572 2474 3631 quoe
2491 3552 2646 3629 fecit
2666 3553 2912 3624 omnia,
2936 3550 3000 3613 id
3021 3559 3137 3627 est,
3164 3570 3279 3633 pro
3308 3551 3556 3615 univer-

2070 3651 2157 3712 sis
2187 3658 2250 3712 et
2280 3648 2548 3730 singulis
2581 3648 2712 3711 suis
2742 3648 2918 3711 vitiis
2949 3649 3250 3730 punietur
3286 3667 3299 3711 ε
3335 3668 3557 3731 quem-

2070 3749 2408 3811 admodum
2442 3748 2507 3809 in
2538 3745 2866 3809 Ezechiele
2886 3746 3190 3810 Dominus
3210 3746 3312 3822 ait,
3328 3746 3558 3809 Unum·
3625 3770 3797 3815 asech.

2070 3865 2392 3929 quemque
2433 3846 2611 3926 juxta
2654 3845 2790 3908 vias
2841 3864 2984 3906 suas
3034 3844 3356 3925 judicabo.
3394 3845 3556 3907 Deus
3585 3836 3786 3885 ¹”'¹‘³⁰·

2070 3945 2243 4008 enim
2292 3944 2541 4006 nullum
2584 3943 2822 4005 malum
2863 3942 3098 4005 deserit
3141 3942 3554 4023 impunitum,

2073 4044 2238 4107 sicut
2267 4063 2382 4106 nec
2411 4042 2652 4124 aliquid
2685 4042 2750 4104 in
2775 4050 2904 4105 toto
2927 4040 3355 4104 inordinatum
3375 4040 3562 4105 relin—

2071 4144 2213 4224 quit
2247 4163 2260 4207 :
2295 4143 2467 4223 quod
2501 4140 2671 4205 enim
2705 4139 3136 4202 inordinatum
3168 4147 3264 4201 est
3295 4158 3410 4221 per
3437 4140 3564 4201 cul-

462 4239 585 4303 nit.
623 4238 770 4313 Quae
811 4238 1125 4320 expositio
1156 4239 1407 4302 cuidam
1440 4238 1657 4320 inepta
1684 4238 1957 4316 videtur,
1994 4253 2045 4314 D
2073 4260 2242 4323 pam,
2275 4239 2530 4303 ordinat
2564 4238 2702 4320 ipse
2731 4256 2846 4320 per
2877 4254 3154 4319 poenam.
3185 4238 3318 4301 Nec
3347 4248 3562 4299 tamen

462 4337 776 4401 asserenti
797 4337 968 4419 quod
998 4337 1062 4399 in
1084 4337 1347 4401 Hebraeo
1368 4357 1439 4401 ac
1461 4337 1644 4400 libris
1664 4338 1961 4401 correctis

461 4436 798 4513 habeatur,
836 4434 1050 4516 Suget.
1071 4434 1519 4499 Verumtamen
1544 4436 1601 4497 B.
1624 4435 1962 4515 Gregorius

462 4533 1001 4615 diligentissimus
1050 4533 1199 4596 libri
1247 4534 1438 4616 hujus
1487 4534 1832 4616 inspector,
1870 4553 1965 4597 se-

462 4634 750 4697 cundum
782 4640 1121 4714 utramque
1153 4633 1651 4709 translationem,
1668 4632 1964 4697 videlicet

462 4731 886 4814 Septuaginta
942 4730 1364 4813 interpretum
1422 4740 1612 4813 atque
1659 4732 1973 4815 Hierony--

461 4828 579 4907 mi,
616 4829 770 4909 legit
814 4836 878 4891 et
921 4828 1203 4911 exponit,
1248 4828 1492 4909 Surget,
1545 4848 1696 4905 non,
1749 4829 1960 4910 Suget.

462 4928 629 4991 Hinc
659 4926 877 4991 verius
901 4945 1043 4990 reor
1072 4926 1165 4990 sic
1195 4928 1264 4989 in
1294 4927 1555 4991 Hebraeo
1586 4927 1830 5003 haberi,
1856 4928 1967 4990 sic-

463 5032 539 5088 ut
558 5024 981 5106 Hieronymus
1002 5025 1333 5099 transtulit,
1350 5024 1461 5107 qui
1480 5025 1723 5106 ubique
1742 5026 1969 5087 asserit

464 5144 539 5187 se
558 5124 935 5187 Hebraicam
968 5123 1299 5187 veritatem
1331 5130 1635 5201 secutum,
1657 5142 1771 5187 nec
1793 5124 1970 5205 quid-

466 5242 665 5304 quam
696 5223 776 5285 de
803 5240 879 5285 ea
910 5231 1201 5285 mutasse.
1219 5222 1481 5304 Insuper
1507 5222 1778 5284 arbitror
1797 5223 1968 5303 quod

468 5320 741 5385 verbum
798 5320 1177 5383 Hebraicum
1228 5320 1311 5383 sit
1360 5320 1524 5383 forte
1572 5320 1969 5401 aequivocum

2071 4348 2504 4409 consumetur,
2533 4337 2598 4399 id
2628 4344 2744 4414 est,
2779 4355 2918 4399 esse
2950 4354 3077 4399 non
3109 4335 3377 4399 desinet.
3408 4336 3562 4398 Ani-

2072 4456 2176 4499 ma
2225 4437 2395 4499 enim
2453 4443 2783 4518 permanet
2843 4433 3243 4513 immortalis,
3296 4453 3565 4516 corpora

2072 4554 2331 4617 quoque
2360 4535 2800 4596 damnatorum
2831 4532 3225 4611 resuscitata,
3259 4551 3388 4596 non
3419 4552 3565 4596 con-

2075 4641 2408 4695 sumentur
2437 4630 2518 4693 ab
2547 4631 2694 4712 igne
2726 4629 2986 4693 inferni.
3019 4630 3182 4693 Mors
3219 4630 3460 4713 quippe
3489 4630 3566 4692 il-

2076 4732 2202 4794 lius
2249 4731 2546 4807 miseriae,
2599 4750 2740 4812 quae
2791 4729 2855 4791 in
2903 4728 3282 4812 Apocalypsi
3330 4730 3565 4793 dicitur

2074 4848 2246 4892 mors
2278 4830 2578 4906 secunda,
2615 4847 2741 4892 non
2774 4828 2944 4892 tollit
2973 4847 3112 4891 esse
3141 4836 3206 4891 et
3229 4826 3426 4890 vitam
3459 4846 3564 4890 na·
3617 4863 3756 4917 Apoo.
3781 4874 3851 4913 u·

2076 4936 2254 5005 turae,
2285 4946 2403 4991 nec
2432 4926 2702 4990 destruit
2730 4944 3016 5007 corpora,
3043 4925 3153 4988 sed
3184 4926 3566 4989 aeternaliter
3593 4927 3658 4977 ¹⁴³
3679 4936 3763 4975 ¹¹¹·
3784 4926 3826 4967 ⁸·

2077 5026 2244 5089 inest
2291 5045 2364 5089 ac
2411 5024 2646 5107 punit:
2682 5044 2798 5087 nec
2845 5022 2936 5086 ibi
2985 5022 3358 5086 verificatur
3406 5023 3564 5085 illud
3618 5048 3747 5091 nm„
3768 5047 3858 5090 Λή.

2075 5122 2736 5205 Philosophi,Nullum
2766 5122 3119 5185 violentum
3148 5129 3559 5203 perpetuum;
3591 5111 3775 5155 “mu-“-

2078 5223 2186 5285 sed
2203 5221 2402 5303 (quod
2425 5221 2488 5282 in
2505 5218 2882 5302 Apocalypsi
2904 5219 3157 5299 legitur)
3174 5219 3564 5281 cruciabitur
3617 5254 3755 5307 ΑΜ,
3771 5264 3856 5303 nv,

2080 5319 2344 5401 iniquus
2375 5318 2521 5399 igne
2551 5325 2614 5379 et
2644 5315 2912 5393 sulfure,
2944 5324 3004 5379 et
3039 5314 3066 5377 s
3071 5336 3254 5379 umus
3287 5324 3566 5381 tormen-
3593 5318 3660 5366 ¹⁰·
3684 5317 3750 5357 ¹¹·
