<?xml version="1.0" encoding="UTF-8"?>
<!DOCTYPE html PUBLIC "-//W3C//DTD XHTML 1.0 Transitional//EN"
    "http://www.w3.org/TR/xhtml1/DTD/xhtml1-transitional.dtd">
<html xmlns="http://www.w3.org/1999/xhtml" xml:lang="en" lang="en">
 <head>
  <title>
</title>
<meta http-equiv="Content-Type" content="text/html;charset=utf-8" />
  <meta name='ocr-system' content='tesseract 3.04.00' />
  <meta name='ocr-capabilities' content='ocr_page ocr_carea ocr_par ocr_line ocrx_word'/>
</head>
<body>
  <div class='ocr_page' id='page_1' title='image "./doctorisecstati06unkngoog_0165.png"; bbox 0 0 4309 6259; ppageno 0'>
   <div class='ocr_carea' id='block_1_1' title="bbox 822 489 3414 560">
    <p class='ocr_par' dir='ltr' id='par_1_1' title="bbox 822 489 3414 560">
     <span class='ocr_line' id='line_1_1' title="bbox 822 489 3414 560; baseline -0.002 -2"><span class='ocrx_word' id='word_1_1' title='bbox 822 510 1172 560; x_wconf 65' lang='lat' dir='ltr'>mmm-10</span> <span class='ocrx_word' id='word_1_2' title='bbox 1215 509 1278 555; x_wconf 78' lang='lat' dir='ltr'>m</span> <span class='ocrx_word' id='word_1_3' title='bbox 1320 507 1457 554; x_wconf 65' lang='lat' dir='ltr'>cn.</span> <span class='ocrx_word' id='word_1_4' title='bbox 1503 507 1545 553; x_wconf 87' lang='lat' dir='ltr'>x</span> <span class='ocrx_word' id='word_1_5' title='bbox 1587 504 1745 551; x_wconf 79' lang='lat' dir='ltr'>unm</span> <span class='ocrx_word' id='word_1_6' title='bbox 1785 503 1959 550; x_wconf 74' lang='lat' dir='ltr'>rium</span> <span class='ocrx_word' id='word_1_7' title='bbox 1996 503 2529 552; x_wconf 72' lang='lat' dir='ltr'>PAMLIPouENON.</span> <span class='ocrx_word' id='word_1_8' title='bbox 2576 526 2657 536; x_wconf 95' lang='lat'><strong>—</strong></span> <span class='ocrx_word' id='word_1_9' title='bbox 2697 509 2840 555; x_wconf 61' lang='grc' dir='ltr'><strong>ΛΒΤ.</strong></span> <span class='ocrx_word' id='word_1_10' title='bbox 2886 507 2929 554; x_wconf 85' lang='lat' dir='ltr'><strong>x</strong></span> <span class='ocrx_word' id='word_1_11' title='bbox 3303 489 3414 553; x_wconf 73' lang='lat'>141</span> 
     </span>
    </p>
   </div>
   <div class='ocr_carea' id='block_1_2' title="bbox 82 671 3718 5383">
    <p class='ocr_par' dir='ltr' id='par_1_2' title="bbox 82 671 3718 5383">
     <span class='ocr_line' id='line_1_2' title="bbox 326 671 3416 757; baseline -0.001 -13"><span class='ocrx_word' id='word_1_12' title='bbox 326 687 458 745; x_wconf 79' lang='lat' dir='ltr'>rati</span> <span class='ocrx_word' id='word_1_13' title='bbox 476 687 549 744; x_wconf 77' lang='lat' dir='ltr'>in</span> <span class='ocrx_word' id='word_1_14' title='bbox 583 693 801 744; x_wconf 81' lang='lat' dir='ltr'>monte</span> <span class='ocrx_word' id='word_1_15' title='bbox 833 684 1075 743; x_wconf 77' lang='lat' dir='ltr'>Gezboe.</span> <span class='ocrx_word' id='word_1_16' title='bbox 1110 683 1449 757; x_wconf 79' lang='lat' dir='ltr'>Quumque</span> <span class='ocrx_word' id='word_1_17' title='bbox 1476 676 1824 756; x_wconf 78' lang='lat' dir='ltr'>appropin-</span> <span class='ocrx_word' id='word_1_18' title='bbox 1854 671 1906 734; x_wconf 78' lang='lat' dir='ltr'>A</span> <span class='ocrx_word' id='word_1_19' title='bbox 1936 675 2161 734; x_wconf 77' lang='lat' dir='ltr'>timore</span> <span class='ocrx_word' id='word_1_20' title='bbox 2185 679 2590 752; x_wconf 75' lang='lat' dir='ltr'>perterritus.</span> <span class='ocrx_word' id='word_1_21' title='bbox 2625 677 2778 740; x_wconf 90' lang='lat' dir='ltr'>Nam</span> <span class='ocrx_word' id='word_1_22' title='bbox 2811 686 2874 741; x_wconf 89' lang='lat' dir='ltr'>et</span> <span class='ocrx_word' id='word_1_23' title='bbox 2904 677 3229 742; x_wconf 78' lang='lat' dir='ltr'><strong>exhorruit</strong></span> <span class='ocrx_word' id='word_1_24' title='bbox 3271 677 3416 740; x_wconf 87' lang='lat' dir='ltr'>mit-</span> 
     </span>
     <span class='ocr_line' id='line_1_3' title="bbox 326 774 3418 862; baseline -0.002 -19"><span class='ocrx_word' id='word_1_25' title='bbox 326 792 629 862; x_wconf 75' lang='lat' dir='ltr'>quassenc</span> <span class='ocrx_word' id='word_1_26' title='bbox 658 782 1019 850; x_wconf 75' lang='lat' dir='ltr'>Philiscoei,</span> <span class='ocrx_word' id='word_1_27' title='bbox 1056 786 1505 857; x_wconf 73' lang='lat' dir='ltr'>persequente-s</span> <span class='ocrx_word' id='word_1_28' title='bbox 1549 778 1717 837; x_wconf 80' lang='lat' dir='ltr'>Saul</span> <span class='ocrx_word' id='word_1_29' title='bbox 1764 782 1823 833; x_wconf 78' lang='lat' dir='ltr'>ec</span> <span class='ocrx_word' id='word_1_30' title='bbox 1935 779 2065 834; x_wconf 88' lang='lat' dir='ltr'>tere</span> <span class='ocrx_word' id='word_1_31' title='bbox 2110 792 2369 836; x_wconf 87' lang='lat' dir='ltr'>manum</span> <span class='ocrx_word' id='word_1_32' title='bbox 2415 774 2479 836; x_wconf 92' lang='lat' dir='ltr'>in</span> <span class='ocrx_word' id='word_1_33' title='bbox 2518 776 2849 858; x_wconf 89' lang='lat' dir='ltr'>proprium</span> <span class='ocrx_word' id='word_1_34' title='bbox 2883 777 3210 839; x_wconf 90' lang='lat' dir='ltr'>dominum</span> <span class='ocrx_word' id='word_1_35' title='bbox 3246 785 3309 840; x_wconf 91' lang='lat' dir='ltr'>et</span> <span class='ocrx_word' id='word_1_36' title='bbox 3351 776 3418 838; x_wconf 90' lang='lat' dir='ltr'>in</span> 
     </span>
     <span class='ocr_line' id='line_1_4' title="bbox 322 869 3421 958; baseline -0.001 -20"><span class='ocrx_word' id='word_1_37' title='bbox 322 881 495 957; x_wconf 78' lang='lat' dir='ltr'>filios</span> <span class='ocrx_word' id='word_1_38' title='bbox 522 881 692 958; x_wconf 80' lang='lat' dir='ltr'>ejus,</span> <span class='ocrx_word' id='word_1_39' title='bbox 720 876 1550 955; x_wconf 70' lang='lat' dir='ltr'>percusseruntlonachan,</span> <span class='ocrx_word' id='word_1_40' title='bbox 1580 881 1641 932; x_wconf 78' lang='lat' dir='ltr'>et</span> <span class='ocrx_word' id='word_1_41' title='bbox 1669 871 1827 933; x_wconf 84' lang='lat' dir='ltr'>Abi-</span> <span class='ocrx_word' id='word_1_42' title='bbox 1934 869 2242 933; x_wconf 88' lang='lat' dir='ltr'>christum</span> <span class='ocrx_word' id='word_1_43' title='bbox 2276 871 2526 935; x_wconf 87' lang='lat' dir='ltr'>Domini</span> <span class='ocrx_word' id='word_1_44' title='bbox 2563 873 2708 949; x_wconf 82' lang='lat' dir='ltr'>Dei3</span> <span class='ocrx_word' id='word_1_45' title='bbox 2745 873 2866 937; x_wconf 89' lang='lat' dir='ltr'>fuit</span> <span class='ocrx_word' id='word_1_46' title='bbox 2895 894 3151 957; x_wconf 90' lang='lat' dir='ltr'>quoque</span> <span class='ocrx_word' id='word_1_47' title='bbox 3181 885 3421 957; x_wconf 89' lang='lat' dir='ltr'>perter-</span> 
     </span>
     <span class='ocr_line' id='line_1_5' title="bbox 326 968 3414 1056; baseline -0.001 -18"><span class='ocrx_word' id='word_1_48' title='bbox 326 980 563 1049; x_wconf 80' lang='lat' dir='ltr'>nadab‚</span> <span class='ocrx_word' id='word_1_49' title='bbox 615 987 677 1038; x_wconf 80' lang='lat' dir='ltr'>et</span> <span class='ocrx_word' id='word_1_50' title='bbox 712 977 1096 1045; x_wconf 74' lang='lat' dir='ltr'>Melchisua,</span> <span class='ocrx_word' id='word_1_51' title='bbox 1133 975 1306 1052; x_wconf 81' lang='lat' dir='ltr'>filios</span> <span class='ocrx_word' id='word_1_52' title='bbox 1348 976 1537 1034; x_wconf 78' lang='lat' dir='ltr'>Saul.</span> <span class='ocrx_word' id='word_1_53' title='bbox 1584 973 1669 1033; x_wconf 72' lang='lat' dir='ltr'>Et</span> <span class='ocrx_word' id='word_1_54' title='bbox 1716 988 1827 1046; x_wconf 77' lang='lat'>‹19-</span> <span class='ocrx_word' id='word_1_55' title='bbox 1936 968 2095 1030; x_wconf 91' lang='lat' dir='ltr'>ritus</span> <span class='ocrx_word' id='word_1_56' title='bbox 2138 989 2215 1032; x_wconf 85' lang='lat' dir='ltr'>ex</span> <span class='ocrx_word' id='word_1_57' title='bbox 2259 969 2639 1035; x_wconf 78' lang='lat' dir='ltr'><strong>imminente</strong></span> <span class='ocrx_word' id='word_1_58' title='bbox 2677 973 2798 1035; x_wconf 92' lang='lat' dir='ltr'>sibi</span> <span class='ocrx_word' id='word_1_59' title='bbox 2840 973 3123 1056; x_wconf 90' lang='lat' dir='ltr'>periculo</span> <span class='ocrx_word' id='word_1_60' title='bbox 3171 974 3414 1037; x_wconf 81' lang='lat' dir='ltr'>mortiS.</span> 
     </span>
     <span class='ocr_line' id='line_1_6' title="bbox 317 1066 3420 1154; baseline 0 -20"><span class='ocrx_word' id='word_1_61' title='bbox 317 1085 675 1152; x_wconf 72' lang='lat' dir='ltr'>yravatum</span> <span class='ocrx_word' id='word_1_62' title='bbox 721 1083 812 1134; x_wconf 77' lang='lat' dir='ltr'>est</span> <span class='ocrx_word' id='word_1_63' title='bbox 845 1073 1159 1150; x_wconf 79' lang='lat' dir='ltr'>proelium</span> <span class='ocrx_word' id='word_1_64' title='bbox 1199 1079 1423 1132; x_wconf 79' lang='lat' dir='ltr'>contra</span> <span class='ocrx_word' id='word_1_65' title='bbox 1464 1073 1633 1130; x_wconf 84' lang='lat' dir='ltr'>Saul</span> <span class='ocrx_word' id='word_1_66' title='bbox 1650 1093 1679 1140; x_wconf 87' lang='lat'>,·</span> <span class='ocrx_word' id='word_1_67' title='bbox 1725 1070 1827 1128; x_wconf 85' lang='lat' dir='ltr'>in-</span> <span class='ocrx_word' id='word_1_68' title='bbox 1935 1066 2058 1130; x_wconf 87' lang='lat' dir='ltr'>Nec</span> <span class='ocrx_word' id='word_1_69' title='bbox 2094 1067 2427 1131; x_wconf 84' lang='lat' dir='ltr'>tenebatur</span> <span class='ocrx_word' id='word_1_70' title='bbox 2449 1068 2516 1132; x_wconf 86' lang='lat' dir='ltr'>in</span> <span class='ocrx_word' id='word_1_71' title='bbox 2548 1071 2671 1134; x_wconf 89' lang='lat' dir='ltr'>isto</span> <span class='ocrx_word' id='word_1_72' title='bbox 2692 1071 2950 1135; x_wconf 85' lang='lat' dir='ltr'>obedire</span> <span class='ocrx_word' id='word_1_73' title='bbox 2982 1080 3420 1154; x_wconf 22' lang='lat' dir='ltr'>praeceptohre-</span> 
     </span>
     <span class='ocr_line' id='line_1_7' title="bbox 326 1165 3411 1253; baseline -0.001 -19"><span class='ocrx_word' id='word_1_74' title='bbox 326 1184 769 1253; x_wconf 77' lang='lat' dir='ltr'>veneruntque</span> <span class='ocrx_word' id='word_1_75' title='bbox 815 1192 994 1241; x_wconf 77' lang='lat' dir='ltr'>eum,</span> <span class='ocrx_word' id='word_1_76' title='bbox 1043 1170 1341 1232; x_wconf 89' lang='lat' dir='ltr'>videlicet</span> <span class='ocrx_word' id='word_1_77' title='bbox 1390 1168 1603 1250; x_wconf 90' lang='lat' dir='ltr'>ipsum</span> <span class='ocrx_word' id='word_1_78' title='bbox 1652 1166 1821 1244; x_wconf 88' lang='lat' dir='ltr'>Saul,</span> <span class='ocrx_word' id='word_1_79' title='bbox 1934 1165 2053 1242; x_wconf 82' lang='lat' dir='ltr'>giS,</span> <span class='ocrx_word' id='word_1_80' title='bbox 2089 1167 2443 1247; x_wconf 80' lang='lat' dir='ltr'>praesertim</span> <span class='ocrx_word' id='word_1_81' title='bbox 2485 1169 2539 1230; x_wconf 90' lang='lat' dir='ltr'>si</span> <span class='ocrx_word' id='word_1_82' title='bbox 2573 1169 2717 1232; x_wconf 88' lang='lat' dir='ltr'>Saul</span> <span class='ocrx_word' id='word_1_83' title='bbox 2764 1170 2988 1234; x_wconf 80' lang='lat' dir='ltr'>illicite</span> <span class='ocrx_word' id='word_1_84' title='bbox 3030 1171 3222 1251; x_wconf 88' lang='lat' dir='ltr'>jussit</span> <span class='ocrx_word' id='word_1_85' title='bbox 3251 1171 3411 1235; x_wconf 88' lang='lat' dir='ltr'>hoc:</span> 
     </span>
     <span class='ocr_line' id='line_1_8' title="bbox 322 1263 3419 1352; baseline 0.001 -20"><span class='ocrx_word' id='word_1_86' title='bbox 322 1273 686 1349; x_wconf 63' lang='lat' dir='ltr'>sagittarii,</span> <span class='ocrx_word' id='word_1_87' title='bbox 720 1281 779 1332; x_wconf 76' lang='lat' dir='ltr'>et</span> <span class='ocrx_word' id='word_1_88' title='bbox 812 1275 1323 1332; x_wconf 75' lang='lat' dir='ltr'>vulneraverunt</span> <span class='ocrx_word' id='word_1_89' title='bbox 1339 1269 1611 1345; x_wconf 73' lang='lat' dir='ltr'>jaculi-9.</span> <span class='ocrx_word' id='word_1_90' title='bbox 1938 1263 2066 1327; x_wconf 90' lang='lat' dir='ltr'>imo</span> <span class='ocrx_word' id='word_1_91' title='bbox 2098 1265 2264 1327; x_wconf 82' lang='lat' dir='ltr'>sicut</span> <span class='ocrx_word' id='word_1_92' title='bbox 2295 1266 2592 1329; x_wconf 83' lang='lat' dir='ltr'>illicitum</span> <span class='ocrx_word' id='word_1_93' title='bbox 2635 1277 2731 1330; x_wconf 88' lang='lat' dir='ltr'>est</span> <span class='ocrx_word' id='word_1_94' title='bbox 2771 1288 2837 1332; x_wconf 85' lang='lat' dir='ltr'>se</span> <span class='ocrx_word' id='word_1_95' title='bbox 2878 1269 3087 1352; x_wconf 88' lang='lat' dir='ltr'>ipsum</span> <span class='ocrx_word' id='word_1_96' title='bbox 3129 1269 3419 1334; x_wconf 83' lang='lat' dir='ltr'>occidere</span> 
     </span>
     <span class='ocr_line' id='line_1_9' title="bbox 367 1363 3420 1446; baseline -0 -14"><span class='ocrx_word' id='word_1_97' title='bbox 367 1373 455 1432; x_wconf 75' lang='lat' dir='ltr'>Et</span> <span class='ocrx_word' id='word_1_98' title='bbox 471 1368 1367 1443; x_wconf 71' lang='lat' dir='ltr'>dixitSauladarmiyer-um</span> <span class='ocrx_word' id='word_1_99' title='bbox 1386 1386 1575 1426; x_wconf 76' lang='lat' dir='ltr'>suum</span> <span class='ocrx_word' id='word_1_100' title='bbox 1599 1383 1827 1446; x_wconf 89' lang='lat' dir='ltr'>:quem</span> <span class='ocrx_word' id='word_1_101' title='bbox 1937 1363 2199 1444; x_wconf 89' lang='lat' dir='ltr'>propria</span> <span class='ocrx_word' id='word_1_102' title='bbox 2229 1383 2447 1441; x_wconf 91' lang='lat' dir='ltr'>manu,</span> <span class='ocrx_word' id='word_1_103' title='bbox 2483 1365 2572 1428; x_wconf 84' lang='lat' dir='ltr'>ita</span> <span class='ocrx_word' id='word_1_104' title='bbox 2613 1365 2910 1430; x_wconf 91' lang='lat' dir='ltr'>illicitum</span> <span class='ocrx_word' id='word_1_105' title='bbox 2951 1376 3066 1442; x_wconf 88' lang='lat' dir='ltr'>est,</span> <span class='ocrx_word' id='word_1_106' title='bbox 3107 1367 3312 1431; x_wconf 90' lang='lat' dir='ltr'>facere</span> <span class='ocrx_word' id='word_1_107' title='bbox 3351 1387 3420 1431; x_wconf 89' lang='lat' dir='ltr'>se</span> 
     </span>
     <span class='ocr_line' id='line_1_10' title="bbox 328 1459 3417 1547; baseline 0 -19"><span class='ocrx_word' id='word_1_108' title='bbox 328 1466 578 1530; x_wconf 81' lang='lat' dir='ltr'>Hebraei</span> <span class='ocrx_word' id='word_1_109' title='bbox 638 1474 701 1530; x_wconf 89' lang='lat' dir='ltr'>et</span> <span class='ocrx_word' id='word_1_110' title='bbox 758 1465 1069 1531; x_wconf 79' lang='lat' dir='ltr'>Catholici</span> <span class='ocrx_word' id='word_1_111' title='bbox 1125 1463 1552 1526; x_wconf 88' lang='lat' dir='ltr'>communiter</span> <span class='ocrx_word' id='word_1_112' title='bbox 1607 1463 1828 1526; x_wconf 91' lang='lat' dir='ltr'>dicunt</span> <span class='ocrx_word' id='word_1_113' title='bbox 1938 1460 2144 1523; x_wconf 88' lang='lat' dir='ltr'>occidi</span> <span class='ocrx_word' id='word_1_114' title='bbox 2190 1459 2272 1524; x_wconf 87' lang='lat' dir='ltr'>ab</span> <span class='ocrx_word' id='word_1_115' title='bbox 2316 1462 2466 1540; x_wconf 88' lang='lat' dir='ltr'>alio,</span> <span class='ocrx_word' id='word_1_116' title='bbox 2505 1465 2931 1544; x_wconf 76' lang='lat' dir='ltr'>praetermisso</span> <span class='ocrx_word' id='word_1_117' title='bbox 2972 1466 3194 1528; x_wconf 81' lang='lat' dir='ltr'>ordine</span> <span class='ocrx_word' id='word_1_118' title='bbox 3231 1465 3417 1547; x_wconf 82' lang='lat' dir='ltr'>juriS,</span> 
     </span>
     <span class='ocr_line' id='line_1_11' title="bbox 94 1560 3424 1647; baseline -0.002 -15"><span class='ocrx_word' id='word_1_119' title='bbox 94 1579 201 1632; x_wconf 70' lang='lat' dir='ltr'>issev-</span> <span class='ocrx_word' id='word_1_120' title='bbox 212 1580 299 1626; x_wconf 59' lang='grc' dir='ltr'>ιω.</span> <span class='ocrx_word' id='word_1_121' title='bbox 328 1565 537 1628; x_wconf 85' lang='lat' dir='ltr'>fuisse</span> <span class='ocrx_word' id='word_1_122' title='bbox 586 1565 801 1647; x_wconf 88' lang='lat' dir='ltr'>ipsum</span> <span class='ocrx_word' id='word_1_123' title='bbox 848 1566 1019 1644; x_wconf 88' lang='lat' dir='ltr'>Doeg</span> <span class='ocrx_word' id='word_1_124' title='bbox 1058 1563 1427 1638; x_wconf 68' lang='lat' dir='ltr'>Idumaeam,</span> <span class='ocrx_word' id='word_1_125' title='bbox 1461 1562 1572 1642; x_wconf 91' lang='lat' dir='ltr'>qui</span> <span class='ocrx_word' id='word_1_126' title='bbox 1622 1561 1827 1643; x_wconf 90' lang='lat' dir='ltr'>primo</span> <span class='ocrx_word' id='word_1_127' title='bbox 1937 1575 2137 1638; x_wconf 90' lang='lat' dir='ltr'>quum</span> <span class='ocrx_word' id='word_1_128' title='bbox 2168 1560 2287 1623; x_wconf 91' lang='lat' dir='ltr'>hoc</span> <span class='ocrx_word' id='word_1_129' title='bbox 2321 1561 2404 1623; x_wconf 94' lang='lat' dir='ltr'>sit</span> <span class='ocrx_word' id='word_1_130' title='bbox 2441 1580 2508 1624; x_wconf 90' lang='lat' dir='ltr'>se</span> <span class='ocrx_word' id='word_1_131' title='bbox 2549 1561 2755 1644; x_wconf 89' lang='lat' dir='ltr'>ipsum</span> <span class='ocrx_word' id='word_1_132' title='bbox 2789 1563 3077 1626; x_wconf 90' lang='lat' dir='ltr'>occidere</span> <span class='ocrx_word' id='word_1_133' title='bbox 3110 1582 3302 1626; x_wconf 89' lang='lat' dir='ltr'>manu</span> <span class='ocrx_word' id='word_1_134' title='bbox 3333 1565 3424 1627; x_wconf 88' lang='lat' dir='ltr'>al-</span> 
     </span>
     <span class='ocr_line' id='line_1_12' title="bbox 82 1643 2158 1751; baseline -0.003 -25"><span class='ocrx_word' id='word_1_135' title='bbox 82 1643 259 1751; x_wconf 41' lang='lat'>{¹¹5³</span> <span class='ocrx_word' id='word_1_136' title='bbox 212 1653 271 1682; x_wconf 79' lang='lat'>¹¹¹</span> <span class='ocrx_word' id='word_1_137' title='bbox 274 1655 476 1726; x_wconf 80' lang='lat' dir='ltr'>¹&#39;cum</span> <span class='ocrx_word' id='word_1_138' title='bbox 500 1664 652 1726; x_wconf 88' lang='lat' dir='ltr'>Saul</span> <span class='ocrx_word' id='word_1_139' title='bbox 675 1663 953 1746; x_wconf 83' lang='lat' dir='ltr'>perrexit</span> <span class='ocrx_word' id='word_1_140' title='bbox 972 1681 1259 1744; x_wconf 85' lang='lat' dir='ltr'>quaerere</span> <span class='ocrx_word' id='word_1_141' title='bbox 1280 1661 1511 1736; x_wconf 82' lang='lat' dir='ltr'>asinaS,</span> <span class='ocrx_word' id='word_1_142' title='bbox 1528 1669 1591 1723; x_wconf 91' lang='lat' dir='ltr'>et</span> <span class='ocrx_word' id='word_1_143' title='bbox 1612 1668 1829 1741; x_wconf 89' lang='lat' dir='ltr'>postea</span> <span class='ocrx_word' id='word_1_144' title='bbox 1938 1657 2158 1720; x_wconf 74' lang='lat' dir='ltr'>terius,</span> 
     </span>
     <span class='ocr_line' id='line_1_13' title="bbox 328 1757 3427 1873; baseline 0 -49"><span class='ocrx_word' id='word_1_145' title='bbox 328 1762 541 1826; x_wconf 88' lang='lat' dir='ltr'>factus</span> <span class='ocrx_word' id='word_1_146' title='bbox 572 1771 673 1826; x_wconf 88' lang='lat' dir='ltr'>est</span> <span class='ocrx_word' id='word_1_147' title='bbox 713 1761 1196 1873; x_wconf 82' lang='lat' dir='ltr'>potentissimus</span> <span class='ocrx_word' id='word_1_148' title='bbox 1242 1767 1567 1842; x_wconf 84' lang='lat' dir='ltr'>pastorum</span> <span class='ocrx_word' id='word_1_149' title='bbox 1596 1757 1825 1834; x_wconf 83' lang='lat' dir='ltr'>SauliS,</span> <span class='ocrx_word' id='word_1_150' title='bbox 2018 1759 2331 1836; x_wconf 81' lang='lat' dir='ltr'>Arripuit</span> <span class='ocrx_word' id='word_1_151' title='bbox 2358 1779 2506 1836; x_wconf 69' lang='lat' dir='ltr'>erqo</span> <span class='ocrx_word' id='word_1_152' title='bbox 2549 1763 2718 1822; x_wconf 78' lang='lat' dir='ltr'>Saul</span> <span class='ocrx_word' id='word_1_153' title='bbox 2745 1781 2956 1822; x_wconf 75' lang='lat' dir='ltr'>ensem</span> <span class='ocrx_word' id='word_1_154' title='bbox 3001 1780 3210 1838; x_wconf 89' lang='lat' dir='ltr'>suum,</span> <span class='ocrx_word' id='word_1_155' title='bbox 3245 1773 3304 1823; x_wconf 78' lang='lat' dir='ltr'>et</span> <span class='ocrx_word' id='word_1_156' title='bbox 3335 1764 3427 1824; x_wconf 81' lang='lat' dir='ltr'>ir-</span> 
     </span>
     <span class='ocr_line' id='line_1_14' title="bbox 324 1852 3420 1940; baseline -0 -16"><span class='ocrx_word' id='word_1_157' title='bbox 324 1881 401 1924; x_wconf 88' lang='lat' dir='ltr'>ac</span> <span class='ocrx_word' id='word_1_158' title='bbox 432 1862 695 1924; x_wconf 89' lang='lat' dir='ltr'>demum</span> <span class='ocrx_word' id='word_1_159' title='bbox 737 1860 1013 1939; x_wconf 81' lang='lat' dir='ltr'>armiger</span> <span class='ocrx_word' id='word_1_160' title='bbox 1054 1860 1215 1940; x_wconf 87' lang='lat' dir='ltr'>ejus,</span> <span class='ocrx_word' id='word_1_161' title='bbox 1253 1856 1703 1939; x_wconf 80' lang='lat' dir='ltr'>interfecitque</span> <span class='ocrx_word' id='word_1_162' title='bbox 1733 1876 1829 1919; x_wconf 89' lang='lat' dir='ltr'>sa-</span> <span class='ocrx_word' id='word_1_163' title='bbox 1866 1852 1911 1916; x_wconf 90' lang='lat' dir='ltr'><strong>B</strong></span> <span class='ocrx_word' id='word_1_164' title='bbox 1941 1855 2079 1914; x_wconf 72' lang='lat' dir='ltr'>ruit</span> <span class='ocrx_word' id='word_1_165' title='bbox 2127 1857 2202 1916; x_wconf 76' lang='lat' dir='ltr'>in</span> <span class='ocrx_word' id='word_1_166' title='bbox 2249 1876 2416 1918; x_wconf 75' lang='lat' dir='ltr'>eum.</span> <span class='ocrx_word' id='word_1_167' title='bbox 2469 1856 2620 1934; x_wconf 88' lang='lat' dir='ltr'>Hoc,</span> <span class='ocrx_word' id='word_1_168' title='bbox 2673 1857 2836 1920; x_wconf 93' lang='lat' dir='ltr'>sicut</span> <span class='ocrx_word' id='word_1_169' title='bbox 2882 1867 3252 1940; x_wconf 71' lang='lat' dir='ltr'>praetactum</span> <span class='ocrx_word' id='word_1_170' title='bbox 3303 1870 3420 1939; x_wconf 91' lang='lat' dir='ltr'>est,</span> 
     </span>
     <span class='ocr_line' id='line_1_15' title="bbox 324 1952 3427 2040; baseline 0 -17"><span class='ocrx_word' id='word_1_171' title='bbox 324 1961 645 2024; x_wconf 81' lang='lat' dir='ltr'>cerdoteS.</span> <span class='ocrx_word' id='word_1_172' title='bbox 680 1961 988 2036; x_wconf 71' lang='lat' dir='ltr'>Evaqina</span> <span class='ocrx_word' id='word_1_173' title='bbox 1017 1960 1325 2035; x_wconf 63' lang='lat' dir='ltr'>gladium</span> <span class='ocrx_word' id='word_1_174' title='bbox 1373 1968 1582 2029; x_wconf 79' lang='lat' dir='ltr'>tuum,</span> <span class='ocrx_word' id='word_1_175' title='bbox 1624 1967 1683 2017; x_wconf 79' lang='lat' dir='ltr'>ec</span> <span class='ocrx_word' id='word_1_176' title='bbox 1728 1959 1829 2016; x_wconf 83' lang='lat' dir='ltr'>in·</span> <span class='ocrx_word' id='word_1_177' title='bbox 1936 1952 2199 2033; x_wconf 88' lang='lat' dir='ltr'>quidam</span> <span class='ocrx_word' id='word_1_178' title='bbox 2228 1953 2563 2018; x_wconf 86' lang='lat' dir='ltr'>affirmant</span> <span class='ocrx_word' id='word_1_179' title='bbox 2582 1975 2727 2018; x_wconf 89' lang='lat' dir='ltr'>eum</span> <span class='ocrx_word' id='word_1_180' title='bbox 2759 1957 2898 2020; x_wconf 90' lang='lat' dir='ltr'>sine</span> <span class='ocrx_word' id='word_1_181' title='bbox 2920 1965 3177 2040; x_wconf 90' lang='lat' dir='ltr'>peccato</span> <span class='ocrx_word' id='word_1_182' title='bbox 3201 1957 3427 2023; x_wconf 89' lang='lat' dir='ltr'>fecisse</span> 
     </span>
     <span class='ocr_line' id='line_1_16' title="bbox 327 2052 3429 2140; baseline 0.001 -21"><span class='ocrx_word' id='word_1_183' title='bbox 327 2064 544 2135; x_wconf 72' lang='lat' dir='ltr'>certic-e</span> <span class='ocrx_word' id='word_1_184' title='bbox 589 2079 710 2129; x_wconf 87' lang='lat' dir='ltr'>me,</span> <span class='ocrx_word' id='word_1_185' title='bbox 744 2079 827 2118; x_wconf 79' lang='lat' dir='ltr'>ne</span> <span class='ocrx_word' id='word_1_186' title='bbox 868 2059 1035 2133; x_wconf 79' lang='lat' dir='ltr'>force</span> <span class='ocrx_word' id='word_1_187' title='bbox 1076 2058 1344 2118; x_wconf 76' lang='lat' dir='ltr'>veniant</span> <span class='ocrx_word' id='word_1_188' title='bbox 1386 2056 1830 2116; x_wconf 80' lang='lat' dir='ltr'>incircumcisi</span> <span class='ocrx_word' id='word_1_189' title='bbox 1936 2052 2017 2114; x_wconf 93' lang='lat' dir='ltr'>ob</span> <span class='ocrx_word' id='word_1_190' title='bbox 2047 2071 2300 2116; x_wconf 85' lang='lat' dir='ltr'>causam</span> <span class='ocrx_word' id='word_1_191' title='bbox 2335 2054 2771 2135; x_wconf 81' lang='lat' dir='ltr'>praehabitam.</span> <span class='ocrx_word' id='word_1_192' title='bbox 2795 2055 2913 2130; x_wconf 88' lang='lat' dir='ltr'>Qui</span> <span class='ocrx_word' id='word_1_193' title='bbox 2944 2057 3134 2121; x_wconf 89' lang='lat' dir='ltr'>etiam</span> <span class='ocrx_word' id='word_1_194' title='bbox 3166 2058 3429 2140; x_wconf 86' lang='lat' dir='ltr'>opinan-</span> 
     </span>
     <span class='ocr_line' id='line_1_17' title="bbox 327 2152 3426 2237; baseline 0.001 -20"><span class='ocrx_word' id='word_1_195' title='bbox 327 2159 444 2217; x_wconf 77' lang='lat' dir='ltr'>isti</span> <span class='ocrx_word' id='word_1_196' title='bbox 468 2167 531 2218; x_wconf 81' lang='lat' dir='ltr'>et</span> <span class='ocrx_word' id='word_1_197' title='bbox 566 2158 861 2217; x_wconf 79' lang='lat' dir='ltr'>illudant</span> <span class='ocrx_word' id='word_1_198' title='bbox 890 2156 1059 2216; x_wconf 78' lang='lat' dir='ltr'>mihi</span> <span class='ocrx_word' id='word_1_199' title='bbox 1088 2154 1297 2217; x_wconf 90' lang='lat' dir='ltr'>adhuc</span> <span class='ocrx_word' id='word_1_200' title='bbox 1330 2152 1593 2230; x_wconf 90' lang='lat' dir='ltr'>viventi,</span> <span class='ocrx_word' id='word_1_201' title='bbox 1631 2161 1693 2216; x_wconf 91' lang='lat' dir='ltr'>et</span> <span class='ocrx_word' id='word_1_202' title='bbox 1724 2152 1831 2215; x_wconf 86' lang='lat' dir='ltr'>de·</span> <span class='ocrx_word' id='word_1_203' title='bbox 1940 2159 2041 2211; x_wconf 88' lang='lat' dir='ltr'>tur</span> <span class='ocrx_word' id='word_1_204' title='bbox 2070 2170 2216 2213; x_wconf 90' lang='lat' dir='ltr'>eum</span> <span class='ocrx_word' id='word_1_205' title='bbox 2247 2171 2388 2215; x_wconf 88' lang='lat' dir='ltr'>esse</span> <span class='ocrx_word' id='word_1_206' title='bbox 2417 2153 2749 2230; x_wconf 82' lang='lat' dir='ltr'>salvatum,</span> <span class='ocrx_word' id='word_1_207' title='bbox 2782 2155 3086 2237; x_wconf 87' lang='lat' dir='ltr'>quoniam</span> <span class='ocrx_word' id='word_1_208' title='bbox 3126 2157 3244 2219; x_wconf 91' lang='lat' dir='ltr'>etsi</span> <span class='ocrx_word' id='word_1_209' title='bbox 3279 2166 3426 2220; x_wconf 88' lang='lat' dir='ltr'>ante</span> 
     </span>
     <span class='ocr_line' id='line_1_18' title="bbox 326 2250 3423 2336; baseline 0.001 -20"><span class='ocrx_word' id='word_1_210' title='bbox 326 2255 481 2318; x_wconf 88' lang='lat' dir='ltr'>inde</span> <span class='ocrx_word' id='word_1_211' title='bbox 532 2254 833 2317; x_wconf 89' lang='lat' dir='ltr'>occidant</span> <span class='ocrx_word' id='word_1_212' title='bbox 876 2271 1001 2316; x_wconf 89' lang='lat' dir='ltr'>me.</span> <span class='ocrx_word' id='word_1_213' title='bbox 1046 2252 1193 2316; x_wconf 92' lang='lat' dir='ltr'>Saul</span> <span class='ocrx_word' id='word_1_214' title='bbox 1246 2253 1346 2314; x_wconf 90' lang='lat' dir='ltr'>vir</span> <span class='ocrx_word' id='word_1_215' title='bbox 1396 2252 1719 2314; x_wconf 89' lang='lat' dir='ltr'>animosus</span> <span class='ocrx_word' id='word_1_216' title='bbox 1767 2259 1831 2313; x_wconf 91' lang='lat' dir='ltr'>et</span> <span class='ocrx_word' id='word_1_217' title='bbox 1934 2250 2214 2329; x_wconf 88' lang='lat' dir='ltr'>graviter</span> <span class='ocrx_word' id='word_1_218' title='bbox 2257 2251 2825 2335; x_wconf 89' lang='lat' dir='ltr'>multipliciterque</span> <span class='ocrx_word' id='word_1_219' title='bbox 2863 2254 3173 2336; x_wconf 83' lang='lat' dir='ltr'>peccavit,</span> <span class='ocrx_word' id='word_1_220' title='bbox 3212 2265 3423 2318; x_wconf 86' lang='lat' dir='ltr'>tamen</span> 
     </span>
     <span class='ocr_line' id='line_1_19' title="bbox 330 2348 3664 2432; baseline 0.001 -18"><span class='ocrx_word' id='word_1_221' title='bbox 330 2353 564 2416; x_wconf 89' lang='lat' dir='ltr'>solitus</span> <span class='ocrx_word' id='word_1_222' title='bbox 604 2351 931 2428; x_wconf 87' lang='lat' dir='ltr'>honorari,</span> <span class='ocrx_word' id='word_1_223' title='bbox 968 2350 1172 2431; x_wconf 87' lang='lat' dir='ltr'>magis</span> <span class='ocrx_word' id='word_1_224' title='bbox 1215 2349 1586 2412; x_wconf 86' lang='lat' dir='ltr'>formidavit</span> <span class='ocrx_word' id='word_1_225' title='bbox 1616 2349 1825 2426; x_wconf 91' lang='lat' dir='ltr'>illudi,</span> <span class='ocrx_word' id='word_1_226' title='bbox 1939 2349 2155 2410; x_wconf 83' lang='lat' dir='ltr'>audita</span> <span class='ocrx_word' id='word_1_227' title='bbox 2184 2367 2221 2410; x_wconf 89' lang='lat' dir='ltr'>a</span> <span class='ocrx_word' id='word_1_228' title='bbox 2252 2348 2542 2412; x_wconf 90' lang='lat' dir='ltr'>Samuele</span> <span class='ocrx_word' id='word_1_229' title='bbox 2571 2352 2887 2415; x_wconf 89' lang='lat' dir='ltr'>sententia</span> <span class='ocrx_word' id='word_1_230' title='bbox 2906 2372 3036 2416; x_wconf 81' lang='lat' dir='ltr'>suae</span> <span class='ocrx_word' id='word_1_231' title='bbox 3068 2355 3430 2432; x_wconf 82' lang='lat' dir='ltr'>mortiS,ac-</span> <span class='ocrx_word' id='word_1_232' title='bbox 3511 2371 3525 2415; x_wconf 85' lang='grc' dir='ltr'>ι</span> <span class='ocrx_word' id='word_1_233' title='bbox 3555 2373 3664 2430; x_wconf 68' lang='lat' dir='ltr'>neq.</span> 
     </span>
     <span class='ocr_line' id='line_1_20' title="bbox 329 2439 3682 2529; baseline 0.001 -15"><span class='ocrx_word' id='word_1_234' title='bbox 329 2461 395 2514; x_wconf 89' lang='lat' dir='ltr'>et</span> <span class='ocrx_word' id='word_1_235' title='bbox 422 2449 711 2514; x_wconf 90' lang='lat' dir='ltr'>hostium</span> <span class='ocrx_word' id='word_1_236' title='bbox 760 2468 1021 2512; x_wconf 88' lang='lat' dir='ltr'>suorum</span> <span class='ocrx_word' id='word_1_237' title='bbox 1064 2447 1363 2511; x_wconf 90' lang='lat' dir='ltr'>manibus</span> <span class='ocrx_word' id='word_1_238' title='bbox 1394 2447 1603 2525; x_wconf 90' lang='lat' dir='ltr'>subdi,</span> <span class='ocrx_word' id='word_1_239' title='bbox 1638 2455 1831 2529; x_wconf 86' lang='lat' dir='ltr'>atque</span> <span class='ocrx_word' id='word_1_240' title='bbox 1939 2447 2218 2528; x_wconf 84' lang='lat' dir='ltr'>ceptavit</span> <span class='ocrx_word' id='word_1_241' title='bbox 2246 2448 2555 2525; x_wconf 87' lang='lat' dir='ltr'>eamdem,</span> <span class='ocrx_word' id='word_1_242' title='bbox 2581 2456 2732 2512; x_wconf 88' lang='lat' dir='ltr'>etse</span> <span class='ocrx_word' id='word_1_243' title='bbox 2762 2449 2981 2514; x_wconf 84' lang='lat' dir='ltr'>divino</span> <span class='ocrx_word' id='word_1_244' title='bbox 3003 2450 3428 2516; x_wconf 81' lang='lat' dir='ltr'>conformavit</span> <span class='ocrx_word' id='word_1_245' title='bbox 3454 2449 3596 2488; x_wconf 64' lang='lat' dir='ltr'>&#39;‘m&#39;’</span> <span class='ocrx_word' id='word_1_246' title='bbox 3614 2439 3682 2480; x_wconf 79' lang='lat'>¹⁹·</span> 
     </span>
     <span class='ocr_line' id='line_1_21' title="bbox 334 2546 3426 2633; baseline 0.001 -20"><span class='ocrx_word' id='word_1_247' title='bbox 334 2550 414 2613; x_wconf 85' lang='lat' dir='ltr'>ab</span> <span class='ocrx_word' id='word_1_248' title='bbox 444 2549 541 2612; x_wconf 86' lang='lat' dir='ltr'>eis</span> <span class='ocrx_word' id='word_1_249' title='bbox 572 2550 756 2630; x_wconf 83' lang='lat' dir='ltr'>juxta</span> <span class='ocrx_word' id='word_1_250' title='bbox 794 2567 1016 2612; x_wconf 89' lang='lat' dir='ltr'>eorum</span> <span class='ocrx_word' id='word_1_251' title='bbox 1050 2547 1442 2610; x_wconf 85' lang='lat' dir='ltr'>voluntatem</span> <span class='ocrx_word' id='word_1_252' title='bbox 1484 2547 1835 2609; x_wconf 89' lang='lat' dir='ltr'>irreveren-</span> <span class='ocrx_word' id='word_1_253' title='bbox 1938 2546 2203 2627; x_wconf 88' lang='lat' dir='ltr'>judicio,</span> <span class='ocrx_word' id='word_1_254' title='bbox 2259 2566 2530 2629; x_wconf 89' lang='lat' dir='ltr'>pergens</span> <span class='ocrx_word' id='word_1_255' title='bbox 2587 2557 2814 2630; x_wconf 91' lang='lat' dir='ltr'>sponte</span> <span class='ocrx_word' id='word_1_256' title='bbox 2872 2551 2950 2612; x_wconf 88' lang='lat' dir='ltr'>ad</span> <span class='ocrx_word' id='word_1_257' title='bbox 3000 2552 3316 2633; x_wconf 81' lang='lat' dir='ltr'>praelium,</span> <span class='ocrx_word' id='word_1_258' title='bbox 3360 2553 3426 2615; x_wconf 92' lang='lat' dir='ltr'>in</span> 
     </span>
     <span class='ocr_line' id='line_1_22' title="bbox 336 2644 3430 2731; baseline 0 -21"><span class='ocrx_word' id='word_1_259' title='bbox 336 2657 430 2710; x_wconf 88' lang='lat' dir='ltr'>ter</span> <span class='ocrx_word' id='word_1_260' title='bbox 474 2645 1083 2727; x_wconf 87' lang='lat' dir='ltr'>confusibiliterque</span> <span class='ocrx_word' id='word_1_261' title='bbox 1122 2645 1399 2720; x_wconf 86' lang='lat' dir='ltr'>tractari,</span> <span class='ocrx_word' id='word_1_262' title='bbox 1434 2664 1627 2726; x_wconf 90' lang='lat' dir='ltr'>quam</span> <span class='ocrx_word' id='word_1_263' title='bbox 1672 2663 1835 2708; x_wconf 90' lang='lat' dir='ltr'>mor·</span> <span class='ocrx_word' id='word_1_264' title='bbox 1940 2661 2069 2725; x_wconf 90' lang='lat' dir='ltr'>quo</span> <span class='ocrx_word' id='word_1_265' title='bbox 2100 2661 2170 2706; x_wconf 89' lang='lat' dir='ltr'>se</span> <span class='ocrx_word' id='word_1_266' title='bbox 2199 2653 2464 2708; x_wconf 87' lang='lat' dir='ltr'>noverat</span> <span class='ocrx_word' id='word_1_267' title='bbox 2491 2644 2894 2724; x_wconf 90' lang='lat' dir='ltr'>moriturum,</span> <span class='ocrx_word' id='word_1_268' title='bbox 2929 2655 2992 2709; x_wconf 90' lang='lat' dir='ltr'>et</span> <span class='ocrx_word' id='word_1_269' title='bbox 3017 2647 3136 2710; x_wconf 89' lang='lat' dir='ltr'>hoc</span> <span class='ocrx_word' id='word_1_270' title='bbox 3166 2657 3430 2731; x_wconf 90' lang='lat' dir='ltr'>propter</span> 
     </span>
     <span class='ocr_line' id='line_1_23' title="bbox 334 2742 3429 2828; baseline 0 -19"><span class='ocrx_word' id='word_1_271' title='bbox 334 2755 461 2809; x_wconf 88' lang='lat' dir='ltr'>tem</span> <span class='ocrx_word' id='word_1_272' title='bbox 496 2745 635 2828; x_wconf 90' lang='lat' dir='ltr'>pati</span> <span class='ocrx_word' id='word_1_273' title='bbox 668 2763 972 2808; x_wconf 90' lang='lat' dir='ltr'>amaram.</span> <span class='ocrx_word' id='word_1_274' title='bbox 1007 2744 1187 2807; x_wconf 88' lang='lat' dir='ltr'>Unde</span> <span class='ocrx_word' id='word_1_275' title='bbox 1229 2751 1295 2806; x_wconf 87' lang='lat' dir='ltr'>et</span> <span class='ocrx_word' id='word_1_276' title='bbox 1335 2742 1535 2824; x_wconf 88' lang='lat' dir='ltr'>aliqui</span> <span class='ocrx_word' id='word_1_277' title='bbox 1564 2743 1834 2824; x_wconf 89' lang='lat' dir='ltr'>opinan-</span> <span class='ocrx_word' id='word_1_278' title='bbox 1940 2760 2280 2806; x_wconf 89' lang='lat' dir='ltr'>commune</span> <span class='ocrx_word' id='word_1_279' title='bbox 2309 2742 2408 2804; x_wconf 91' lang='lat' dir='ltr'>sui</span> <span class='ocrx_word' id='word_1_280' title='bbox 2439 2743 2659 2824; x_wconf 90' lang='lat' dir='ltr'>populi</span> <span class='ocrx_word' id='word_1_281' title='bbox 2692 2742 2953 2821; x_wconf 90' lang='lat' dir='ltr'>bonum,</span> <span class='ocrx_word' id='word_1_282' title='bbox 2984 2764 3183 2826; x_wconf 92' lang='lat' dir='ltr'>quum</span> <span class='ocrx_word' id='word_1_283' title='bbox 3217 2755 3429 2810; x_wconf 89' lang='lat' dir='ltr'>tamen</span> 
     </span>
     <span class='ocr_line' id='line_1_24' title="bbox 335 2839 3431 2928; baseline 0 -21"><span class='ocrx_word' id='word_1_284' title='bbox 335 2853 439 2907; x_wconf 87' lang='lat' dir='ltr'>tur</span> <span class='ocrx_word' id='word_1_285' title='bbox 466 2863 617 2907; x_wconf 88' lang='lat' dir='ltr'>eum</span> <span class='ocrx_word' id='word_1_286' title='bbox 640 2841 1089 2906; x_wconf 82' lang='lat' dir='ltr'>excusabiliter</span> <span class='ocrx_word' id='word_1_287' title='bbox 1110 2840 1489 2924; x_wconf 78' lang='lat' dir='ltr'>praecepisse</span> <span class='ocrx_word' id='word_1_288' title='bbox 1517 2841 1831 2922; x_wconf 88' lang='lat' dir='ltr'>armigero</span> <span class='ocrx_word' id='word_1_289' title='bbox 1941 2840 2252 2922; x_wconf 86' lang='lat' dir='ltr'>potuisset</span> <span class='ocrx_word' id='word_1_290' title='bbox 2280 2839 2622 2922; x_wconf 88' lang='lat' dir='ltr'>aufugere:</span> <span class='ocrx_word' id='word_1_291' title='bbox 2650 2841 2870 2923; x_wconf 90' lang='lat' dir='ltr'>sicque</span> <span class='ocrx_word' id='word_1_292' title='bbox 2889 2842 3110 2906; x_wconf 89' lang='lat' dir='ltr'>dicunt</span> <span class='ocrx_word' id='word_1_293' title='bbox 3131 2865 3276 2908; x_wconf 91' lang='lat' dir='ltr'>eum</span> <span class='ocrx_word' id='word_1_294' title='bbox 3301 2865 3431 2928; x_wconf 87' lang='lat' dir='ltr'>poe-</span> 
     </span>
     <span class='ocr_line' id='line_1_25' title="bbox 336 2938 3430 3026; baseline 0.001 -22"><span class='ocrx_word' id='word_1_295' title='bbox 336 2961 451 3006; x_wconf 90' lang='lat' dir='ltr'>suo</span> <span class='ocrx_word' id='word_1_296' title='bbox 491 2942 670 3023; x_wconf 88' lang='lat' dir='ltr'>quod</span> <span class='ocrx_word' id='word_1_297' title='bbox 709 2939 953 3004; x_wconf 90' lang='lat' dir='ltr'>dictum</span> <span class='ocrx_word' id='word_1_298' title='bbox 996 2947 1115 3016; x_wconf 89' lang='lat' dir='ltr'>est,</span> <span class='ocrx_word' id='word_1_299' title='bbox 1149 2939 1279 3001; x_wconf 88' lang='lat' dir='ltr'>imo</span> <span class='ocrx_word' id='word_1_300' title='bbox 1322 2947 1386 3001; x_wconf 93' lang='lat' dir='ltr'>et</span> <span class='ocrx_word' id='word_1_301' title='bbox 1424 2938 1833 3002; x_wconf 87' lang='lat' dir='ltr'>laudabiliter</span> <span class='ocrx_word' id='word_1_302' title='bbox 1942 2939 2234 3016; x_wconf 87' lang='lat' dir='ltr'>nituisse,</span> <span class='ocrx_word' id='word_1_303' title='bbox 2259 2947 2322 3003; x_wconf 89' lang='lat' dir='ltr'>et</span> <span class='ocrx_word' id='word_1_304' title='bbox 2343 2939 2512 3002; x_wconf 89' lang='lat' dir='ltr'>bono</span> <span class='ocrx_word' id='word_1_305' title='bbox 2542 2948 2720 3003; x_wconf 90' lang='lat' dir='ltr'>motu</span> <span class='ocrx_word' id='word_1_306' title='bbox 2742 2959 2810 3003; x_wconf 91' lang='lat' dir='ltr'>se</span> <span class='ocrx_word' id='word_1_307' title='bbox 2830 2943 3196 3023; x_wconf 86' lang='lat' dir='ltr'>peremisse,</span> <span class='ocrx_word' id='word_1_308' title='bbox 3215 2963 3430 3026; x_wconf 90' lang='lat' dir='ltr'>quem-</span> 
     </span>
     <span class='ocr_line' id='line_1_26' title="bbox 336 3035 3718 3121; baseline 0 -17"><span class='ocrx_word' id='word_1_309' title='bbox 336 3039 655 3105; x_wconf 86' lang='lat' dir='ltr'>occidisse</span> <span class='ocrx_word' id='word_1_310' title='bbox 698 3057 767 3102; x_wconf 89' lang='lat' dir='ltr'>se</span> <span class='ocrx_word' id='word_1_311' title='bbox 805 3039 1041 3121; x_wconf 87' lang='lat' dir='ltr'>ipsum,</span> <span class='ocrx_word' id='word_1_312' title='bbox 1076 3057 1153 3100; x_wconf 93' lang='lat' dir='ltr'>eo</span> <span class='ocrx_word' id='word_1_313' title='bbox 1194 3037 1367 3119; x_wconf 89' lang='lat' dir='ltr'>quod</span> <span class='ocrx_word' id='word_1_314' title='bbox 1418 3035 1641 3100; x_wconf 86' lang='lat' dir='ltr'>fecerit</span> <span class='ocrx_word' id='word_1_315' title='bbox 1686 3038 1829 3114; x_wconf 91' lang='lat' dir='ltr'>hoc,</span> <span class='ocrx_word' id='word_1_316' title='bbox 1868 3044 1914 3110; x_wconf 85' lang='lat' dir='ltr'>C</span> <span class='ocrx_word' id='word_1_317' title='bbox 1942 3037 2286 3100; x_wconf 82' lang='lat' dir='ltr'>admodum</span> <span class='ocrx_word' id='word_1_318' title='bbox 2345 3037 2608 3100; x_wconf 88' lang='lat' dir='ltr'>Samson</span> <span class='ocrx_word' id='word_1_319' title='bbox 2659 3057 2726 3101; x_wconf 90' lang='lat' dir='ltr'>se</span> <span class='ocrx_word' id='word_1_320' title='bbox 2759 3039 2995 3120; x_wconf 71' lang='lat' dir='ltr'>‘ipsum</span> <span class='ocrx_word' id='word_1_321' title='bbox 3045 3041 3299 3104; x_wconf 89' lang='lat' dir='ltr'>occidit.</span> <span class='ocrx_word' id='word_1_322' title='bbox 3353 3043 3432 3104; x_wconf 94' lang='lat' dir='ltr'>Et</span> <span class='ocrx_word' id='word_1_323' title='bbox 3469 3059 3718 3115; x_wconf 53' lang='lat' dir='ltr'>masam,</span> 
     </span>
     <span class='ocr_line' id='line_1_27' title="bbox 338 3127 3526 3222; baseline 0 -19"><span class='ocrx_word' id='word_1_324' title='bbox 338 3160 418 3203; x_wconf 90' lang='lat' dir='ltr'>ne</span> <span class='ocrx_word' id='word_1_325' title='bbox 448 3158 569 3202; x_wconf 90' lang='lat' dir='ltr'>sua</span> <span class='ocrx_word' id='word_1_326' title='bbox 599 3137 1031 3218; x_wconf 84' lang='lat' dir='ltr'>ignominiosa</span> <span class='ocrx_word' id='word_1_327' title='bbox 1066 3135 1357 3199; x_wconf 87' lang='lat' dir='ltr'>tractatio</span> <span class='ocrx_word' id='word_1_328' title='bbox 1394 3144 1457 3198; x_wconf 92' lang='lat' dir='ltr'>et</span> <span class='ocrx_word' id='word_1_329' title='bbox 1496 3135 1834 3200; x_wconf 81' lang='lat' dir='ltr'>confusiva</span> <span class='ocrx_word' id='word_1_330' title='bbox 1943 3137 2236 3218; x_wconf 82' lang='lat' dir='ltr'>quaedam</span> <span class='ocrx_word' id='word_1_331' title='bbox 2278 3134 2534 3199; x_wconf 84' lang='lat' dir='ltr'>feminae</span> <span class='ocrx_word' id='word_1_332' title='bbox 2565 3144 2820 3214; x_wconf 71' lang='lat' dir='ltr'>sanctae,</span> <span class='ocrx_word' id='word_1_333' title='bbox 2855 3156 2936 3200; x_wconf 90' lang='lat' dir='ltr'>ne</span> <span class='ocrx_word' id='word_1_334' title='bbox 2964 3157 3002 3200; x_wconf 87' lang='lat' dir='ltr'>a</span> <span class='ocrx_word' id='word_1_335' title='bbox 3046 3139 3313 3222; x_wconf 84' lang='lat' dir='ltr'>perfidis</span> <span class='ocrx_word' id='word_1_336' title='bbox 3355 3160 3430 3204; x_wconf 89' lang='lat' dir='ltr'>ac</span> <span class='ocrx_word' id='word_1_337' title='bbox 3457 3127 3526 3168; x_wconf 79' lang='lat'>³⁰·</span> 
     </span>
     <span class='ocr_line' id='line_1_28' title="bbox 338 3233 3433 3318; baseline 0 -16"><span class='ocrx_word' id='word_1_338' title='bbox 338 3237 579 3302; x_wconf 86' lang='lat' dir='ltr'>occisio</span> <span class='ocrx_word' id='word_1_339' title='bbox 631 3236 1062 3300; x_wconf 88' lang='lat' dir='ltr'>redundarent</span> <span class='ocrx_word' id='word_1_340' title='bbox 1108 3233 1175 3296; x_wconf 91' lang='lat' dir='ltr'>in</span> <span class='ocrx_word' id='word_1_341' title='bbox 1223 3233 1711 3297; x_wconf 87' lang='lat' dir='ltr'>irreverentiam</span> <span class='ocrx_word' id='word_1_342' title='bbox 1761 3253 1835 3297; x_wconf 91' lang='lat' dir='ltr'>ac</span> <span class='ocrx_word' id='word_1_343' title='bbox 1946 3235 2232 3318; x_wconf 85' lang='lat' dir='ltr'>tyrannis</span> <span class='ocrx_word' id='word_1_344' title='bbox 2272 3234 2686 3312; x_wconf 83' lang='lat' dir='ltr'>violarentur,</span> <span class='ocrx_word' id='word_1_345' title='bbox 2723 3254 2850 3298; x_wconf 89' lang='lat' dir='ltr'>non</span> <span class='ocrx_word' id='word_1_346' title='bbox 2890 3237 3074 3300; x_wconf 88' lang='lat' dir='ltr'>aliter</span> <span class='ocrx_word' id='word_1_347' title='bbox 3117 3257 3433 3302; x_wconf 87' lang='lat' dir='ltr'>excusan-</span> 
     </span>
     <span class='ocr_line' id='line_1_29' title="bbox 341 3331 3437 3419; baseline 0.001 -20"><span class='ocrx_word' id='word_1_348' title='bbox 341 3336 650 3419; x_wconf 80' lang='lat' dir='ltr'>injuriam</span> <span class='ocrx_word' id='word_1_349' title='bbox 681 3335 815 3410; x_wconf 87' lang='lat' dir='ltr'>Dei,</span> <span class='ocrx_word' id='word_1_350' title='bbox 850 3333 1033 3413; x_wconf 88' lang='lat' dir='ltr'>cujus</span> <span class='ocrx_word' id='word_1_351' title='bbox 1065 3333 1204 3414; x_wconf 91' lang='lat' dir='ltr'>ipse</span> <span class='ocrx_word' id='word_1_352' title='bbox 1232 3331 1527 3414; x_wconf 91' lang='lat' dir='ltr'>publicus</span> <span class='ocrx_word' id='word_1_353' title='bbox 1557 3339 1693 3395; x_wconf 87' lang='lat' dir='ltr'>erat</span> <span class='ocrx_word' id='word_1_354' title='bbox 1722 3332 1840 3394; x_wconf 87' lang='lat' dir='ltr'>mi·</span> <span class='ocrx_word' id='word_1_355' title='bbox 1945 3341 2047 3396; x_wconf 92' lang='lat' dir='ltr'>tur</span> <span class='ocrx_word' id='word_1_356' title='bbox 2077 3353 2115 3395; x_wconf 90' lang='lat' dir='ltr'>a</span> <span class='ocrx_word' id='word_1_357' title='bbox 2142 3333 2353 3415; x_wconf 88' lang='lat' dir='ltr'>culpa,</span> <span class='ocrx_word' id='word_1_358' title='bbox 2389 3352 2506 3396; x_wconf 90' lang='lat' dir='ltr'>nec</span> <span class='ocrx_word' id='word_1_359' title='bbox 2551 3333 2737 3397; x_wconf 89' lang='lat' dir='ltr'>aliter</span> <span class='ocrx_word' id='word_1_360' title='bbox 2781 3337 3312 3400; x_wconf 83' lang='lat' dir='ltr'>commendantur</span> <span class='ocrx_word' id='word_1_361' title='bbox 3355 3339 3437 3402; x_wconf 89' lang='lat' dir='ltr'>de</span> 
     </span>
     <span class='ocr_line' id='line_1_30' title="bbox 344 3428 3438 3519; baseline 0 -21"><span class='ocrx_word' id='word_1_362' title='bbox 344 3437 565 3512; x_wconf 89' lang='lat' dir='ltr'>nister,</span> <span class='ocrx_word' id='word_1_363' title='bbox 591 3433 872 3496; x_wconf 89' lang='lat' dir='ltr'>christus</span> <span class='ocrx_word' id='word_1_364' title='bbox 892 3438 1083 3512; x_wconf 90' lang='lat' dir='ltr'>atque</span> <span class='ocrx_word' id='word_1_365' title='bbox 1105 3429 1404 3494; x_wconf 83' lang='lat' dir='ltr'>vicariuS.</span> <span class='ocrx_word' id='word_1_366' title='bbox 1429 3428 1840 3503; x_wconf 83' lang='lat' dir='ltr'>Quemadmo—</span> <span class='ocrx_word' id='word_1_367' title='bbox 1948 3431 2090 3508; x_wconf 88' lang='lat' dir='ltr'>hoc,</span> <span class='ocrx_word' id='word_1_368' title='bbox 2114 3431 2242 3494; x_wconf 90' lang='lat' dir='ltr'>nisi</span> <span class='ocrx_word' id='word_1_369' title='bbox 2272 3433 2443 3513; x_wconf 92' lang='lat' dir='ltr'>quod</span> <span class='ocrx_word' id='word_1_370' title='bbox 2476 3432 2596 3495; x_wconf 90' lang='lat' dir='ltr'>hoc</span> <span class='ocrx_word' id='word_1_371' title='bbox 2617 3431 2906 3495; x_wconf 88' lang='lat' dir='ltr'>fecerunt</span> <span class='ocrx_word' id='word_1_372' title='bbox 2927 3452 3002 3496; x_wconf 81' lang='lat' dir='ltr'>ex</span> <span class='ocrx_word' id='word_1_373' title='bbox 3026 3435 3277 3500; x_wconf 86' lang='lat' dir='ltr'>occulto</span> <span class='ocrx_word' id='word_1_374' title='bbox 3299 3437 3438 3519; x_wconf 89' lang='lat' dir='ltr'>Spi-</span> 
     </span>
     <span class='ocr_line' id='line_1_31' title="bbox 342 3529 3438 3617; baseline 0.001 -21"><span class='ocrx_word' id='word_1_375' title='bbox 342 3533 493 3596; x_wconf 90' lang='lat' dir='ltr'>dum</span> <span class='ocrx_word' id='word_1_376' title='bbox 524 3542 593 3596; x_wconf 91' lang='lat' dir='ltr'>et</span> <span class='ocrx_word' id='word_1_377' title='bbox 623 3533 704 3595; x_wconf 92' lang='lat' dir='ltr'>de</span> <span class='ocrx_word' id='word_1_378' title='bbox 736 3530 924 3594; x_wconf 87' lang='lat' dir='ltr'>Razia</span> <span class='ocrx_word' id='word_1_379' title='bbox 954 3531 1232 3594; x_wconf 88' lang='lat' dir='ltr'>secundo</span> <span class='ocrx_word' id='word_1_380' title='bbox 1264 3529 1428 3593; x_wconf 91' lang='lat' dir='ltr'>libro</span> <span class='ocrx_word' id='word_1_381' title='bbox 1457 3529 1841 3594; x_wconf 81' lang='lat' dir='ltr'>Machabaeo-</span> <span class='ocrx_word' id='word_1_382' title='bbox 1949 3529 2109 3591; x_wconf 90' lang='lat' dir='ltr'>ritus</span> <span class='ocrx_word' id='word_1_383' title='bbox 2150 3529 2364 3593; x_wconf 89' lang='lat' dir='ltr'>Sancti</span> <span class='ocrx_word' id='word_1_384' title='bbox 2402 3531 2670 3612; x_wconf 90' lang='lat' dir='ltr'>imperio</span> <span class='ocrx_word' id='word_1_385' title='bbox 2708 3550 2820 3593; x_wconf 88' lang='lat' dir='ltr'>seu</span> <span class='ocrx_word' id='word_1_386' title='bbox 2872 3529 3202 3611; x_wconf 89' lang='lat' dir='ltr'>instinctu,</span> <span class='ocrx_word' id='word_1_387' title='bbox 3247 3545 3438 3617; x_wconf 92' lang='lat' dir='ltr'>prout</span> 
     </span>
     <span class='ocr_line' id='line_1_32' title="bbox 128 3628 3437 3718; baseline 0.002 -28"><span class='ocrx_word' id='word_1_388' title='bbox 128 3647 157 3691; x_wconf 89' lang='lat'>11</span> <span class='ocrx_word' id='word_1_389' title='bbox 182 3651 317 3695; x_wconf 64' lang='grc' dir='ltr'>και.</span> <span class='ocrx_word' id='word_1_390' title='bbox 346 3650 483 3694; x_wconf 91' lang='lat' dir='ltr'>rum</span> <span class='ocrx_word' id='word_1_391' title='bbox 534 3631 836 3712; x_wconf 90' lang='lat' dir='ltr'>legitur:</span> <span class='ocrx_word' id='word_1_392' title='bbox 884 3629 1114 3692; x_wconf 88' lang='lat' dir='ltr'>Turbis</span> <span class='ocrx_word' id='word_1_393' title='bbox 1159 3637 1369 3691; x_wconf 87' lang='lat' dir='ltr'>autem</span> <span class='ocrx_word' id='word_1_394' title='bbox 1420 3628 1837 3706; x_wconf 82' lang='lat' dir='ltr'>irruentibuS,</span> <span class='ocrx_word' id='word_1_395' title='bbox 1947 3628 2157 3711; x_wconf 88' lang='lat' dir='ltr'>primo</span> <span class='ocrx_word' id='word_1_396' title='bbox 2211 3630 2290 3691; x_wconf 92' lang='lat' dir='ltr'>de</span> <span class='ocrx_word' id='word_1_397' title='bbox 2338 3628 2606 3693; x_wconf 84' lang='lat' dir='ltr'>Civitate</span> <span class='ocrx_word' id='word_1_398' title='bbox 2659 3629 2764 3692; x_wconf 89' lang='lat' dir='ltr'>Dei</span> <span class='ocrx_word' id='word_1_399' title='bbox 2809 3631 2876 3692; x_wconf 89' lang='lat' dir='ltr'>in</span> <span class='ocrx_word' id='word_1_400' title='bbox 2936 3631 3207 3696; x_wconf 86' lang='lat' dir='ltr'>diversis</span> <span class='ocrx_word' id='word_1_401' title='bbox 3264 3635 3437 3718; x_wconf 90' lang='lat' dir='ltr'>capi-</span> 
     </span>
     <span class='ocr_line' id='line_1_33' title="bbox 92 3700 3438 3811; baseline 0.001 -18.02"><span class='ocrx_word' id='word_1_402' title='bbox 92 3724 159 3756; x_wconf 80' lang='lat'>¹‘&#39;</span> <span class='ocrx_word' id='word_1_403' title='bbox 172 3716 231 3762; x_wconf 75' lang='lat'>⁴¹</span> <span class='ocrx_word' id='word_1_404' title='bbox 244 3717 305 3759; x_wconf 77' lang='lat'>⁴²·</span> <span class='ocrx_word' id='word_1_405' title='bbox 343 3749 543 3811; x_wconf 90' lang='lat' dir='ltr'>quum</span> <span class='ocrx_word' id='word_1_406' title='bbox 602 3731 735 3811; x_wconf 80' lang='lat' dir='ltr'>jam</span> <span class='ocrx_word' id='word_1_407' title='bbox 793 3700 1459 3809; x_wconf 88' lang='lat' dir='ltr'>comprehenderetur,</span> <span class='ocrx_word' id='word_1_408' title='bbox 1510 3726 1722 3805; x_wconf 89' lang='lat' dir='ltr'>gladio</span> <span class='ocrx_word' id='word_1_409' title='bbox 1772 3746 1839 3790; x_wconf 91' lang='lat' dir='ltr'>se</span> <span class='ocrx_word' id='word_1_410' title='bbox 1952 3727 2123 3806; x_wconf 83' lang='lat' dir='ltr'>tulis,</span> <span class='ocrx_word' id='word_1_411' title='bbox 2170 3727 2521 3809; x_wconf 76' lang='lat' dir='ltr'>praesertim</span> <span class='ocrx_word' id='word_1_412' title='bbox 2571 3728 2852 3809; x_wconf 87' lang='lat' dir='ltr'>capitulo</span> <span class='ocrx_word' id='word_1_413' title='bbox 2900 3729 2999 3806; x_wconf 75' lang='lat'>26,</span> <span class='ocrx_word' id='word_1_414' title='bbox 3053 3731 3438 3796; x_wconf 85' lang='lat' dir='ltr'>determinat</span> 
     </span>
     <span class='ocr_line' id='line_1_34' title="bbox 342 3824 3440 3910; baseline 0 -19"><span class='ocrx_word' id='word_1_415' title='bbox 342 3829 547 3910; x_wconf 86' lang='lat' dir='ltr'>petiit,</span> <span class='ocrx_word' id='word_1_416' title='bbox 573 3827 821 3909; x_wconf 87' lang='lat' dir='ltr'>eligens</span> <span class='ocrx_word' id='word_1_417' title='bbox 860 3825 1162 3889; x_wconf 88' lang='lat' dir='ltr'>nobiliter</span> <span class='ocrx_word' id='word_1_418' title='bbox 1182 3824 1397 3906; x_wconf 93' lang='lat' dir='ltr'>potius</span> <span class='ocrx_word' id='word_1_419' title='bbox 1432 3824 1620 3902; x_wconf 91' lang='lat' dir='ltr'>mori,</span> <span class='ocrx_word' id='word_1_420' title='bbox 1645 3843 1839 3906; x_wconf 88' lang='lat' dir='ltr'>quam</span> <span class='ocrx_word' id='word_1_421' title='bbox 1948 3825 2362 3906; x_wconf 82' lang='lat' dir='ltr'>Augustinus.</span> <span class='ocrx_word' id='word_1_422' title='bbox 2398 3830 2578 3896; x_wconf 83' lang='lat' dir='ltr'>Quod</span> <span class='ocrx_word' id='word_1_423' title='bbox 2614 3847 2816 3906; x_wconf 80' lang='lat' dir='ltr'>quum</span> <span class='ocrx_word' id='word_1_424' title='bbox 2861 3829 3122 3889; x_wconf 75' lang='lat' dir='ltr'>vidisset</span> <span class='ocrx_word' id='word_1_425' title='bbox 3152 3834 3440 3909; x_wconf 57' lang='lat' dir='ltr'>armiger</span> 
     </span>
     <span class='ocr_line' id='line_1_35' title="bbox 338 3925 3435 4007; baseline -0.001 -18"><span class='ocrx_word' id='word_1_426' title='bbox 338 3929 635 3991; x_wconf 89' lang='lat' dir='ltr'>subditus</span> <span class='ocrx_word' id='word_1_427' title='bbox 676 3925 825 3988; x_wconf 87' lang='lat' dir='ltr'>fieri</span> <span class='ocrx_word' id='word_1_428' title='bbox 870 3925 1333 4007; x_wconf 83' lang='lat' dir='ltr'>peccatoribuS,</span> <span class='ocrx_word' id='word_1_429' title='bbox 1370 3932 1433 3987; x_wconf 88' lang='lat' dir='ltr'>et</span> <span class='ocrx_word' id='word_1_430' title='bbox 1474 3933 1695 3987; x_wconf 87' lang='lat' dir='ltr'>contra</span> <span class='ocrx_word' id='word_1_431' title='bbox 1734 3943 1841 3987; x_wconf 88' lang='lat' dir='ltr'>na·</span> <span class='ocrx_word' id='word_1_432' title='bbox 1947 3925 2114 4002; x_wconf 83' lang='lat' dir='ltr'>ejus,</span> <span class='ocrx_word' id='word_1_433' title='bbox 2146 3925 2442 3984; x_wconf 77' lang='lat' dir='ltr'>videl-icet</span> <span class='ocrx_word' id='word_1_434' title='bbox 2481 3933 2809 3984; x_wconf 77' lang='lat' dir='ltr'>mortuum</span> <span class='ocrx_word' id='word_1_435' title='bbox 2851 3944 2978 3983; x_wconf 80' lang='lat' dir='ltr'>esse</span> <span class='ocrx_word' id='word_1_436' title='bbox 3008 3928 3198 3998; x_wconf 83' lang='lat' dir='ltr'>Saul,</span> <span class='ocrx_word' id='word_1_437' title='bbox 3231 3929 3435 3990; x_wconf 74' lang='lat' dir='ltr'>irruit</span> 
     </span>
     <span class='ocr_line' id='line_1_36' title="bbox 339 4023 3434 4105; baseline -0.001 -15"><span class='ocrx_word' id='word_1_438' title='bbox 339 4026 491 4090; x_wconf 88' lang='lat' dir='ltr'>tales</span> <span class='ocrx_word' id='word_1_439' title='bbox 538 4043 694 4089; x_wconf 90' lang='lat' dir='ltr'>suos</span> <span class='ocrx_word' id='word_1_440' title='bbox 724 4024 1010 4104; x_wconf 88' lang='lat' dir='ltr'>indignis</span> <span class='ocrx_word' id='word_1_441' title='bbox 1055 4023 1313 4105; x_wconf 81' lang='lat' dir='ltr'>injuriis</span> <span class='ocrx_word' id='word_1_442' title='bbox 1357 4023 1479 4103; x_wconf 86' lang='lat' dir='ltr'>agi.</span> <span class='ocrx_word' id='word_1_443' title='bbox 1513 4023 1839 4086; x_wconf 87' lang='lat' dir='ltr'>Verumta-</span> <span class='ocrx_word' id='word_1_444' title='bbox 1945 4023 2142 4082; x_wconf 74' lang='lat' dir='ltr'>etiam</span> <span class='ocrx_word' id='word_1_445' title='bbox 2175 4024 2308 4099; x_wconf 80' lang='lat' dir='ltr'>ipse</span> <span class='ocrx_word' id='word_1_446' title='bbox 2352 4023 2425 4081; x_wconf 81' lang='lat' dir='ltr'>in</span> <span class='ocrx_word' id='word_1_447' title='bbox 2457 4023 2758 4098; x_wconf 71' lang='lat' dir='ltr'>yladium</span> <span class='ocrx_word' id='word_1_448' title='bbox 2784 4041 3004 4093; x_wconf 79' lang='lat' dir='ltr'>suum,</span> <span class='ocrx_word' id='word_1_449' title='bbox 3035 4033 3095 4084; x_wconf 75' lang='lat' dir='ltr'>ec</span> <span class='ocrx_word' id='word_1_450' title='bbox 3139 4036 3434 4086; x_wconf 74' lang='lat' dir='ltr'>mortuus</span> 
     </span>
     <span class='ocr_line' id='line_1_37' title="bbox 334 4119 3426 4206; baseline 0 -20"><span class='ocrx_word' id='word_1_451' title='bbox 334 4145 479 4188; x_wconf 89' lang='lat' dir='ltr'>men</span> <span class='ocrx_word' id='word_1_452' title='bbox 514 4123 629 4196; x_wconf 87' lang='lat' dir='ltr'>alii</span> <span class='ocrx_word' id='word_1_453' title='bbox 665 4121 1063 4206; x_wconf 87' lang='lat' dir='ltr'>probabilius</span> <span class='ocrx_word' id='word_1_454' title='bbox 1095 4129 1342 4203; x_wconf 86' lang='lat' dir='ltr'>putant,</span> <span class='ocrx_word' id='word_1_455' title='bbox 1376 4122 1548 4202; x_wconf 92' lang='lat' dir='ltr'>quod</span> <span class='ocrx_word' id='word_1_456' title='bbox 1583 4120 1731 4184; x_wconf 87' lang='lat' dir='ltr'>Saul</span> <span class='ocrx_word' id='word_1_457' title='bbox 1760 4140 1836 4183; x_wconf 83' lang='lat' dir='ltr'>ex</span> <span class='ocrx_word' id='word_1_458' title='bbox 1944 4129 2054 4181; x_wconf 81' lang='lat' dir='ltr'>est.</span> <span class='ocrx_word' id='word_1_459' title='bbox 2087 4119 2486 4200; x_wconf 85' lang='lat' dir='ltr'>Armigerum</span> <span class='ocrx_word' id='word_1_460' title='bbox 2519 4119 2701 4182; x_wconf 89' lang='lat' dir='ltr'>illum</span> <span class='ocrx_word' id='word_1_461' title='bbox 2748 4119 2962 4182; x_wconf 91' lang='lat' dir='ltr'>nullus</span> <span class='ocrx_word' id='word_1_462' title='bbox 2995 4123 3426 4203; x_wconf 85' lang='lat' dir='ltr'>expositorum</span> 
     </span>
     <span class='ocr_line' id='line_1_38' title="bbox 332 4217 3435 4304; baseline -0.001 -18"><span class='ocrx_word' id='word_1_463' title='bbox 332 4221 703 4304; x_wconf 87' lang='lat' dir='ltr'>arrogantia</span> <span class='ocrx_word' id='word_1_464' title='bbox 732 4219 1065 4283; x_wconf 82' lang='lat' dir='ltr'>abhorruit</span> <span class='ocrx_word' id='word_1_465' title='bbox 1106 4220 1197 4282; x_wconf 90' lang='lat' dir='ltr'>sic</span> <span class='ocrx_word' id='word_1_466' title='bbox 1242 4219 1451 4296; x_wconf 90' lang='lat' dir='ltr'>illudi,</span> <span class='ocrx_word' id='word_1_467' title='bbox 1486 4227 1549 4282; x_wconf 91' lang='lat' dir='ltr'>et</span> <span class='ocrx_word' id='word_1_468' title='bbox 1578 4238 1653 4281; x_wconf 85' lang='lat' dir='ltr'>ex</span> <span class='ocrx_word' id='word_1_469' title='bbox 1697 4219 1837 4281; x_wconf 89' lang='lat' dir='ltr'>hor·</span> <span class='ocrx_word' id='word_1_470' title='bbox 1869 4222 1918 4284; x_wconf 91' lang='lat' dir='ltr'>D</span> <span class='ocrx_word' id='word_1_471' title='bbox 1946 4227 2224 4295; x_wconf 84' lang='lat' dir='ltr'>excusat,</span> <span class='ocrx_word' id='word_1_472' title='bbox 2258 4217 2416 4299; x_wconf 89' lang='lat' dir='ltr'>quin</span> <span class='ocrx_word' id='word_1_473' title='bbox 2447 4217 2670 4282; x_wconf 88' lang='lat' dir='ltr'>illicite</span> <span class='ocrx_word' id='word_1_474' title='bbox 2700 4237 2768 4281; x_wconf 92' lang='lat' dir='ltr'>se</span> <span class='ocrx_word' id='word_1_475' title='bbox 2799 4219 3110 4300; x_wconf 89' lang='lat' dir='ltr'>peremit:</span> <span class='ocrx_word' id='word_1_476' title='bbox 3151 4239 3267 4284; x_wconf 87' lang='lat' dir='ltr'>nec</span> <span class='ocrx_word' id='word_1_477' title='bbox 3298 4231 3435 4285; x_wconf 87' lang='lat' dir='ltr'>erat</span> 
     </span>
     <span class='ocr_line' id='line_1_39' title="bbox 336 4316 3433 4403; baseline 0 -20"><span class='ocrx_word' id='word_1_478' title='bbox 336 4341 477 4386; x_wconf 88' lang='lat' dir='ltr'>rore</span> <span class='ocrx_word' id='word_1_479' title='bbox 508 4320 781 4403; x_wconf 88' lang='lat' dir='ltr'>majoris</span> <span class='ocrx_word' id='word_1_480' title='bbox 813 4318 1143 4401; x_wconf 90' lang='lat' dir='ltr'>supplicii,</span> <span class='ocrx_word' id='word_1_481' title='bbox 1180 4318 1365 4400; x_wconf 90' lang='lat' dir='ltr'>petiit</span> <span class='ocrx_word' id='word_1_482' title='bbox 1393 4337 1431 4380; x_wconf 92' lang='lat' dir='ltr'>a</span> <span class='ocrx_word' id='word_1_483' title='bbox 1460 4336 1645 4381; x_wconf 88' lang='lat' dir='ltr'>servo</span> <span class='ocrx_word' id='word_1_484' title='bbox 1673 4318 1839 4381; x_wconf 88' lang='lat' dir='ltr'>occi-</span> <span class='ocrx_word' id='word_1_485' title='bbox 1947 4316 2207 4399; x_wconf 88' lang='lat' dir='ltr'>publica</span> <span class='ocrx_word' id='word_1_486' title='bbox 2254 4316 2730 4399; x_wconf 80' lang='lat' dir='ltr'>praesidensque</span> <span class='ocrx_word' id='word_1_487' title='bbox 2778 4335 3072 4399; x_wconf 88' lang='lat' dir='ltr'>persona,</span> <span class='ocrx_word' id='word_1_488' title='bbox 3126 4319 3215 4382; x_wconf 87' lang='lat' dir='ltr'>ita</span> <span class='ocrx_word' id='word_1_489' title='bbox 3259 4321 3433 4402; x_wconf 90' lang='lat' dir='ltr'>quod</span> 
     </span>
     <span class='ocr_line' id='line_1_40' title="bbox 336 4413 3436 4500; baseline 0 -17"><span class='ocrx_word' id='word_1_490' title='bbox 336 4422 421 4496; x_wconf 88' lang='lat' dir='ltr'>di,</span> <span class='ocrx_word' id='word_1_491' title='bbox 457 4439 535 4482; x_wconf 87' lang='lat' dir='ltr'>ac</span> <span class='ocrx_word' id='word_1_492' title='bbox 568 4439 637 4482; x_wconf 89' lang='lat' dir='ltr'>se</span> <span class='ocrx_word' id='word_1_493' title='bbox 672 4419 885 4500; x_wconf 89' lang='lat' dir='ltr'>ipsum</span> <span class='ocrx_word' id='word_1_494' title='bbox 916 4416 1173 4480; x_wconf 86' lang='lat' dir='ltr'>occidit.</span> <span class='ocrx_word' id='word_1_495' title='bbox 1196 4415 1740 4490; x_wconf 88' lang='lat' dir='ltr'>Quemadmodum</span> <span class='ocrx_word' id='word_1_496' title='bbox 1773 4416 1839 4477; x_wconf 89' lang='lat' dir='ltr'>in</span> <span class='ocrx_word' id='word_1_497' title='bbox 1949 4415 2229 4497; x_wconf 89' lang='lat' dir='ltr'>potuerit</span> <span class='ocrx_word' id='word_1_498' title='bbox 2257 4433 2335 4477; x_wconf 86' lang='lat' dir='ltr'>ex</span> <span class='ocrx_word' id='word_1_499' title='bbox 2364 4413 2473 4476; x_wconf 89' lang='lat' dir='ltr'>tali</span> <span class='ocrx_word' id='word_1_500' title='bbox 2504 4414 2742 4478; x_wconf 89' lang='lat' dir='ltr'>motivo</span> <span class='ocrx_word' id='word_1_501' title='bbox 2782 4413 3088 4478; x_wconf 89' lang='lat' dir='ltr'>laudabili</span> <span class='ocrx_word' id='word_1_502' title='bbox 3120 4437 3189 4481; x_wconf 90' lang='lat' dir='ltr'>se</span> <span class='ocrx_word' id='word_1_503' title='bbox 3216 4437 3436 4483; x_wconf 85' lang='lat' dir='ltr'>necas-</span> 
     </span>
     <span class='ocr_line' id='line_1_41' title="bbox 338 4512 3437 4597; baseline 0.001 -17"><span class='ocrx_word' id='word_1_504' title='bbox 338 4520 503 4582; x_wconf 89' lang='lat' dir='ltr'>libro</span> <span class='ocrx_word' id='word_1_505' title='bbox 532 4517 835 4580; x_wconf 86' lang='lat' dir='ltr'>Judicum</span> <span class='ocrx_word' id='word_1_506' title='bbox 866 4517 945 4578; x_wconf 91' lang='lat' dir='ltr'>de</span> <span class='ocrx_word' id='word_1_507' title='bbox 975 4515 1346 4577; x_wconf 90' lang='lat' dir='ltr'>Abimelech</span> <span class='ocrx_word' id='word_1_508' title='bbox 1376 4515 1687 4596; x_wconf 88' lang='lat' dir='ltr'>scriptum</span> <span class='ocrx_word' id='word_1_509' title='bbox 1718 4523 1835 4592; x_wconf 88' lang='lat' dir='ltr'>est,</span> <span class='ocrx_word' id='word_1_510' title='bbox 1950 4533 2039 4590; x_wconf 88' lang='lat' dir='ltr'>se,</span> <span class='ocrx_word' id='word_1_511' title='bbox 2065 4531 2141 4575; x_wconf 86' lang='lat' dir='ltr'>ex</span> <span class='ocrx_word' id='word_1_512' title='bbox 2171 4512 2345 4595; x_wconf 90' lang='lat' dir='ltr'>quali</span> <span class='ocrx_word' id='word_1_513' title='bbox 2377 4514 2724 4576; x_wconf 89' lang='lat' dir='ltr'>secundum</span> <span class='ocrx_word' id='word_1_514' title='bbox 2745 4534 2940 4576; x_wconf 84' lang='lat' dir='ltr'>unam</span> <span class='ocrx_word' id='word_1_515' title='bbox 2971 4515 3340 4597; x_wconf 90' lang='lat' dir='ltr'>opinionem</span> <span class='ocrx_word' id='word_1_516' title='bbox 3367 4538 3437 4582; x_wconf 90' lang='lat' dir='ltr'>se</span> 
     </span>
     <span class='ocr_line' id='line_1_42' title="bbox 116 4610 3437 4700; baseline 0.001 -24"><span class='ocrx_word' id='word_1_517' title='bbox 116 4634 243 4682; x_wconf 61' lang='lat' dir='ltr'>suase.</span> <span class='ocrx_word' id='word_1_518' title='bbox 266 4653 315 4687; x_wconf 74' lang='lat' dir='ltr'>tx,</span> <span class='ocrx_word' id='word_1_519' title='bbox 340 4619 513 4700; x_wconf 90' lang='lat' dir='ltr'>quod</span> <span class='ocrx_word' id='word_1_520' title='bbox 543 4615 827 4680; x_wconf 90' lang='lat' dir='ltr'>letaliter</span> <span class='ocrx_word' id='word_1_521' title='bbox 855 4613 1227 4677; x_wconf 88' lang='lat' dir='ltr'>vulneratus</span> <span class='ocrx_word' id='word_1_522' title='bbox 1255 4632 1294 4675; x_wconf 90' lang='lat' dir='ltr'>a</span> <span class='ocrx_word' id='word_1_523' title='bbox 1321 4613 1589 4676; x_wconf 89' lang='lat' dir='ltr'>muliere</span> <span class='ocrx_word' id='word_1_524' title='bbox 1621 4632 1839 4675; x_wconf 87' lang='lat' dir='ltr'>saxum</span> <span class='ocrx_word' id='word_1_525' title='bbox 1952 4612 2164 4694; x_wconf 88' lang='lat' dir='ltr'>ipsum</span> <span class='ocrx_word' id='word_1_526' title='bbox 2208 4610 2441 4674; x_wconf 89' lang='lat' dir='ltr'>occidit</span> <span class='ocrx_word' id='word_1_527' title='bbox 2471 4611 2640 4674; x_wconf 90' lang='lat' dir='ltr'>Saul.</span> <span class='ocrx_word' id='word_1_528' title='bbox 2675 4610 2920 4675; x_wconf 87' lang='lat' dir='ltr'>Occidit</span> <span class='ocrx_word' id='word_1_529' title='bbox 2961 4612 3178 4695; x_wconf 90' lang='lat' dir='ltr'>itaque</span> <span class='ocrx_word' id='word_1_530' title='bbox 3217 4633 3302 4694; x_wconf 89' lang='lat' dir='ltr'>se,</span> <span class='ocrx_word' id='word_1_531' title='bbox 3337 4616 3437 4680; x_wconf 93' lang='lat' dir='ltr'>vel</span> 
     </span>
     <span class='ocr_line' id='line_1_43' title="bbox 98 4700 3440 4800; baseline -0.001 -19"><span class='ocrx_word' id='word_1_532' title='bbox 98 4700 231 4748; x_wconf 52' lang='lat'><strong>⁵³¹⁵*</strong></span> <span class='ocrx_word' id='word_1_533' title='bbox 342 4718 618 4800; x_wconf 82' lang='lat' dir='ltr'>desuper</span> <span class='ocrx_word' id='word_1_534' title='bbox 633 4713 937 4796; x_wconf 83' lang='lat' dir='ltr'>jaciente,</span> <span class='ocrx_word' id='word_1_535' title='bbox 964 4731 1080 4775; x_wconf 92' lang='lat' dir='ltr'>suo</span> <span class='ocrx_word' id='word_1_536' title='bbox 1095 4712 1286 4793; x_wconf 78' lang='lat' dir='ltr'>jussit</span> <span class='ocrx_word' id='word_1_537' title='bbox 1310 4711 1623 4792; x_wconf 84' lang='lat' dir='ltr'>armigero</span> <span class='ocrx_word' id='word_1_538' title='bbox 1649 4729 1663 4773; x_wconf 75' lang='grc' dir='ltr'>ε</span> <span class='ocrx_word' id='word_1_539' title='bbox 1686 4711 1845 4774; x_wconf 88' lang='lat' dir='ltr'>Eva-</span> <span class='ocrx_word' id='word_1_540' title='bbox 1952 4718 2023 4774; x_wconf 88' lang='lat' dir='ltr'>ut</span> <span class='ocrx_word' id='word_1_541' title='bbox 2054 4728 2170 4773; x_wconf 90' lang='lat' dir='ltr'>suo</span> <span class='ocrx_word' id='word_1_542' title='bbox 2212 4729 2280 4772; x_wconf 92' lang='lat' dir='ltr'>se</span> <span class='ocrx_word' id='word_1_543' title='bbox 2311 4709 2443 4789; x_wconf 87' lang='lat' dir='ltr'>regi</span> <span class='ocrx_word' id='word_1_544' title='bbox 2485 4710 2952 4786; x_wconf 83' lang='lat' dir='ltr'>conformaret3</span> <span class='ocrx_word' id='word_1_545' title='bbox 2989 4711 3088 4777; x_wconf 85' lang='lat' dir='ltr'>vel</span> <span class='ocrx_word' id='word_1_546' title='bbox 3132 4715 3440 4795; x_wconf 89' lang='lat' dir='ltr'>quoniam</span> 
     </span>
     <span class='ocr_line' id='line_1_44' title="bbox 341 4809 3440 4896; baseline -0.001 -18"><span class='ocrx_word' id='word_1_547' title='bbox 341 4816 491 4896; x_wconf 87' lang='lat' dir='ltr'>gina</span> <span class='ocrx_word' id='word_1_548' title='bbox 518 4813 811 4895; x_wconf 87' lang='lat' dir='ltr'>gladium</span> <span class='ocrx_word' id='word_1_549' title='bbox 842 4819 1046 4888; x_wconf 90' lang='lat' dir='ltr'>tuum,</span> <span class='ocrx_word' id='word_1_550' title='bbox 1080 4819 1145 4873; x_wconf 89' lang='lat' dir='ltr'>et</span> <span class='ocrx_word' id='word_1_551' title='bbox 1176 4818 1435 4892; x_wconf 91' lang='lat' dir='ltr'>percute</span> <span class='ocrx_word' id='word_1_552' title='bbox 1465 4829 1588 4887; x_wconf 87' lang='lat' dir='ltr'>me,</span> <span class='ocrx_word' id='word_1_553' title='bbox 1616 4829 1697 4873; x_wconf 92' lang='lat' dir='ltr'>ne</span> <span class='ocrx_word' id='word_1_554' title='bbox 1726 4809 1846 4873; x_wconf 86' lang='lat' dir='ltr'>for·</span> <span class='ocrx_word' id='word_1_555' title='bbox 1953 4809 2114 4876; x_wconf 90' lang='lat' dir='ltr'>vidit</span> <span class='ocrx_word' id='word_1_556' title='bbox 2145 4829 2213 4872; x_wconf 89' lang='lat' dir='ltr'>se</span> <span class='ocrx_word' id='word_1_557' title='bbox 2241 4809 2592 4872; x_wconf 82' lang='lat' dir='ltr'>Philistaeos</span> <span class='ocrx_word' id='word_1_558' title='bbox 2625 4828 2752 4873; x_wconf 91' lang='lat' dir='ltr'>non</span> <span class='ocrx_word' id='word_1_559' title='bbox 2784 4829 2969 4892; x_wconf 89' lang='lat' dir='ltr'>posse</span> <span class='ocrx_word' id='word_1_560' title='bbox 2997 4813 3301 4887; x_wconf 86' lang='lat' dir='ltr'>evadere;</span> <span class='ocrx_word' id='word_1_561' title='bbox 3336 4814 3440 4877; x_wconf 83' lang='lat' dir='ltr'>vel</span> 
     </span>
     <span class='ocr_line' id='line_1_45' title="bbox 346 4907 3438 4993; baseline -0.001 -15"><span class='ocrx_word' id='word_1_562' title='bbox 346 4923 404 4978; x_wconf 89' lang='lat' dir='ltr'>te</span> <span class='ocrx_word' id='word_1_563' title='bbox 434 4914 691 4977; x_wconf 87' lang='lat' dir='ltr'>dicatur</span> <span class='ocrx_word' id='word_1_564' title='bbox 729 4911 903 4993; x_wconf 91' lang='lat' dir='ltr'>quod</span> <span class='ocrx_word' id='word_1_565' title='bbox 942 4929 983 4972; x_wconf 90' lang='lat' dir='ltr'>a</span> <span class='ocrx_word' id='word_1_566' title='bbox 1018 4908 1260 4972; x_wconf 84' lang='lat' dir='ltr'>femina</span> <span class='ocrx_word' id='word_1_567' title='bbox 1288 4908 1663 4971; x_wconf 88' lang='lat' dir='ltr'>interfectus</span> <span class='ocrx_word' id='word_1_568' title='bbox 1696 4908 1839 4971; x_wconf 90' lang='lat' dir='ltr'>sim.</span> <span class='ocrx_word' id='word_1_569' title='bbox 1953 4909 2105 4992; x_wconf 89' lang='lat' dir='ltr'>quia</span> <span class='ocrx_word' id='word_1_570' title='bbox 2165 4908 2423 4971; x_wconf 90' lang='lat' dir='ltr'>nolebat</span> <span class='ocrx_word' id='word_1_571' title='bbox 2479 4907 2738 4972; x_wconf 90' lang='lat' dir='ltr'>obedire</span> <span class='ocrx_word' id='word_1_572' title='bbox 2795 4928 2869 4971; x_wconf 88' lang='lat' dir='ltr'>ac</span> <span class='ocrx_word' id='word_1_573' title='bbox 2927 4909 3158 4989; x_wconf 88' lang='lat' dir='ltr'>subjici</span> <span class='ocrx_word' id='word_1_574' title='bbox 3218 4911 3438 4989; x_wconf 85' lang='lat' dir='ltr'>David,</span> 
     </span>
     <span class='ocr_line' id='line_1_46' title="bbox 344 5006 3444 5090; baseline -0.001 -16"><span class='ocrx_word' id='word_1_575' title='bbox 344 5013 531 5076; x_wconf 85' lang='lat' dir='ltr'>Porro</span> <span class='ocrx_word' id='word_1_576' title='bbox 549 5010 911 5074; x_wconf 87' lang='lat' dir='ltr'>Philistaeos</span> <span class='ocrx_word' id='word_1_577' title='bbox 934 5006 1083 5070; x_wconf 87' lang='lat' dir='ltr'>Saul</span> <span class='ocrx_word' id='word_1_578' title='bbox 1106 5025 1281 5070; x_wconf 87' lang='lat' dir='ltr'>more</span> <span class='ocrx_word' id='word_1_579' title='bbox 1302 5007 1511 5084; x_wconf 82' lang='lat' dir='ltr'>solite,</span> <span class='ocrx_word' id='word_1_580' title='bbox 1528 5026 1607 5070; x_wconf 85' lang='lat' dir='ltr'>ex</span> <span class='ocrx_word' id='word_1_581' title='bbox 1626 5025 1843 5070; x_wconf 89' lang='lat' dir='ltr'>eorum</span> <span class='ocrx_word' id='word_1_582' title='bbox 1954 5025 2145 5089; x_wconf 88' lang='lat' dir='ltr'>quem</span> <span class='ocrx_word' id='word_1_583' title='bbox 2177 5006 2417 5070; x_wconf 88' lang='lat' dir='ltr'>sciebat</span> <span class='ocrx_word' id='word_1_584' title='bbox 2438 5014 2844 5087; x_wconf 82' lang='lat' dir='ltr'>regnaturum</span> <span class='ocrx_word' id='word_1_585' title='bbox 2877 5013 3020 5088; x_wconf 88' lang='lat' dir='ltr'>post</span> <span class='ocrx_word' id='word_1_586' title='bbox 3040 5006 3211 5085; x_wconf 89' lang='lat' dir='ltr'>Saul,</span> <span class='ocrx_word' id='word_1_587' title='bbox 3230 5027 3444 5090; x_wconf 89' lang='lat' dir='ltr'>quem-</span> 
     </span>
     <span class='ocr_line' id='line_1_47' title="bbox 350 5103 3444 5193; baseline -0.001 -20"><span class='ocrx_word' id='word_1_588' title='bbox 350 5118 719 5193; x_wconf 86' lang='lat' dir='ltr'>contemptu</span> <span class='ocrx_word' id='word_1_589' title='bbox 752 5107 856 5172; x_wconf 84' lang='lat' dir='ltr'>vel</span> <span class='ocrx_word' id='word_1_590' title='bbox 884 5107 1021 5169; x_wconf 90' lang='lat' dir='ltr'>zelo</span> <span class='ocrx_word' id='word_1_591' title='bbox 1052 5107 1331 5187; x_wconf 90' lang='lat' dir='ltr'>quodam</span> <span class='ocrx_word' id='word_1_592' title='bbox 1352 5106 1635 5187; x_wconf 81' lang='lat' dir='ltr'>justitiae,</span> <span class='ocrx_word' id='word_1_593' title='bbox 1660 5106 1847 5169; x_wconf 90' lang='lat' dir='ltr'>incir-</span> <span class='ocrx_word' id='word_1_594' title='bbox 1954 5106 2298 5168; x_wconf 90' lang='lat' dir='ltr'>admodum</span> <span class='ocrx_word' id='word_1_595' title='bbox 2337 5104 2486 5167; x_wconf 89' lang='lat' dir='ltr'>Cato</span> <span class='ocrx_word' id='word_1_596' title='bbox 2532 5124 2600 5167; x_wconf 90' lang='lat' dir='ltr'>se</span> <span class='ocrx_word' id='word_1_597' title='bbox 2641 5103 2964 5167; x_wconf 87' lang='lat' dir='ltr'>interfecit</span> <span class='ocrx_word' id='word_1_598' title='bbox 2995 5124 3075 5168; x_wconf 89' lang='lat' dir='ltr'>ne</span> <span class='ocrx_word' id='word_1_599' title='bbox 3110 5105 3276 5169; x_wconf 89' lang='lat' dir='ltr'>Julio</span> <span class='ocrx_word' id='word_1_600' title='bbox 3313 5107 3444 5171; x_wconf 84' lang='lat' dir='ltr'>Cae-</span> 
     </span>
     <span class='ocr_line' id='line_1_48' title="bbox 350 5202 3442 5284; baseline -0.002 -12"><span class='ocrx_word' id='word_1_601' title='bbox 350 5209 663 5272; x_wconf 88' lang='lat' dir='ltr'>cumcisos</span> <span class='ocrx_word' id='word_1_602' title='bbox 692 5205 973 5270; x_wconf 87' lang='lat' dir='ltr'>vocavit.</span> <span class='ocrx_word' id='word_1_603' title='bbox 1956 5203 2081 5266; x_wconf 82' lang='lat' dir='ltr'>sari</span> <span class='ocrx_word' id='word_1_604' title='bbox 2146 5203 2587 5284; x_wconf 87' lang='lat' dir='ltr'>subjiceretur,</span> <span class='ocrx_word' id='word_1_605' title='bbox 2635 5202 2820 5283; x_wconf 87' lang='lat' dir='ltr'>cujus</span> <span class='ocrx_word' id='word_1_606' title='bbox 2881 5211 2945 5265; x_wconf 93' lang='lat' dir='ltr'>et</span> <span class='ocrx_word' id='word_1_607' title='bbox 2997 5203 3216 5282; x_wconf 80' lang='lat' dir='ltr'>gloriae</span> <span class='ocrx_word' id='word_1_608' title='bbox 3278 5205 3442 5271; x_wconf 89' lang='lat' dir='ltr'>invi-</span> 
     </span>
     <span class='ocr_line' id='line_1_49' title="bbox 428 5299 3444 5383; baseline -0 -14"><span class='ocrx_word' id='word_1_609' title='bbox 428 5309 661 5370; x_wconf 80' lang='lat' dir='ltr'>Noluit</span> <span class='ocrx_word' id='word_1_610' title='bbox 706 5315 923 5368; x_wconf 75' lang='lat' dir='ltr'>autem</span> <span class='ocrx_word' id='word_1_611' title='bbox 961 5305 1079 5365; x_wconf 77' lang='grc' dir='ltr'>Ῐιοο</span> <span class='ocrx_word' id='word_1_612' title='bbox 1105 5305 1319 5382; x_wconf 82' lang='lat' dir='ltr'>facere</span> <span class='ocrx_word' id='word_1_613' title='bbox 1350 5306 1639 5380; x_wconf 70' lang='lat' dir='ltr'>armiyer</span> <span class='ocrx_word' id='word_1_614' title='bbox 1674 5305 1843 5383; x_wconf 68' lang='lat' dir='ltr'>eju-5,</span> <span class='ocrx_word' id='word_1_615' title='bbox 1954 5301 2182 5375; x_wconf 81' lang='lat' dir='ltr'>debat3</span> <span class='ocrx_word' id='word_1_616' title='bbox 2219 5300 2318 5363; x_wconf 85' lang='lat' dir='ltr'>vel</span> <span class='ocrx_word' id='word_1_617' title='bbox 2367 5300 2518 5381; x_wconf 91' lang='lat' dir='ltr'>quia</span> <span class='ocrx_word' id='word_1_618' title='bbox 2567 5299 2860 5362; x_wconf 87' lang='lat' dir='ltr'>extimuit</span> <span class='ocrx_word' id='word_1_619' title='bbox 2907 5301 3063 5363; x_wconf 91' lang='lat' dir='ltr'>dure</span> <span class='ocrx_word' id='word_1_620' title='bbox 3113 5304 3364 5365; x_wconf 84' lang='lat' dir='ltr'>tractari</span> <span class='ocrx_word' id='word_1_621' title='bbox 3403 5323 3444 5369; x_wconf 82' lang='lat' dir='ltr'>a</span> 
     </span>
    </p>
   </div>
   <div class='ocr_carea' id='block_1_3' title="bbox 4267 2578 4277 3574">
    <p class='ocr_par' dir='ltr' id='par_1_3' title="bbox 4267 2578 4277 3574">
     <span class='ocr_line' id='line_1_50' title="bbox 4267 2578 4277 3574; baseline 0 0"><span class='ocrx_word' id='word_1_622' title='bbox 4267 2578 4277 3574; x_wconf 95' lang='lat' dir='ltr'> </span> 
     </span>
    </p>
   </div>
  </div>
 </body>
</html>
