4309 6259
625 2885 660 2928 11
670 2885 780 2941 1200.
793 2898 863 2938 vn,

601 2951 719 2992 3-17.

599 4759 741 4804 meh.
757 4775 810 4812 vi,
822 4753 862 4804 8.

896 511 1011 576 166

1302 525 1648 575 mannum
1690 529 1751 574 IN
1794 529 1931 574 CAP.
1976 526 2109 573 xxu
2151 527 2309 572 unm
2349 527 2520 573 Pnnss
2563 526 3094 573 PARALIPOHENON.
3139 547 3220 556 —
3260 528 3403 573 ΛΒΤ.
3447 527 3580 574 xxll

893 711 1104 765 tamen
1142 701 1272 783 jam
1312 699 1755 782 poenituisset3
1804 698 2040 762 idcirco
2088 704 2373 779 apparet,
2407 697 2452 760 A
2488 700 2554 757 ri
2583 716 2725 778 quae
2763 697 3139 780 praeparavi,
3181 719 3308 760 non
3345 708 3436 760 est
3467 703 3724 776 pondus
3759 700 3985 780 cogni-

890 802 1061 884 quod
1093 808 1353 883 propter
1383 799 1752 881 mysterium
1798 797 1965 860 facta
2002 804 2098 860 est
2136 796 2199 859 ei
2237 814 2379 878 pro-

887 899 1120 964 hibitio
1152 899 1284 976 illa,
1318 899 1397 961 ad
1428 897 1941 982 praesignandum
1972 896 2143 978 quod
2184 895 2376 958 etiam

888 999 955 1062 hi
1001 997 1113 1079 qui
1158 997 1297 1059 sine
1344 1005 1603 1079 peceato
1648 994 2023 1074 sanguinem
2071 992 2374 1068 fundunt,

890 1096 1061 1160 fiunt
1081 1097 1148 1158 in
1172 1113 1337 1160 novo
1360 1096 1761 1158 Testamento
1784 1093 2184 1172 irregulares,
2204 1091 2380 1154 Nem-

890 1215 971 1278 pe
1001 1214 1200 1277 quum
1232 1193 1427 1256 David
1460 1191 1657 1256 fuerit
1676 1200 1829 1255 tunc
1850 1191 1948 1254 vir
1972 1201 2095 1253 tam
2120 1197 2378 1252 sanctus

890 1301 953 1356 et
983 1294 1108 1357 Deo
1138 1291 1323 1354 valde
1354 1298 1673 1372 aceeptuS‚
1692 1309 1805 1352 cur
1834 1289 1894 1352 ei
1925 1289 1986 1351 id
2020 1287 2380 1371 prohibuis-

892 1400 1010 1469 set,
1056 1389 1182 1452 nisi
1220 1396 1481 1472 propter
1518 1388 1915 1471 mysterium,
1960 1395 2023 1450 et
2066 1385 2258 1449 etiam
2299 1386 2377 1448 ad

891 1489 1349 1553 insinuandum
1381 1495 1691 1568 quantum
1711 1487 1875 1550 Deus
1906 1485 2244 1549 abhorreat
2271 1483 2381 1546 hu-

892 1588 1065 1654 mani
1097 1585 1427 1668 sanguinis
1459 1584 1888 1648 effusionem?

972 1689 1189 1750 Filius
1232 1687 1349 1767 qui
1386 1695 1686 1745 nascetur
1725 1685 1863 1755 tibi,
1895 1686 2021 1744 erit
2060 1686 2169 1743 vir
2203 1683 2379 1762 quie-

896 1788 1201 1847 tissimus.
1254 1785 1523 1846 Faciam
1570 1785 1747 1844 enim
1794 1803 1941 1844 eum
1988 1783 2380 1862 requiescere

2488 803 2625 858 tum
2657 797 2845 859 nobis
2863 797 3313 872 determinate;
3350 800 3640 860 vincitur
3659 801 3834 860 enim
3855 819 3984 860 nu-

2489 915 2704 955 merus
2762 898 3239 973 maynitudine,
3296 896 3357 958 id
3407 906 3531 974 est,
3585 915 3716 980 prae
3774 897 3982 959 nimia

2489 994 2845 1076 quantitate
2877 995 3196 1057 numerari
3229 1014 3356 1059 non
3396 1004 3660 1077 queunt.
3695 995 3984 1070 Qualiter

2489 1093 2686 1156 David
2716 1091 3006 1155 affirmat
3037 1112 3104 1155 se
3135 1101 3226 1156 tot
3255 1102 3320 1156 et
3349 1102 3556 1157 tantas
3587 1113 3984 1178 praeparasse

2489 1190 2745 1255 divitias
2795 1191 2862 1253 in
2909 1192 3374 1274 paupertatula,
3418 1193 3542 1255 nisi
3591 1194 3758 1274 quod
3809 1213 3984 1257 corn-

2489 1290 2818 1372 paratione
2867 1291 3326 1373 omnipotentis
3357 1291 3489 1369 Dei,
3525 1311 3592 1354 se
3628 1311 3980 1375 pauperem

2490 1386 2854 1451 fatebatur?
2906 1388 3020 1450 Vel
3061 1388 3478 1471 spiritualiter
3527 1389 3856 1472 reputabat
3907 1409 3982 1453 se

2490 1504 2859 1567 pauperem.
2895 1487 3130 1549 Tamen
3177 1489 3275 1568 (ut
3321 1486 3549 1570 fertur)
3597 1488 3839 1552 Hebraei
3881 1489 3984 1551 di-

2489 1593 2664 1662 eunt,
2699 1586 2870 1667 quod
2900 1584 3097 1648 David
3129 1605 3371 1668 pauper
3400 1585 3527 1648 fuit
3555 1596 3842 1669 respectu
3873 1588 3984 1650 Sa-

2491 1683 2786 1760 lomoniS,
2823 1692 2884 1746 et
2915 1684 3068 1766 quia
3111 1685 3312 1747 multa
3349 1686 3638 1768 exposuit
3680 1686 3746 1749 in
3787 1686 3982 1751 bellis

2491 1781 2957 1863 frequentibus
2993 1783 3440 1847 Verumtamen
3473 1803 3549 1847 ex
3586 1784 3773 1847 bellis
3803 1787 3986 1850 vide-

894 1888 973 1946 αἱ)
1011 1885 1303 1944 omnibus
1342 1884 1634 1942 inimicis
1670 1883 1806 1942 suis
1846 1901 1963 1959 per
1999 1881 2378 1948 circuitum,
2415 1883 2460 1944 B
2492 1891 2593 1944 tur
2625 1880 2824 1960 magis
2856 1881 3092 1944 ditatus
3115 1901 3306 1963 quam
3329 1884 3804 1966 depauperatus
3824 1887 3987 1966 quia

890 1993 950 2044 et
980 1986 1055 2043 ob
1084 1984 1252 2043 hanc
1279 2001 1543 2041 causam
1574 1982 1897 2058 Pacificas
1930 1981 2292 2049 vocabitur,·
2319 1987 2380 2037 et

884 2101 1112 2159 pacem
1139 2090 1199 2140 et
1227 2080 1431 2140 otium
1462 2081 1621 2140 dabo
1644 2081 1717 2138 in
1736 2081 1943 2140 Israel
1972 2078 2221 2137 cunctis
2249 2078 2381 2135 die-

892 2183 1007 2240 bus
1044 2179 1205 2257 ejus.
1246 2180 1391 2254 Ipse
1426 2178 1776 2254 oedificabit
1817 2180 2082 2237 domum
2124 2175 2380 2234 nomini

890 2297 1053 2348 mec,
1074 2287 1134 2337 et
1162 2279 1298 2354 ipse
1324 2277 1449 2337 erit
1480 2277 1649 2336 mihi
1676 2278 1751 2335 in
1779 2277 2024 2352 filium,
2044 2283 2105 2332 et
2133 2292 2243 2349 eqo
2273 2291 2378 2332 ero

892 2379 1001 2438 illi
1042 2378 1115 2436 in
1149 2383 1405 2454 patrem
1420 2398 1448 2446 ,·
1475 2375 1872 2452 firmaboque
1914 2373 2151 2431 solium
2192 2373 2382 2446 reqni

887 2477 1027 2554 ejus
1055 2493 1247 2551 super
1277 2475 1483 2535 Israel
1511 2474 1583 2532 in
1612 2481 1947 2533 aeternum.
1986 2473 2180 2531 Nunc
2206 2489 2378 2546 erqo,

890 2576 997 2654 fili
1026 2575 1141 2644 mi,
1170 2573 1257 2632 sit
1285 2572 1605 2633 Dominus
1638 2579 1948 2638 tecum,et
1971 2587 2379 2646 prosperare,

890 2684 949 2734 et
978 2673 1235 2747 oedifica
1272 2671 1537 2730 domum
1566 2670 1842 2728 Domino
1882 2671 2008 2728 Deo
2053 2677 2185 2737 tte-0,
2213 2668 2380 2726 sicut

894 2776 1139 2832 locutus
1168 2777 1258 2828 est
1285 2770 1364 2826 de
1397 2776 1472 2828 te.
1517 2766 1656 2842 Ista,
1694 2785 1836 2847 quae
1881 2774 1944 2828 et
1988 2764 2054 2826 in
2100 2765 2379 2828 secundo

894 2868 1061 2932 libro
1105 2867 1344 2947 Regum
1391 2864 1677 2947 exposita
1724 2872 1895 2941 sunt,
1945 2870 2194 2926 constat
2242 2882 2380 2926 esse

894 2967 1141 3051 prolata
1169 2984 1205 3027 a
1231 2963 1473 3026 Nathan
1514 2964 1591 3025 ad
1631 2962 1850 3025 David.
1896 2963 2130 3024 Tamen
2173 2980 2379 3042 neque

2491 1978 2556 2040 in
2588 1978 2839 2040 cunctis
2870 1978 3202 2060 praevaluit
3231 1979 3442 2057 bellis,
3475 1990 3538 2043 et
3569 1980 3988 2043 abundantis-

2491 2077 2653 2140 sima
2683 2077 2888 2158 spolia
2919 2079 3284 2159 procuravit
3315 2078 3380 2140 in
3420 2079 3535 2157 eiS,
3569 2080 3987 2160 quemadmo-

2489 2175 2640 2236 dum
2687 2175 2993 2258 seriptum
3037 2184 3136 2239 est
3171 2194 3184 2238 :
3221 2177 3500 2241 Salvavit
3535 2177 3840 2240 Dominus
3869 2179 3987 2240 Da·

2491 2272 2597 2336 vid
2629 2273 2694 2335 in
2736 2273 3035 2336 omnibus
3070 2276 3148 2337 ad
3194 2293 3614 2358 quaecumque
3651 2276 3984 2358 profectus

2490 2379 2606 2434 est.
2640 2375 2857 2449 Liyna
2886 2382 2946 2433 et
2991 2375 3239 2452 lapides
3275 2377 3655 2452 proeparavi
3695 2379 3784 2436 ad
3827 2378 3986 2436 uni-

2491 2492 2671 2532 versa
2723 2473 3081 2550 impendia.
3118 2475 3326 2534 Habes
3367 2493 3614 2554 quoque
3657 2477 3986 2551 plurimos

2489 2573 2796 2648 artifice&
2848 2574 3110 2631 latomos
3157 2581 3216 2632 et
3263 2574 3721 2644 crementarios,
3771 2576 3988 2651 artifi-

2488 2689 2707 2748 cesque
2737 2671 3066 2746 lignorum
3094 2680 3154 2730 et
3174 2673 3468 2731 omnium
3491 2674 3738 2732 artium
3769 2675 3858 2732 ad
3875 2675 3986 2750 fa-

2489 2770 2792 2828 ciendum
2829 2787 2989 2845 opus
3013 2771 3571 2844 prudentissimos,
3607 2770 3679 2828 in
3717 2789 3879 2830 auro
3921 2781 3986 2831 et

2489 2875 2752 2942 amento
2781 2875 2840 2924 et
2870 2885 2994 2926 oere
3031 2875 3090 2926 et
3118 2867 3317 2943 ferrO,
3350 2868 3540 2944 cujus
3578 2888 3704 2928 non
3739 2877 3830 2928 est
3861 2889 3986 2929 nu-

2493 2984 2723 3024 merus.
2771 2966 2977 3041 Sur-,qe
3024 2965 3232 3041 igitur
3270 2974 3329 3024 et
3357 2966 3488 3042 fac,
3519 2976 3578 3026 et
3614 2968 3740 3026 eric
3769 2969 3988 3027 Domi-

892 3059 959 3129 i'n
1006 3066 1128 3128 isto
1166 3063 1514 3139 volumine,
1562 3081 1769 3144 neque
1814 3062 1879 3124 in
1926 3061 2094 3125 libro
2138 3061 2379 3143 Regum
2413 3065 2457 3129 C
2489 3081 2612 3123 nus
2645 3072 2869 3123 tecum.

890 3165 1144 3246 legitur,
1178 3162 1349 3244 quod
1388 3161 1782 3244 praeinducta
1819 3159 2035 3236 verba,
2080 3159 2380 3224 videlicet

889 3263 1057 3346 quod
1107 3269 1371 3344 propter
1416 3259 1683 3321 multam
1734 3258 2064 3339 sanguinis
2114 3258 2380 3322 effusio-

886 3381 1058 3437 nem,
1079 3359 1390 3423 Dominus
1420 3358 1580 3420 dixit
1610 3357 1822 3440 ipsum
1854 3357 2048 3420 David
2082 3376 2212 3420 non
2245 3377 2380 3440 pos-

888 3479 957 3524 se
1003 3459 1063 3523 ei
1111 3457 1424 3540 templum
1468 3456 1811 3533 aedificare,
1862 3457 2203 3538 protulerit
2242 3449 2404 3540 ipse'

886 3558 1130 3621 Nathan
1171 3556 1305 3637 regi
1336 3555 1570 3630 David3
1614 3555 1724 3618 sed
1772 3553 2041 3618 forsitan
2081 3555 2245 3618 Deus
2284 3575 2381 3618 re-

888 3655 1205 3722 velatione
1234 3653 1475 3731 divina,
1511 3672 1639 3717 non
1672 3653 1969 3730 humana,
2004 3653 2255 3716 locutus
2283 3663 2380 3716 est

889 3755 1015 3838 ipsi
1048 3754 1244 3818 David
1276 3752 1409 3816 haec
1438 3751 1654 3816 verba.

968 3857 1089 3916 Det
1118 3873 1367 3933 quoque
1399 3852 1517 3912 tibi
1538 3853 1853 3912 Dominus
1874 3852 2301 3928 prudentiam
2321 3861 2380 3912 et

885 3976 1141 4018 sensum
1174 3953 1596 4037 spiritualem,
1632 3953 1695 4014 id
1728 3960 1823 4016 est
1868 3951 2271 4034 sapientiam,
2309 3963 2380 4014 ut

887 4074 1101 4131 reyere
1120 4053 1328 4130 possis
1358 4055 1563 4113 Israel
1590 4061 1650 4111 et
1678 4052 1998 4112 custodire
2031 4054 2228 4128 leyem
2257 4054 2380 4111 Do-

888 4157 1060 4216 mini
1077 4155 1201 4214 Dei
1232 4153 1351 4214 tui.
1384 4156 1564 4212 Tunc
1589 4153 1766 4211 enim
1781 4153 2091 4227 proficere
2110 4153 2379 4227 poteri-5,

2569 3164 2886 3238 Praecepit
2915 3183 3162 3242 quoque
3194 3165 3416 3225 David
3443 3167 3690 3225 cunctis
3723 3147 3987 3241 princi-

2481 3263 2676 3339 pibus
2723 3264 2950 3332 Israel,
3008 3272 3080 3322 ut
3128 3264 3522 3339 adjuvarent
3571 3267 3984 3326 Salo-monem

2487 3363 2708 3439 filium
2765 3381 2958 3420 suum
3006 3382 3027 3420 .·
3075 3361 3352 3421 Cernitis
3398 3363 3758 3441 (inquiens)
3807 3368 3987 3442 quod

2487 3461 2806 3520 Dominus
2834 3461 3008 3520 Deus
3048 3469 3246 3519 vester
3292 3461 3610 3520 vobiscum
3648 3462 3759 3530 sit,
3788 3471 3848 3522 et
3875 3465 3986 3521 de-

2488 3558 2658 3617 derit
2688 3559 2862 3617 vobis
2893 3559 3179 3637 requiem
3201 3577 3322 3634 per
3349 3559 3725 3630 circuitum,
3759 3569 3818 3620 et
3849 3570 3986 3620 tra-

2487 3657 2732 3716 diderit
2759 3676 2974 3716 omnes
3013 3658 3311 3717 inimicos
3355 3665 3587 3717 vestros
3629 3658 3702 3718 in
3746 3679 3985 3720 manus

2490 3765 2754 3824 vestras,
2782 3766 2841 3815 et
2871 3757 3154 3833 subjecta
3191 3757 3277 3816 sit
3317 3766 3490 3816 terra
3517 3776 3734 3818 coram
3761 3760 3986 3819 Domi-

2487 3873 2568 3914 no
2607 3863 2666 3913 et
2712 3872 2930 3913 coram
2962 3856 3203 3930 populo
3240 3853 3401 3930 ejus.
3433 3855 3719 3915 Praebete
3769 3856 3985 3931 iyitur

2487 3957 2680 4014 corda
2703 3962 2912 4012 vestra
2931 3961 2992 4012 et
3013 3955 3270 4012 animas
3292 3963 3555 4020 vestras,
3575 3963 3650 4014 ut
3668 3957 3984 4032 quaeratis

2487 4054 2842 4113 Dominum
2862 4054 3070 4112 Deum
3103 4061 3423 4123 vestrum;
3441 4061 3499 4111 et
3527 4055 3894 4129 consumite
3921 4065 3984 4114 et

2487 4153 2804 4228 oedificate
2832 4151 3285 4211 sanctuarium
3305 4153 3581 4212 Domino
3602 4154 3751 4224 DeO,
3777 4161 3852 4213 ut
3885 4155 3985 4214 in-

887 4256 947 4312 si
974 4252 1351 4312 custodieris
1382 4253 1695 4310 mandata
1727 4247 1835 4310 Dei
1872 4247 2159 4324 moralia,
2193 4259 2252 4309 et
2267 4251 2382 4324 jue
2412 4253 2461 4315 D
2494 4253 2873 4310 troducatur
2914 4269 3068 4310 arca
3105 4249 3368 4325 foedcris
3395 4251 3690 4320 Domini,
3719 4260 3778 4310 et
3821 4273 3982 4312 vasa

887 4352 1089 4421 dicia,
1136 4348 1199 4410 id
1243 4356 1340 4410 est
1388 4353 1705 4428 praecepta
1746 4345 2096 4428 judicialia,
2140 4346 2270 4410 imo
2319 4357 2382 4410 et

890 4445 1361 4523 caerimonialia,
1374 4467 1517 4524 quoe
1543 4447 1845 4523 proecepic
1865 4448 2186 4507 Dominus
2210 4450 2383 4524 Moy-

890 4549 974 4617 ·si,
1004 4556 1078 4606 ut
1105 4549 1351 4606 doceret
1369 4547 1595 4606 Israel.
1624 4543 1816 4606 Nemo
1848 4543 2019 4606 enim
2055 4552 2264 4625 potest
2286 4564 2383 4607 ve-

894 4664 962 4708 re
993 4642 1330 4726 proficere,
1366 4641 1490 4703 nisi
1533 4641 1599 4703 in
1638 4641 1862 4724 primis
1915 4641 2177 4723 impleat
2210 4644 2379 4723 quod

892 4743 1055 4806 Deus
1105 4741 1313 4824 primo
1356 4748 1419 4804 et
1464 4740 1737 4802 maximo
1776 4740 1855 4803 ab
1898 4739 2037 4822 ipso
2084 4741 2376 4823 requirit,

890 4840 1189 4906 videlicet
1215 4838 1683 4903 observantiam
1719 4847 2200 4921 proeeeptorum.
2229 4844 2382 4902 Con-

886 4943 1135 5019 sortare
1170 4949 1230 4999 et
1277 4939 1563 4998 viriliter
1606 4957 1747 5014 aye,
1778 4959 1859 5000 ne
1910 4940 2134 4998 timeas
2179 4960 2382 5019 neque

878 5059 1140 5117 paveas.
1165 5039 1327 5098 Ecce
1345 5055 1454 5112 eqo
1477 5038 1549 5096 in
1576 5040 2037 5114 paupertatula
2061 5058 2202 5097 mea
2216 5057 2380 5116 prae-

877 5139 1124 5216 paravi
1156 5139 1479 5214 impensas
1508 5137 1733 5195 domus
1754 5136 2026 5196 Domini
2055 5135 2379 5198 aedifican·

880 5237 997 5312 dae,
1024 5237 1181 5296 auri
1212 5237 1455 5294 talenta
1484 5242 1741 5293 centum
1774 5234 2010 5305 millia,
2029 5243 2089 5293 et
2118 5239 2377 5312 arqenti

882 5336 1071 5396 mille·
1089 5335 1305 5396 millia
1339 5335 1749 5392 talentorum.
1775 5332 1960 5392 ⁴Eris
1993 5352 2135 5391 vero
2165 5343 2226 5394 et
2245 5336 2372 5412 fer-

2490 4349 2766 4408 Domino
2797 4357 3176 4416 consecrata,
3207 4349 3278 4407 in
3309 4350 3576 4409 domum
3605 4369 3748 4427 qua»
3774 4351 3982 4427 ‹edifi-

2490 4455 2679 4506 catur
2707 4448 2963 4506 nomini
2993 4446 3279 4506 Domini.

2561 4543 2684 4606 lsta
2714 4543 2868 4606 satis
2902 4543 3090 4625 plana
3111 4551 3290 4618 sunt3
3327 4545 3434 4606 sed
3459 4544 3610 4624 quia
3640 4545 3744 4608 hic
3773 4545 3978 4608 multa

2492 4643 2829 4720 habentur,
2853 4662 2995 4724 quae
3027 4643 3092 4704 in
3126 4643 3290 4706 libro
3331 4643 3572 4724 Regum
3615 4663 3741 4706 non
3773 4647 3978 4708 conti-

2491 4743 3152 4823 nentur,‘tangendum
3175 4750 3270 4804 est
3289 4741 3535 4823 aliquid
3556 4743 3634 4806 de
3655 4743 3976 4825 spirituali

2492 4840 2914 4920 intelligentia
2973 4841 3222 4904 horum.
3277 4841 3512 4922 Itaque,
3567 4841 3726 4905 sicut
3781 4843 3974 4905 David

2490 4958 2598 5000 rex
2646 4958 2758 5020 per
2795 4938 3260 5022 proselytorum
3306 4937 3680 5020 obsequium
3733 4940 3977 5021 lapides

2491 5036 2644 5100 fecit
2675 5036 2880 5099 excidi
2911 5045 3101 5118 atque
3121 5037 3312 5120 poliri
3333 5038 3412 5100 ad
3445 5037 3665 5119 templi
3694 5047 3980 5102 constru-

2487 5137 2797 5210 ctionem3
2833 5135 2924 5199 sic
2955 5135 3241 5198 Christus
3271 5155 3385 5218 per
3414 5136 3684 5217 gentiles
3713 5156 3978 5200 conver-

2485 5253 2588 5298 sos
2629 5234 2945 5298 convertit
2984 5233 3492 5316 quamplurimos
3529 5243 3592 5298 et
3629 5235 3978 5318 spirituali-

2483 5332 3000 5418 ter-[circumcidit
3031 5352 3072 5416 a,
3095 5332 3290 5410 vitiis,
3326 5334 3578 5398 ornavit
3606 5333 3968 5410 virtutibuS,

4029 2200 4064 2242 ΙΙ
4081 2201 4252 2254 Rea-vn.

4017 2265 4089 2310 ss:
4121 2263 4134 2304 l
4159 2263 4250 2304 Par.

4013 2339 4124 2371 nm.
4147 2328 4202 2366 ¹3.

4061 4567 4212 4608 Sensus

4005 4629 4242 4684 spiritualis.

4023 4693 4056 4736 Π
4071 4694 4173 4744 Roy-
4183 4703 4240 4730 nt.
