4309 6259
876 513 1227 560 manuario
1267 514 1329 560 IN
1371 513 1508 560 m.
1554 514 1709 561 xxm
1750 509 1909 561 mim
1951 515 2176 570 ouanrl
2215 515 2440 562 amun.
2485 535 2566 546 ·-
2607 515 2750 562 ART.
2795 515 2920 562 XXV
3359 494 3433 558 91

334 682 525 760 suda,
562 702 695 765 prae
725 681 1024 746 omnibus
1068 682 1325 763 regibus
1362 683 1520 746 Juda
1548 684 1673 746 Deo
1711 683 1847 765 pla·
1871 683 1924 745 A
1954 683 2191 766 quibus
2235 686 2539 748 hactenus
2580 685 2886 767 populum
2923 684 3106 746 illum
3154 681 3436 766 adspexi,

337 781 581 858 cuisse,
616 781 887 845 historia
929 781 1140 864 quarti
1186 781 1332 844 libri
1365 782 1603 864 Regum
1646 792 1709 846 et
1751 802 1846 846 se-

335 880 546 941 cundi
574 880 1103 962 Paralipomenon
1134 881 1547 944 demonstrat.
1580 881 1757 944 Unde
1779 880 1845 943 in

116 989 247 1030 &eeti-
336 977 800 1042 Ecclesiastico
842 979 1147 1042 asseritur
1181 997 1196 1040 ε
1229 979 1527 1042 Memoria
1562 980 1747 1042 Josiae
1777 979 1845 1041 in

94 1065 145 1092 ”¹
183 1054 195 1092 ¹
234 1053 271 1094 ²·
334 1077 815 1158 compositione
835 1078 1047 1141 odoris
1072 1077 1255 1155 facta,
1274 1078 1339 1140 in
1362 1078 1538 1141 omni
1568 1097 1677 1142 ore
1696 1098 1848 1159 qua-

338 1175 392 1236 si
442 1176 576 1238 mel
630 1176 1089 1254 indulcabitur,
1144 1185 1207 1240 et
1252 1177 1437 1259 quasi
1486 1177 1731 1240 musica
1778 1177 1843 1239 in

337 1274 651 1338 convivio
681 1275 842 1337 vini.

436 1377 897 1436 Verumtamen
939 1394 1069 1435 non
1109 1385 1198 1434 esc
1237 1395 1497 1436 aversus
1527 1377 1845 1436 Dominus

336 1474 419 1532 ab
464 1475 577 1532 ira
616 1475 871 1552 furoris
912 1475 1023 1533 sui
1064 1476 1309 1552 mayni,
1344 1494 1469 1553 quo
1507 1476 1719 1535 iratus
1755 1485 1846 1536 esc

335 1573 543 1647 furor
560 1573 731 1648 eju-3,
749 1571 814 1634 id
844 1579 939 1634 est
971 1573 1141 1652 rigor
1162 1590 1292 1634 suae
1316 1571 1845 1653 justitiae,contra

332 1673 619 1740 Iudam,
655 1670 716 1732 id
760 1678 857 1733 est
906 1671 1215 1754 populum
1268 1671 1449 1752 regni
1496 1671 1675 1748 Juda,
1701 1692 1847 1749 pro-

330 1779 485 1846 pter
504 1771 1189 1850 irritationes,quibus
1211 1779 1669 1848 provocaverat
1697 1790 1845 1831 eum

1953 783 2388 846 conservando
2437 802 2583 845 eum
2631 783 2698 844 in
2758 791 2926 846 terra
2974 780 3436 865 promissionis,

1951 881 2248 944 Praevidit
2291 881 2528 944 etenim
2570 881 2896 959 DominuS,
2930 900 3119 962 quam
3163 880 3441 961 graviter

1954 981 2230 1062 populus
2265 980 2376 1043 ille
2409 981 2529 1044 suit
2572 989 2716 1063 post
2740 980 2924 1044 Josiae
2964 980 3209 1045 obitum
3241 987 3443 1041 trans-

1952 1096 2308 1159 gressuruS,
2345 1079 2488 1142 ideo
2531 1098 2782 1161 poenam
2826 1080 2964 1160 ejus
3004 1078 3317 1161 praedixit.
3364 1078 3441 1140 Et

1954 1185 2164 1240 tamen
2218 1197 2330 1260 per
2375 1178 2708 1241 Jeremiam
2760 1177 3128 1259 frequenter
3184 1175 3438 1258 plebem

1954 1276 2129 1339 illam
2183 1277 2553 1340 hortabatur
2599 1277 2679 1339 ad
2727 1277 3256 1353 emendationem,
3295 1293 3440 1357 pro—
3489 1298 3584 1342 Jer.
3611 1311 3724 1348 mu.

1954 1375 2214 1437 mittens
2260 1375 2319 1438 ei
2364 1394 2550 1457 opem
2597 1395 2668 1438 ac
2715 1375 2989 1451 veniam,
3031 1374 3084 1436 si
3129 1374 3438 1437 veraciter
3466 1363 3728 1467 {³23⁹issfffl·

1958 1475 2336 1556 poeniteret3
2386 1475 2493 1536 sed
2538 1473 2691 1557 quia
2734 1473 3054 1555 praescivit
3096 1473 3297 1556 ipsius
3343 1473 3437 1534 in-
3551 1454 3562 1475 ⁹

1954 1572 2353 1636 durationem
2411 1573 3070 1655 impoenitentiamque
3129 1570 3431 1649 futuram,

1956 1671 2191 1734 idcirco
2220 1672 2606 1753 quandoque
2642 1670 2930 1733 absolute
2967 1671 3258 1753 praedixit
3295 1669 3436 1751 ejus

1956 1770 2380 1852 punitionem.
2414 1773 2601 1832 Sicut
2631 1771 2871 1830 abstuli
2897 1772 3126 1838 Israel,
3156 1780 3214 1830 ec
3235 1770 3439 1846 proji-

342 1870 705 1940 ManasseS,
733 1867 797 1930 id
828 1875 924 1930 est
952 1877 1211 1950 propter
1242 1867 1631 1931 idololatrias
1663 1876 1725 1931 et
1746 1888 1846 1931 ee-
1880 1869 1927 1932 B
1954 1872 2123 1930 eiam
2167 1871 2494 1930 civitatem
2537 1871 2706 1929 hanc
2743 1889 2940 1946 quam
2982 1870 3145 1944 eleqi
3179 1872 3438 1929 Jerusa-

343 1973 512 2028 teras
562 1966 1101 2046 transgressiones
1144 1966 1441 2028 Manassae
1490 1966 1677 2046 regiS.
1709 1967 1843 2029 Jam

94 2079 309 2134 unam.
340 2064 827 2146 praeallegatum
852 2065 1511 2146 est,quemadmodum
1532 2066 1845 2128 Manasses

339 2181 493 2226 vere
518 2162 847 2245 poenituit,
871 2163 959 2224 ita
988 2164 1157 2244 quod
1181 2163 1421 2225 scelera
1440 2183 1553 2225 sua
1585 2162 1844 2226 fuerunt

336 2261 396 2324 ei
444 2262 743 2338 dimissa,
780 2270 845 2324 et
892 2261 1395 2325 misericordiam
1441 2260 1703 2324 finalem
1748 2269 1847 2325 est

336 2369 728 2424 consecutus
763 2377 777 2422 :
813 2361 1137 2442 quomodo
1180 2377 1327 2440 ergo
1375 2360 1539 2422 Deus
1584 2369 1843 2442 propter

336 2460 549 2541 ipsius
580 2467 847 2542 peccata
880 2459 1077 2522 iratus
1108 2467 1203 2522 est
1250 2459 1487 2541 populo
1515 2459 1695 2536 Juda,
1728 2459 1842 2541 qui

336 2567 429 2621 tot
469 2558 669 2621 annis
714 2556 839 2620 fuit
877 2566 1023 2639 post
1060 2565 1327 2621 mortem
1372 2557 1691 2633 Manassae,
1728 2575 1843 2620 nec

332 2656 391 2718 ei
436 2656 701 2718 videtur
740 2655 1248 2719 communicasse
1280 2655 1347 2717 in
1382 2655 1690 2718 crimine?
1730 2656 1845 2718 De-

334 2755 561 2836 nique,
590 2773 795 2836 quum
827 2755 1159 2837 proprium
1190 2754 1273 2816 sit
1305 2756 1430 2818 Deo
1460 2755 1747 2818 misereri
1778 2764 1843 2818 et

330 2873 626 2937 parcere,
652 2855 976 2934 quomodo
1008 2872 1135 2917 non
1166 2854 1430 2937 pronior
1460 2853 1585 2916 fuit
1604 2856 1680 2917 ad
1712 2855 1843 2937 pla-

330 2955 619 3016 candum
650 2962 715 3016 et
756 2953 1213 3034 ignoscendum
1256 2973 1333 3016 ox
1371 2954 1563 3016 tantis
1595 2953 1841 3017 meritis

1956 1973 2105 2038 lem,
2137 1978 2199 2027 ec
2231 1970 2494 2028 domum
2529 1971 2610 2026 de
2649 1988 2777 2047 qua
2817 1968 2992 2037 dixi,
3028 1969 3176 2028 Erit
3207 1987 3432 2028 nomen
3487 1984 3728 2040 mnsam.

1954 2088 2166 2127 meum
2199 2069 2312 2128 ibi.
3466 2051 3534 2091 ³⁰·

2032 2167 2313 2245 Reliqua
2341 2175 2554 2226 autem
2575 2184 2940 2224 sermonum
2966 2165 3181 2232 Josioe,
3201 2173 3260 2224 et
3289 2165 3439 2223 uni-

1954 2285 2139 2324 versa
2159 2285 2302 2342 quoe
2321 2264 2501 2340 feeit,
2525 2283 2738 2323 nonne
2764 2265 2898 2324 hoee
2922 2264 3164 2339 scripta
3191 2263 3436 2322 suntin

1956 2365 2117 2422 libro
2169 2363 2510 2422 Verborum
2552 2363 2812 2421 dierum
2850 2379 3074 2437 regum
3102 2361 3325 2420 Iuda?
3354 2362 3437 2420 In

1950 2463 2175 2521 diebus
2218 2462 2358 2538 ejus
2406 2463 2692 2520 aseendit
2720 2462 2982 2522 Pharao
3025 2460 3279 2520 Nechao
3322 2479 3439 2518 rem

1952 2561 2250 2637 AEyypti,
2272 2569 2495 2620 eontra
2525 2577 2733 2636 reyem
2753 2559 3173 2635 Assyriorum
3203 2559 3291 2616 ad
3317 2561 3440 2633 flu-

1954 2679 2095 2719 men
2125 2659 2531 2736 Euphraten.
2556 2659 2641 2718 Ec
2679 2658 2840 2716 abiit
2883 2658 3090 2717 Josias
3117 2676 3234 2715 rea·
3262 2658 3437 2717 Juda

1954 2759 2021 2818 in
2056 2777 2388 2817 occursum
2413 2757 2575 2833 ejus,
2597 2758 2680 2816 Ec
2701 2757 2940 2816 occ-isus
2968 2764 3056 2815 est
3087 2757 3158 2814 in
3185 2756 3439 2831 sllayed-

1950 2859 2049 2924 do,
2060 2876 2262 2936 quum
2285 2857 2548 2917 vidisset
2567 2875 2730 2915 eum.
2755 2857 2838 2916 Et
2849 2862 3271 2931 portaverunt
3289 2873 3436 2913 eum

1950 2956 2121 3015 servi
2148 2955 2256 3015 sui
2296 2964 2622 3014 mortuum
2659 2957 2739 3014 de
2771 2955 3110 3029 MayeddO,
3143 2961 3202 3012 et
3227 2961 3438 3029 percu-

332 3053 544 3116 sancti
585 3051 773 3115 Josiae
812 3071 885 3114 ac
928 3051 1150 3134 populi
1198 3052 1317 3115 sub
1365 3071 1441 3115 eo
1477 3052 1734 3115 devoti?
1766 3053 1841 3115 Et
1876 3056 1920 3122 C
1952 3058 2168 3114 lerunt
2197 3056 2270 3113 in
2288 3055 2673 3122 Jerusalem,
2695 3061 2755 3112 ec
2781 3053 3167 3129 sepelierunt
3194 3071 3342 3110 eum
3363 3053 3436 3110 in

332 3151 445 3214 ubi
500 3160 605 3214 est
649 3152 822 3232 quod
863 3151 1170 3214 Dominus
1205 3151 1491 3232 loquitur
1538 3151 1722 3214 toties
1773 3151 1839 3213 in

90 3259 173 3334 ‘rer
204 3275 301 3311 m..
332 3250 1171 3333 ProphetiS,Unusquisque
1203 3250 1269 3312 in
1292 3259 1551 3332 peccato
1582 3269 1696 3313 suo
1716 3269 1844 3313 mo-

84 3324 305 3433 ffifjo‘fh‘
335 3349 585 3412 rietur?
638 3349 716 3410 Et
762 3368 963 3430 quum
1013 3349 1220 3431 culpae
1271 3348 1577 3412 debeatur
1624 3367 1835 3430 poena,

331 3467 479 3530 quae
520 3455 623 3511 est
674 3447 796 3510 ista
839 3446 1110 3528 justitia,
1154 3455 1225 3510 ut
1272 3455 1533 3529 propter
1580 3455 1839 3529 peccata

330 3547 553 3624 uniuS,
600 3545 716 3608 alii
758 3546 1129 3628 puniantur,
1172 3555 1235 3609 et
1277 3554 1537 3628 peccata
1575 3545 1838 3608 dimissa

329 3646 548 3708 denuo
592 3644 1013 3727 imputentur,
1058 3645 1249 3709 etiam
1301 3645 1400 3707 his
1440 3645 1553 3727 qui
1594 3665 1669 3709 ea
1708 3663 1835 3708 non

327 3745 835 3808 commiserunt?
857 3744 1073 3825 ltaque
1093 3743 1345 3807 videtur
1379 3744 1550 3807 locus
1585 3744 1705 3807 iste
1737 3743 1839 3806 ob-

326 3863 581 3920 scuruS,
630 3842 725 3906 sic
782 3842 1254 3922 intelligendus
1300 3844 1473 3924 quod
1533 3843 1835 3908 Dominus

326 3961 455 4005 non
474 3951 577 4006 aet
607 3961 871 4006 aversus
900 3962 937 4004 a
958 3943 1285 4024 proposito
1306 3943 1614 4024 puniendi
1636 3963 1837 4026 popu-

326 4040 461 4104 lum
480 4041 650 4103 Juda
680 4049 944 4123 propter
963 4041 1499 4120 transgressiones
1521 4043 1831 4122 Manassae‚

326 4139 392 4200 id
428 4148 531 4202 est
564 4145 828 4221 propter
860 4147 1119 4220 peccata
1159 4147 1221 4203 et
1252 4139 1492 4203 scelera
1528 4160 1601 4204 ac
1641 4141 1836 4205 idolo·

1948 3155 2234 3230 sepulcro
2262 3173 2398 3213 suo,
2435 3151 2545 3214 Hic
2588 3149 2988 3226 describitur,
3019 3149 3296 3231 qualiter
3335 3167 3438 3212 oc-

1950 3251 2122 3312 cisus
2152 3260 2216 3313 et
2259 3251 2544 3332 sepultus
2589 3250 2673 3312 sit
2703 3249 3022 3311 virtuosus
3061 3256 3126 3310 et
3164 3247 3307 3330 pius
3336 3247 3438 3310 Jo-

1950 3350 2115 3424 sias3
2148 3358 2213 3412 et
2240 3349 2553 3431 quidquid
2597 3349 2678 3410 de
2715 3349 2834 3410 hoc
2876 3347 3175 3411 scribitur
3215 3346 3281 3408 in
3312 3346 3433 3409 hoc

1950 3448 2109 3525 loco,
2155 3448 2437 3511 secundo
2479 3447 3003 3529 Paralipomenon
3041 3445 3282 3508 diffuse
3329 3463 3434 3507 ex·
3516 3476 3550 3519 u
3579 3476 3688 3519 par,

1948 3547 2226 3630 positum
2259 3553 2378 3622 est,
2399 3545 2509 3609 ubi
2539 3546 2618 3609 de
2640 3545 2760 3608 ista
2790 3544 3053 3608 materia
3074 3544 3433 3607 introducta
3461 3541 3725 3592 ¹¹⁸V2²³·²⁵·

1948 3654 2097 3708 sunt
2116 3645 2330 3708 multa.
2354 3644 2663 3726 Iosephus
2681 3661 2938 3726 quoque
2960 3650 3222 3706 testatur
3242 3661 3256 3704 :
3276 3643 3432 3704 Dum

1945 3745 2144 3808 sosias
2174 3743 2238 3806 in
2269 3762 2425 3825 pace
2445 3751 2635 3824 atque
2665 3742 2908 3806 divitiis
2939 3751 3002 3805 et
3021 3741 3224 3824 gloria
3242 3761 3434 3824 super

1947 3863 2169 3908 omnes
2198 3842 2557 3918 excelleret,
2588 3841 2801 3923 jaculo
2831 3849 2926 3904 est
2959 3840 3228 3903 occisus

2028 3941 2327 4023 Sequitur
2352 3940 2432 4002 de
2465 3938 2604 4002 filio
2622 3938 2824 4014 Josiae,
2843 3937 2957 4020 qui
2977 3938 3036 4001 ei
3068 3939 3275 4019 primo
3298 3957 3434 4000 suc-

1946 4040 2137 4104 cessit
2197 4039 2262 4102 in
2314 4057 2529 4120 regno.
2591 4040 2887 4118 Tulitque
2925 4041 3204 4116 populus
3249 4047 3434 4098 terra»

1944 4143 2226 4201 Joaclzaz
2269 4139 2489 4215 filium
2524 4139 2736 4208 Josioe,
2777 4145 2835 4196 et
2881 4145 3213 4196 unxerunt
3258 4156 3428 4206 eum,

326 4237 569 4314 latrias,
610 4237 681 4298 in
712 4236 951 4318 quibus
983 4238 1258 4319 populus
1298 4238 1409 4302 ille
1444 4247 1699 4302 secutus
1738 4250 1835 4304 est
1864 4243 1915 4304 D
1948 4249 2007 4299 ec
2054 4239 2524 4298 constituerunt
2571 4255 2720 4296 eum
2765 4255 3000 4312 regem,
3041 4253 3154 4316 per
3208 4253 3434 4296 manus

326 4335 671 4417 praefatum
724 4335 1053 4399 Manassen
1107 4336 1172 4398 in
1228 4336 1403 4399 vitiis
1438 4355 1451 4398 :
1484 4339 1656 4419 quod
1710 4337 1834 4402 fuit

328 4443 471 4516 post
520 4442 799 4496 mortem
843 4433 1049 4497 Josiae.
1099 4435 1417 4498 Interdum
1463 4443 1673 4500 tamen
1725 4457 1834 4519 po—

328 4534 481 4596 steri
509 4542 577 4597 et
608 4533 679 4595 in
713 4533 1155 4616 corporalibus
1188 4533 1543 4615 puniuntur
1572 4545 1833 4617 propter

328 4641 671 4713 parentum
704 4629 1013 4708 facinora,
1040 4639 1231 4713 prout
1251 4630 1619 4714 frequenter
1649 4652 1832 4717 expo-

328 4733 520 4794 situm
555 4739 657 4795 est
684 4757 699 4806 3
737 4731 847 4793 sed
882 4730 1005 4792 nisi
1035 4730 1233 4793 Judaei
1266 4739 1410 4813 post
1439 4741 1707 4794 mortem
1734 4734 1833 4796 Jo—

328 4831 437 4893 siae
465 4831 671 4893 Deum
716 4837 843 4892 tam
886 4828 1165 4909 graviter
1208 4827 1657 4908 offendissent,
1703 4850 1830 4894 non

333 4927 609 4991 fuissent
640 4936 907 5009 propter
936 4937 1197 5010 peccata
1236 4929 1599 5010 personalia
1630 4929 1830 5012 ipsius

330 5026 631 5090 Manassae
662 5035 791 5089 tam
826 5026 965 5089 dire
994 5025 1227 5108 puniti.

408 5128 603 5188 Dioeit
649 5128 872 5205 itaque
918 5127 1238 5186 Dominus
1269 5147 1292 5186 .·
1323 5129 1545 5188 Etiam
1589 5131 1832 5189 Judam
1880 5163 1893 5176 ·

330 5225 635 5302 auferam
665 5245 708 5284 a
738 5224 911 5298 facie
940 5245 1107 5294 mea,
1140 5222 1204 5285 id
1237 5231 1334 5285 est
1364 5243 1401 5286 a
1434 5233 1599 5286 terra
1641 5242 1827 5305 quam

328 5322 569 5386 contuli
600 5321 685 5399 ei,
720 5328 785 5384 et
812 5340 851 5383 a
880 5320 989 5403 pio
1022 5330 1317 5403 respectu
1356 5340 1429 5385 ac
1458 5321 1833 5387 defensione

1944 4335 2296 4419 pontificiS,
2336 4355 2460 4413 pro
2509 4345 2700 4412 patre
2737 4354 2873 4394 sue.
2939 4335 3184 4410 Viyz’nti
3229 4334 3434 4395 trium

1941 4455 2268 4496 annorum
2296 4443 2436 4494 erat
2463 4435 2742 4494 Joaeleaz
2773 4453 2975 4512 quum
3018 4453 3290 4510 reynare
3317 4453 3434 4494 εω-

1934 4535 2163 4612 pis-set,
2181 4543 2242 4592 ec
2273 4534 2476 4593 tribus
2496 4533 2820 4592 mensibus
2848 4533 3143 4607 reynavic
3167 4535 3236 4592 in
3259 4533 3436 4594 Jeru-

1940 4637 2160 4694 salem.
2212 4634 2459 4694 Nomen
2511 4632 2749 4691 matris
2795 4631 2936 4707 ejus
2967 4631 3248 4699 Amilal‚
3283 4633 3432 4708 filia

1938 4733 2257 4802 Jeremioe,
2282 4733 2360 4790 de
2392 4731 2635 4791 Lobna.
2663 4732 2745 4790 Ec
2767 4730 2922 4807 fecit
2945 4732 3190 4789 malum
3218 4749 3432 4789 coram

1938 4832 2239 4900 Domine,
2277 4829 2486 4906 jum-ta
2535 4829 2755 4889 omnia
2798 4848 2942 4908 quoe
2988 4830 3276 4907 fecerant
3315 4847 3433 4905 pa-

1944 4939 2065 4990 tres
2096 4929 2237 5006 ejus
2274 4926 2477 5008 iniqui
2524 4925 2893 5002 idololatrae,
2927 4924 3172 4988 scilicet
3202 4924 3427 5002 Arnon,

1947 5027 2175 5104 Achaz,
2211 5033 2274 5088 et
2304 5025 2618 5088 Manasses
2655 5024 2735 5086 ad
2779 5032 3054 5106 tempuS,
3088 5024 3271 5104 cujus
3301 5041 3434 5105 poe-

1942 5127 2278 5190 nitentiam
2313 5143 2437 5187 non
2471 5133 2566 5187 est
2598 5131 2890 5197 secutus;
2926 5126 3268 5204 vinoeitque
3285 5145 3432 5185 eum

1942 5229 2207 5288 Pharao
2237 5226 2494 5284 Neokao
2535 5225 2608 5282 in
2639 5224 2955 5283 Reblatka
2985 5220 3144 5283 urbe
3173 5242 3316 5299 quae
3344 5232 3433 5283 esc

1941 5326 2015 5386 in
2051 5334 2226 5385 terra
2259 5323 2522 5394 Emath,
2540 5341 2621 5381 ne
2641 5328 2935 5397 reynaret
2964 5320 3038 5380 in
3057 5321 3433 5420 Jerusalem·
