4309 6259
90 800 329 851 {leonum

62 866 133 909 10:
164 877 205 913 x.
242 866 327 913 ¹6;

56 928 147 969 Jer.
185 939 307 977 xxxi,

62 991 122 1031 ³³.

86 2780 155 2823 Ps.
172 2794 225 2831 ei,
242 2784 331 2827 4-0.

79 3738 99 3749 -
116 3674 250 3721 Ereti.
268 3690 327 3727 vn,

80 4063 329 4116 aidanum).

100 4262 219 4307 Pron.
230 4278 327 4317 xvn,

84 4327 141 4366 17.

122 4952 193 4996 Pe.
205 4968 325 5007 cxvii,

88 5016 143 5056 ts,

1210 518 1554 567 malumno
1598 522 1659 567 IN
1703 522 1837 569 CAP-
1887 523 1993 570 xlx
2032 524 2160 570 JOB.
2205 544 2286 555 —
2327 526 2469 575 ΛΒΤ.
2517 530 2656 576 xmv

3355 514 3473 580 563

364 686 715 769 Apostolus
762 689 845 750 ad
878 688 1173 751 Hebraeos
1222 690 1656 757 testimonium
1703 691 1875 755 Jere-
1904 691 1955 754 A
1986 716 2151 777 mus,
2185 707 2248 761 et
2276 700 2548 764 aliorum
2586 701 2918 785 spirituale
2955 702 3312 766 subsidium
3353 704 3475 766 im-

362 785 537 862 mite,
574 787 771 849 Deum
815 787 1125 850 inducens
1166 787 1483 851 dicentem
1520 807 1533 850 :
1569 789 1740 854 Dabo
1786 791 1874 853 le-

362 901 477 962 ges
519 904 697 948 meas
748 886 812 947 in
859 894 1103 948 mentes
1153 904 1395 961 eorum,
1450 894 1513 949 et
1564 886 1631 949 in
1678 890 1871 951 corde

362 1000 591 1045 eorum
622 983 1093 1066 superscribam
1122 1003 1251 1047 eas.
1279 984 1627 1065 Sequentia
1656 995 1866 1049 autem

366 1082 566 1144 verba
596 1101 725 1145 non
756 1082 1014 1164 proprie
1051 1091 1413 1163 congruunt
1444 1083 1719 1161 Christo,
1752 1086 1866 1166 qui

362 1198 497 1243 non
530 1180 599 1242 iu
627 1180 978 1244 novissimo
999 1181 1103 1243 die
1134 1188 1441 1261 resurget,
1467 1182 1577 1245 sed
1608 1182 1713 1245 die
1747 1192 1869 1246 ter-

366 1277 457 1341 tio
484 1280 858 1342 resurrexit.

460 1376 731 1459 Insuper
787 1396 867 1439 ex
923 1377 1335 1459 praeinductis
1395 1377 1669 1441 faciliter
1724 1396 1866 1444 reor

360 1484 607 1557 patere,
662 1476 939 1557 qualiter
990 1477 1183 1539 verba
1232 1478 1424 1558 hujus
1474 1478 1737 1560 capituli
1786 1480 1865 1543 de

359 1586 777 1656 quocumque
820 1575 1198 1655 gravissime
1248 1575 1499 1638 afflicto
1548 1596 1619 1638 ac
1666 1578 1861 1658 juste,

361 1691 479 1754 per
506 1674 627 1737 Job
660 1673 957 1755 figurato,
994 1682 1055 1737 ct
1084 1674 1319 1737 Christi
1354 1674 1693 1753 imitatore,
1722 1695 1867 1756 que-

360 1782 473 1833 ant
510 1773 747 1856 exponi
786 1792 799 1835 :
842 1775 1015 1854 quod
1057 1780 1247 1836 eausa
1286 1774 1561 1837 vitandae
1610 1774 1865 1856 prolixi-

1980 796 2232 878 plorare
2290 800 2618 878 debemuS‚
2681 822 2760 865 ne
2817 802 2883 864 in
2941 811 3154 866 mente
3213 802 3470 885 gravius

1979 895 2410 974 vulneremur,
2453 899 2563 961 sed
2614 901 2826 962 statim
2873 920 3170 963 curemur
3217 919 3329 963 seu
3373 920 3469 964 re-

1978 1011 2297 1073 paremur.

2060 1097 2271 1162 Quare
2309 1098 2783 1175 persequimini
2829 1119 2928 1159 me
2973 1101 3140 1159 sicut
3193 1101 3384 1169 Deus,
3410 1109 3472 1159 et

1973 1195 2275 1253 carnibus
2307 1197 2460 1255 meis
2486 1198 2888 1257 saturamini
2906 1199 2936 1257 ?
2967 1197 3113 1273 Hoc,
3147 1196 3326 1276 juxta
3365 1215 3470 1259 ex-

1976 1289 2357 1368 positionem
2389 1292 2825 1373 praehabitam,
2851 1293 3027 1356 duris
3060 1293 3470 1376 incompassi-

1974 1386 2198 1469 visque
2216 1389 2450 1452 dicitur
2476 1409 2490 1453 ε
2517 1393 2594 1453 de
2613 1391 2848 1473 quibus
2879 1392 2944 1453 in
2979 1391 3464 1455 Proverbiorum

1976 1482 2140 1549 libro
2191 1486 2414 1565 fertur,
2457 1489 2711 1552 Viscera
2761 1490 3106 1572 impiorum
3153 1490 3460 1553 crudelia.
3495 1515 3762 1569 armanno.

1974 1583 2154 1647 Tales
2185 1595 2419 1663 autem,
2457 1588 2662 1669 iniqui
2694 1597 2843 1651 sunt
2872 1589 3217 1671 vitiosique
3257 1590 3460 1653 valde.

1973 1682 2149 1746 Unde
2195 1685 2260 1747 in
2305 1685 2662 1749 Proverbiis
2711 1686 2941 1767 legitur
2977 1706 2990 1749 :
3027 1687 3142 1761 Qui
3192 1689 3465 1771 despicit
3507 1705 3757 1761 lisama,

1975 1782 2250 1845 amicum
2300 1804 2508 1861 suum,
2547 1786 2840 1866 indigens
2884 1788 3074 1849 corde
3118 1794 3233 1849 est.
3271 1788 3465 1851 Bene·
3498 1775 3562 1815 ¹⁷·

364 1871 513 1934 tatis
548 1892 677 1935 non
712 1891 1107 1955 prosequor3
1149 1874 1258 1935 sed
1298 1873 1467 1936 circa
1507 1874 1859 1955 pleniorem
1902 1875 1946 1937 B
1978 1878 2129 1942 facit
2157 1882 2386 1945 animae
2408 1904 2536 1945 suae
2557 1884 2654 1947 vir
2685 1884 3078 1963 misericors3
3109 1883 3222 1966 qui
3251 1894 3463 1949 autem

361 1970 809 2034 tractationem
830 1971 1172 2035 verborum
1202 1971 1395 2053 hujus
1427 1972 1692 2053 capituli
1721 1991 1865 2053 quae

360 2087 481 2149 pro
513 2070 790 2133 lectione
816 2070 1120 2133 dicuntur
1158 2070 1225 2133 in
1254 2070 1490 2133 Officio
1532 2070 1866 2134 defuncto-

360 2188 529 2245 rum,
565 2168 897 2250 paululum
932 2168 1343 2232 immorabor.

442 2269 622 2329 Pelei
651 2288 830 2337 meae,
860 2270 1253 2345 consumptis
1294 2270 1619 2339 carnibuS,
1652 2272 1867 2329 adlzae-

355 2368 543 2427 sitos
582 2387 823 2436 meum,
852 2374 973 2429 etc.
1009 2366 1072 2429 Si
1104 2366 1249 2447 quis
1290 2374 1528 2428 tantam
1569 2366 1864 2429 inciderit

360 2464 835 2541 infirmitatem,
870 2472 980 2527 aut
1014 2472 1249 2527 tantam
1281 2465 1506 2527 fecerit
1542 2464 1865 2528 abstinen-

360 2565 543 2641 tiam,
580 2572 650 2625 ut
678 2582 826 2626 caro
856 2564 997 2644 ejus
1029 2582 1145 2645 pro
1178 2580 1407 2643 magna
1438 2572 1617 2645 parte
1648 2583 1865 2627 cerna—

362 2672 469 2725 tur
511 2670 914 2743 consumpta,
953 2661 1038 2723 ita
1084 2669 1153 2723 ut
1202 2662 1415 2724 dicere
1460 2661 1667 2725 valeat
1716 2682 1860 2724 cum

358 2760 699 2823 Psalmista
732 2778 745 2821 :
780 2760 933 2823 Ossa
963 2778 1105 2822 mea
1144 2758 1311 2823 sicut
1344 2760 1653 2822 cremium
1683 2778 1865 2821 arue—

362 2869 556 2935 runt3
600 2878 941 2942 percussus
984 2878 1124 2920 sum
1168 2867 1237 2919 ut
1279 2857 1568 2933 foenumg
1622 2878 1658 2921 a
1708 2877 1861 2922 voce

356 2959 639 3039 gemitus
670 2959 795 3022 mei
827 2958 1097 3021 adhaesit
1128 2976 1197 3020 os
1228 2976 1440 3020 meum
1472 2958 1647 3020 carni
1682 2976 1857 3035 meae,

1974 1978 2248 2041 crudelis
2289 1989 2405 2057 est,
2442 1990 2504 2043 et
2548 1983 2939 2064 propinquos
2988 1982 3234 2063 abjicit.
3280 1982 3461 2045 Tales

1974 2078 2299 2140 attendant
2347 2086 2412 2141 et
2456 2088 2728 2160 paveant
2778 2081 2934 2142 illud
2981 2081 3195 2144 Jacobi
3233 2098 3246 2142 :
3289 2081 3464 2143 Judi·

1973 2175 2143 2236 cium
2169 2176 2306 2239 sine
2339 2177 2772 2241 misericordia
2795 2178 2904 2253 illi,
2929 2179 3043 2260 qui
3073 2198 3203 2241 non
3231 2177 3462 2242 fecerit

1972 2274 2494 2338 misericordiam.
2533 2280 2689 2346 Quis
2729 2280 2896 2338 milii
2929 2280 3174 2338 tribuat
3205 2288 3278 2339 ut
3305 2282 3463 2338 scri-

1976 2374 2203 2433 bantur
2237 2394 2550 2435 sermones
2589 2378 2766 2435 mei?
2803 2384 2922 2438 etc.
2969 2374 3085 2448 Qui
3129 2394 3206 2439 ex
3260 2377 3463 2455 gratia

1974 2470 2093 2531 sibi
2127 2470 2356 2533 collata
2396 2472 2639 2554 profert
2677 2473 3069 2536 sententiosa
3110 2481 3302 2555 atque
3332 2474 3464 2536 uti-

1976 2567 2081 2643 lia,
2105 2570 2332 2632 merito
2362 2590 2438 2633 ex
2468 2572 2728 2634 caritate
2759 2571 2938 2652 cupit
2973 2590 3048 2634 ea
3077 2572 3154 2633 ad
3185 2572 3458 2635 aliorum

1974 2665 2331 2748 profectum
2373 2670 2804 2732 commendari
2842 2670 3168 2732 memorioe
3207 2679 3270 2732 et
3308 2671 3464 2733 scri-—

1974 2774 2198 2847 pturae,
2247 2768 2600 2848 praesertim
2645 2787 2844 2849 quum
2896 2766 2960 2830 in
3010 2767 3458 2831 Ecclesiastico

1972 2865 2278 2947 scriptum
2321 2865 2403 2928 sit
2439 2884 2452 2928 :
2497 2866 2819 2948 Sapientia
2860 2865 3173 2929 absconsa
3215 2874 3279 2930 et
3325 2867 3458 2930 the-
3513 2882 3753 2934 moran,

1971 2982 2194 3025 saurus
2233 2965 2500 3041 inviSuS,
2534 2984 2678 3048 quae
2724 2964 2969 3027 utilitas
3013 2964 3078 3026 in
3121 2965 3457 3047 utrisque?
3488 2947 3555 2987 ³²·

3533 2097 3689 2142 Jacob.
3711 2112 3754 2149 ιι,

3494 2161 3560 2202 13.

356 3058 425 3119 id
454 3065 553 3121 est
580 3058 757 3140 pelli,
792 3058 1146 3121 secundum
1179 3056 1633 3138 Hieronymum
1674 3074 1686 3117 ε
1714 3056 1858 3118 talis
1894 3060 1939 3123 C
2051 3064 2197 3123 Scio
2227 3064 2402 3123 enim
2430 3066 2600 3143 quod
2625 3066 3012 3141 Redemptor
3043 3084 3217 3124 meus
3249 3065 3456 3127 vivit:

356 3157 556 3221 verba
584 3157 719 3220 haec
734 3156 851 3219 Job
872 3157 1085 3219 dicere
1116 3163 1343 3237 potest,
1364 3155 1476 3236 qui
1508 3155 1857 3217 amicorum

356 3256 521 3337 petit
548 3254 959 3336 suffragium,
994 3256 1409 3315 illiseretnini
1440 3256 1590 3324 mei,
1616 3256 1860 3315 miserc-

358 3356 535 3415 mini
566 3357 715 3424 mei,
732 3356 961 3414 saltem
992 3374 1123 3422 vOS,
1151 3354 1351 3413 amici
1383 3354 1529 3413 mei.
1551 3351 1859 3433 Tempore

360 3452 601 3515 etenim
641 3451 1046 3515 adversitatis
1086 3460 1151 3513 et
1184 3450 1603 3526 necessitatis,
1640 3451 1861 3532 praeci-

360 3569 491 3632 pue
537 3550 819 3613 amicitia
882 3558 977 3612 est
1032 3550 1465 3612 monstranda.
1510 3549 1653 3612 ldeo
1702 3549 1859 3611 dicit

360 3648 847 3711 Ecclesiasticus
902 3666 915 3710 :
969 3647 1031 3710 Si
1080 3647 1367 3729 possides
1424 3648 1729 3723 amicum,
1788 3647 1857 3708 in

361 3746 715 3809 tentatione
744 3746 1000 3827 posside
1030 3765 1200 3822 eum,
1222 3754 1285 3809 et
1306 3764 1385 3807 nc
1420 3744 1607 3807 facile
1638 3746 1857 3808 credas

360 3845 421 3907 ei
468 3853 529 3907 te
572 3843 807 3926 ipsum.
844 3845 952 3906 Est
994 3844 1169 3907 enim
1213 3843 1459 3906 amicus
1506 3844 1856 3906 seeundum

360 3952 617 4025 tempus
648 3962 857 4020 suum,
892 3952 955 4005 et
988 3961 1114 4005 non
1155 3951 1485 4024 permanet
1516 3942 1581 4003 in
1616 3942 1719 4005 die
1750 3942 1859 4003 tri-

360 4042 736 4106 bulationis.
759 4042 1075 4123 Itemque:
1096 4042 1230 4104 Non
1260 4050 1322 4104 te
1352 4041 1565 4123 pigeat
1598 4041 1857 4104 visitare

362 4141 703 4204 infirmum
736 4157 752 4203 ε
787 4160 863 4203 ex
899 4141 999 4202 his
1042 4140 1213 4203 enim
1261 4140 1325 4201 in
1360 4140 1705 4203 dilectione
1746 4138 1859 4201 fir-

1968 3162 2502 3242 quemadmodum
2534 3161 2613 3223 ad
2655 3162 2968 3224 Romanos
3007 3160 3164 3223 dicit
3194 3162 3459 3243 Aposto-

1969 3259 2089 3335 luS,
2141 3260 2428 3321 Christus
2478 3277 2809 3339 resurgens
2858 3279 2934 3321 ex
2981 3261 3271 3337 mortuiS,
3322 3261 3453 3341 jam
3499 3278 3749 3329 nomano.

1970 3377 2097 3420 non
2148 3357 2415 3421 moritur
2450 3376 2463 3419 :
2497 3357 2607 3438 qui
2654 3358 3004 3420 secundum
3055 3358 3458 3422 divinitatem

1966 3456 2347 3519 aeternaliter
2377 3464 2440 3519 et
2467 3455 3078 3519 incommutabiliter
3108 3465 3204 3518 est
3233 3458 3458 3521 vivens

1966 3562 2028 3617 et
2059 3555 2210 3618 vita.
2245 3554 2422 3617 Hunc
2449 3554 2934 3635 Redemptorem
2972 3561 3146 3616 tanto
3179 3554 3458 3636 amplius

1966 3652 2231 3731 diligere
2279 3652 2606 3728 debemus,
2640 3670 2768 3733 quo
2815 3652 2882 3713 in
2923 3670 2992 3714 se
3031 3650 3171 3733 ipso
3203 3660 3296 3714 est
3327 3671 3463 3713 mc-

1968 3750 2108 3826 lior,
2145 3759 2208 3812 et
2237 3769 2365 3831 quo
2397 3770 2434 3811 a
2463 3767 2649 3831 poena
2689 3748 2917 3829 majori
2968 3767 3081 3811 nos
3134 3749 3457 3827 liberavit,

1967 3849 2044 3910 ad
2101 3849 2345 3928 majora
2393 3866 2650 3929 quoque
2702 3848 2868 3909 bona
2919 3845 3217 3929 perduxit
3261 3865 3276 3925 ;
3332 3864 3460 3927 quo

1968 3946 2118 4009 item
2152 3947 2272 4009 hoc
2304 3946 2677 4022 amerosius,
2716 3944 3058 4026 pretiosius
3090 3963 3162 4007 ac
3194 3943 3462 4008 laborio-

1968 4045 2099 4107 sius
2124 4042 2515 4118 fecit.Quum
2548 4043 2741 4123 igitur
2770 4043 2851 4105 ab
2881 4050 3115 4106 aeterna
3145 4062 3259 4105 nos
3291 4043 3460 4105 dam·

1969 4143 2245 4221 natione,
2267 4160 2455 4225 poena
2484 4150 2545 4204 et
2576 4150 2778 4205 morte
2807 4142 3167 4218 redemerit,
3188 4142 3456 4221 gratiam

360 4239 663 4304 maberis.
704 4239 783 4302 Et
822 4239 979 4303 alibi
1022 4240 1331 4322 scriptum
1370 4248 1467 4303 est
1494 4257 1507 4301 ε
1534 4239 1748 4301 Frater
1790 4238 1854 4300 in
1888 4246 1937 4308 D
1966 4248 2027 4301 et
2056 4240 2322 4319 gloriam
2359 4238 2544 4302 nobis
2585 4238 2909 4316 meruerit,
2947 4246 3008 4301 et
3038 4237 3282 4320 proprii
3314 4257 3460 4300 san-

359 4338 675 4420 angustiis
702 4337 1174 4419 comprobatur.
1209 4337 1467 4401 Talibus
1497 4356 1647 4417 ergo
1674 4338 1858 4400 mise·

360 4456 616 4501 reamur
662 4436 952 4499 interiori
1010 4436 1470 4518 compassione,
1522 4444 1585 4497 et
1634 4435 1858 4499 subve-

357 4536 610 4598 niamus
642 4554 757 4617 pro
789 4553 995 4617 posse,
1020 4536 1281 4611 orando,
1307 4534 1717 4610 consolando,
1744 4534 1857 4596 mi-

356 4635 711 4711 nistrandO,
732 4634 809 4696 de
839 4633 1215 4696 necessariis
1248 4632 1663 4714 providende.
1687 4636 1855 4702 Quia

356 4754 592 4795 manus
621 4733 893 4794 Domini
924 4734 1131 4810 tetiqit
1172 4754 1291 4803 me,
1328 4731 1742 4813 paternaliter
1788 4732 1852 4794 in

357 4833 479 4895 hac
519 4831 655 4895 vita
694 4830 1086 4912 castigando,
1120 4831 1662 4913 quemadmodum
1705 4830 1858 4910 legi-

358 4940 464 4993 tur
497 4948 512 4994 :
546 4930 875 5010 Castigans
904 4929 1236 5009 castigavit
1265 4948 1367 4991 me
1402 4928 1725 4991 Dominus,
1760 4928 1857 4991 In-

360 5030 611 5093 terdum
642 5036 854 5091 autem
884 5046 1109 5089 manus
1130 5026 1381 5090 Domini
1416 5027 1617 5107 tangit
1640 5046 1755 5089 nos
1790 5027 1854 5089 in

357 5126 807 5211 spiritualibus
839 5126 1044 5203 doniS,
1081 5125 1191 5187 illa
1228 5125 1691 5208 dispensatorie
1721 5145 1857 5187 sus-

358 5227 721 5311 pendendo,
785 5234 895 5287 aut
948 5226 1116 5307 juste
1175 5223 1455 5287 tollendo
1509 5240 1522 5285 :
1578 5232 1857 5305 tuncque

358 5326 591 5409 majori
621 5324 1053 5389 sollicitudine
1082 5330 1274 5404 atque
1302 5322 1589 5385 custodia
1619 5322 1856 5401 indige-

1964 4337 2178 4419 guinis
2203 4335 2528 4401 effusione
2556 4356 2704 4399 cum
2736 4336 3133 4399 amarissima
3161 4336 3457 4418 passione

1964 4437 2084 4499 hoc
2114 4436 2335 4517 egerit,
2356 4444 2604 4499 constat
2631 4436 2802 4517 quod
2831 4454 2973 4497 eum
3009 4442 3137 4497 toto
3169 4436 3358 4499 corde
3390 4435 3456 4497 in

1963 4534 2262 4597 omnibus
2307 4542 2370 4596 et
2412 4551 2602 4615 super
2647 4534 2862 4595 omnia
2911 4552 3162 4615 semper
3216 4552 3455 4611 amare,

1964 4634 2210 4709 timere,
2243 4632 2554 4695 honorare
2597 4630 3184 4712 incomparabiliter
3219 4631 3461 4713 oblige-

1962 4752 2106 4795 mur
2141 4749 2155 4793 :
2187 4750 2332 4814 quae
2363 4730 2486 4792 nisi
2519 4729 2882 4805 fecerimuS‚
2919 4729 3337 4809 ingratissimi
3367 4738 3464 4793 at·

1961 4849 2088 4913 que
2145 4829 2442 4893 vilissimi
2502 4848 2690 4891 canes
2747 4826 3186 4910 probabimur.
3247 4830 3327 4889 Et
3385 4831 3458 4888 in

1962 4929 2307 4990 novissimo
2343 4931 2452 4988 die
2491 4930 2570 4987 de
2615 4938 2787 4987 terra
2833 4936 3242 4987 surrecturus
3279 4946 3455 4998 sum,

1963 5036 2084 5090 etc.
2118 5026 2324 5090 Verba
2357 5025 2490 5089 haee
2518 5025 2670 5087 satis
2701 5024 2985 5106 exposita
3023 5032 3192 5085 sunt.
3219 5022 3457 5086 Omnes

1962 5144 2218 5207 quoque
2257 5124 2323 5185 in
2364 5123 2469 5185 die
2508 5122 2733 5203 judicii
2775 5120 3085 5186 videbunt
3129 5120 3447 5183 Christum

1966 5225 2159 5286 Deum
2192 5232 2256 5285 et
2280 5221 2560 5302 judicem
2599 5220 2665 5281 in
2707 5218 2912 5282 forma
2943 5220 3241 5282 humana.
3281 5218 3452 5282 Beati

1968 5338 2118 5385 vero
2164 5321 2303 5403 ejus
2359 5329 2508 5382 tunc
2555 5317 2955 5382 divinitatem
3006 5318 3200 5382 etiam
3247 5317 3456 5382 intue-
