4309 6259
49 2207 146 2249 lob
163 2220 272 2257 xvi,
287 2208 380 2248 23.

49 4496 376 4543 Prot-xvd&

67 4570 246 4613 Eceli.
262 4578 374 4615 xm.

47 4636 376 4685 suem-¹¹¹-

45 4702 122 4743 ὅ.

1243 534 1591 582 ENARRATIO
1632 536 1696 583 IN
1738 535 1874 582 CAP-
1923 534 2026 580 xlv
2067 534 2197 582 1013.
2238 532 2323 564 -'
2359 536 2501 581 ΛΒΤ.
2548 535 2745 582 xxxin

3421 516 3541 585 509

432 727 646 789 quum
703 707 898 769 homo
957 705 1333 768 naturaliter
1385 706 1468 769 sit
1526 725 1626 769 res
1685 705 1938 769 mollior
1967 702 2020 765 A
2047 702 2242 766 bitur.
2278 708 2364 767 Ec
2390 709 2635 769 emittes
2660 728 2830 779 eum,
2864 707 2927 769 id
2959 716 3075 783 est,
3108 709 3188 770 de
3229 716 3392 771 terra
3424 708 3543 772 tol-

429 824 612 881 sam,
661 804 1001 885 minorque
1059 802 1412 880 montibuS,
1465 813 1529 867 et
1578 804 1939 867 instabilior

427 903 674 985 lapide,
708 903 951 965 habens
983 902 1050 964 in
1082 921 1151 964 se
1190 902 1531 984 qualitates
1562 903 1933 978 contrariaS,

427 1002 505 1063 in
553 1021 622 1064 se
669 1000 946 1064 invicem
987 1010 1268 1080 agenteS‚
1313 1010 1506 1082 atque
1540 1001 1622 1063 ab
1663 1000 1938 1065 invicem

423 1100 781 1182 patienteS.

513 1202 863 1260 Roborasti
887 1218 1036 1259 eum
1057 1200 1436 1275 paululum,
1469 1197 1532 1259 id
1564 1205 1682 1273 est,
1707 1196 1936 1259 dedisti

421 1297 495 1359 ei
525 1298 832 1361 virtutem
863 1295 1256 1359 subsistendi
1288 1296 1354 1358 in
1387 1296 1518 1361 vita
1549 1295 1666 1358 hac
1698 1296 1776 1357 ad
1807 1314 1942 1358 mo-

419 1396 652 1459 dicum
688 1403 937 1478 tempus
974 1413 989 1457 :
1025 1396 1193 1457 sicut
1219 1394 1351 1475 jam
1381 1395 1623 1457 dictum
1655 1401 1773 1472 est,
1797 1394 1941 1456 Bre-

419 1514 548 1557 ves
587 1494 1051 1557 dies-hominis
1091 1501 1262 1556 sunt.
1297 1492 1664 1576 Complexio
1701 1493 1938 1555 etenim

415 1593 718 1656 hominis
757 1593 954 1673 exigit
990 1590 1250 1656 brevem
1292 1610 1432 1655 esse
1470 1592 1804 1673 periodum
1847 1592 1941 1653 vi-

421 1701 516 1755 tae
561 1692 876 1755 humanae.
933 1695 1012 1754 Ut
1051 1693 1125 1751 in
1163 1701 1552 1768 perpetuum
1582 1692 1941 1767 pertransi-

415 1800 544 1859 ret,
569 1789 635 1853 id
667 1798 784 1868 est,
817 1788 908 1852 sic
941 1790 1020 1851 de
1053 1788 1185 1851 vita
1214 1788 1334 1851 ista
1369 1807 1482 1870 per
1516 1797 1784 1851 mortem
1826 1788 1938 1851 ab-

2048 802 2138 864 les
2171 822 2283 884 per
2310 813 2580 867 mortem
2618 823 2629 866 :
2667 806 3201 886 quemadmodum
3234 804 3537 869 Jeremias

2048 900 2208 962 dixit
2244 903 2325 964 ad
2355 902 2724 981 Hananiam,
2760 904 2918 967 Ecce
2949 904 3253 966 Dominus
3293 904 3539 967 emittet

2055 1008 2115 1061 te
2143 1018 2179 1060 a
2212 999 2378 1063 facie
2412 1009 2613 1065 terrae.

2130 1102 2285 1160 Sive
2312 1102 2549 1161 nobiles
2576 1102 2829 1177 fuerint
2864 1104 3000 1179 filii
3026 1103 3167 1179 ejus
3208 1101 3541 1165 nobilitate

2049 1197 2339 1259 saeculari
2368 1207 2561 1280 atque
2591 1200 2853 1275 carnali,
2884 1202 3019 1260 sive
3049 1203 3380 1277 iynobiles,
3408 1222 3538 1261 non

2048 1296 2363 1373 intelliget
2385 1306 2563 1378 pater
2594 1316 2815 1359 eorum
2847 1307 3302 1380 postmortem.
3322 1299 3388 1361 ln
3411 1318 3539 1380 quo

2049 1393 2239 1455 etiam
2262 1394 2661 1477 imperfectio
2682 1396 2964 1459 hominis
2986 1397 3357 1475 declaratur,
3371 1398 3541 1478 quod

2048 1502 2193 1575 post
2226 1502 2495 1557 mortem
2538 1495 2742 1559 nescit
2781 1496 2937 1577 quid
2978 1504 3189 1576 agant,
3224 1504 3333 1559 aut
3382 1515 3544 1579 quo-

2049 1592 2238 1654 modo
2268 1612 2337 1655 se
2376 1593 2651 1656 habeant
2698 1592 2823 1655 filii
2865 1596 3027 1675 ejuS,
3064 1595 3190 1657 nisi
3230 1603 3539 1677 quantum

2049 1688 2246 1753 fuerit
2273 1692 2331 1753 ei
2365 1693 2739 1771 revelatum,
2762 1693 2863 1757 vel
2895 1712 3007 1775 per
3038 1694 3283 1775 species
3316 1694 3383 1755 in
3412 1694 3546 1755 ani-

2047 1808 2152 1851 ma
2181 1798 2599 1866 remanenteS,
2637 1810 2750 1853 sen
2788 1811 2865 1855 ex
2900 1792 3133 1875 praevia
3174 1792 3543 1873 cognitione

417 1890 580 1965 iret,
613 1890 786 1971 quod
819 1908 1150 1969 nunquam
1182 1889 1261 1950 ad
1288 1888 1484 1969 hujus
1518 1888 1664 1950 vitae
1702 1895 1935 1950 statum
1975 1882 2020 1942 B
2049 1887 2116 1949 in
2165 1888 2487 1951 communi
2537 1889 2699 1952 scire
2747 1910 2858 1953 seu
2907 1890 3229 1971 conjicere
3278 1892 3536 1972 poterit.

419 1988 802 2051 revertitur.
837 1988 1068 2068 Sicque
1098 1997 1197 2057 ut,
1223 1994 1472 2049 tenetur
1501 1986 1605 2051 hic
1636 2004 1938 2049 consecu-

415 2086 592 2163 tive,
633 2106 762 2150 non
802 2085 1164 2149 causaliter.
1198 2084 1376 2148 Unde
1421 2084 1692 2147 inferius
1726 2085 1882 2148 dicit
1917 2102 1931 2147 τ

419 2184 746 2248 Semitam
778 2204 891 2267 per
919 2203 1112 2266 quam
1144 2202 1272 2245 non
1312 2192 1614 2260 revertar,
1650 2183 1930 2246 ambulo.

413 2284 743 2347 Praeterea
791 2283 855 2346 S.
902 2282 1174 2345 Thomas
1232 2282 1492 2364 exponit
1539 2281 1674 2345 haec
1724 2281 1950 2358 aliter,.

409 2401 726 2445 asserens
789 2381 1048 2444 beatum
1104 2380 1219 2443 Job
1275 2399 1388 2461 per
1451 2380 1588 2443 haec
1647 2379 1930 2442 futuram

407 2482 967 2544 resurrectionem
1011 2480 1282 2562 probare
1330 2498 1406 2541 ex
1456 2479 1931 2562 comparatione

405 2580 715 2643 hominis
743 2581 824 2643 ad
857 2578 1182 2655 inferiora,
1222 2598 1364 2660 quae
1402 2578 1681 2641 totaliter
1710 2596 1933 2640 consu-

401 2687 695 2741 muntur
734 2678 981 2759 absque
1015 2696 1130 2760 spe
1164 2676 1608 2761 reparationiS,
1651 2685 1720 2739 ut
1757 2694 1930 2739 mon-

397 2787 520 2840 tes
563 2786 630 2839 et
671 2777 938 2860 lapides.
975 2776 1208 2858 Sicque
1259 2777 1430 2858 quod
1480 2776 1591 2852 ait,
1627 2775 1930 2838 Homines

399 2894 579 2956 ergo
623 2875 919 2938 similiter
959 2876 1206 2958 perdeS,
1243 2874 1692 2955 interrogando
1738 2882 1802 2937 et
1830 2892 1932 2936 ne-

399 2975 644 3058 gando
694 2974 1035 3055 legendum
1093 2982 1209 3051 est,
1263 2974 1447 3055 quasi
1497 2973 1669 3037 dicat
1725 2991 1738 3034 ε
1793 2973 1928 3035 Non

2047 1984 2351 2059 Quocirca
2379 1986 2603 2049 scribit
2631 1987 2969 2067 Gregorius
3001 2006 3016 2049 :
3052 1987 3225 2050 Sicut
3252 1987 3539 2053 viventes

2048 2084 2341 2164 ignorant
2385 2104 2511 2166 quo
2557 2086 2696 2149 loco
2736 2094 3130 2149 mortuorum
3174 2086 3403 2150 animae
3433 2087 3539 2149 ha-

2044 2182 2335 2259 beantur,
2373 2184 2460 2245 ita
2491 2185 2725 2247 mortui
2758 2186 2952 2248 vitam
2997 2185 3063 2247 in
3094 2204 3285 2248 carne
3316 2186 3537 2249 viven-

2046 2282 2206 2343 tium
2236 2282 2551 2360 nesciunt,
2575 2285 2894 2365 quomodo
2924 2284 3339 2366 disponatur:
3364 2286 3537 2367 quod

2045 2388 2255 2443 tamen
2302 2380 2380 2444 de
2434 2382 2771 2445 animabus
2830 2381 3065 2446 sanetis
3122 2383 3529 2447 sentiendum

2043 2498 2171 2542 non
2221 2488 2338 2556 est,
2371 2499 2513 2561 quae
2561 2481 2863 2562 quoniam
2915 2481 3087 2543 intus
3137 2482 3537 2565 omnipoten-

2043 2578 2124 2640 tis
2173 2578 2283 2641 Dei
2332 2578 2683 2642 claritatem
2733 2580 3169 2662 conspiciunt,
3225 2579 3315 2642 nil
3375 2580 3533 2644 foris

2041 2677 2351 2739 exsistens
2382 2677 2687 2757 ignorant
2707 2679 2991 2760 Denique
3019 2678 3215 2742 verbo
3243 2678 3359 2742 Job
3389 2698 3534 2743 con-

2042 2784 2224 2839 sonat
2253 2776 2413 2839 illud
2442 2777 2635 2854 isaiae,
2661 2776 2977 2840 Abraham
3010 2778 3279 2843 nescivit
3308 2798 3445 2855 neS,
3472 2788 3535 2841 et
3566 2799 3825 2851 lammis.

2040 2874 2227 2937 lsrael
2260 2875 2577 2954 ignoravit
2608 2894 2723 2939 nos
2760 2893 2774 2938 ε
2808 2877 2979 2958 quod
3012 2878 3089 2939 de
3117 2876 3436 2939 Abraham
3470 2886 3533 2941 et

2036 2972 2229 3036 Jacob
2272 2972 2582 3056 accipitur
2613 2993 2730 3055 pro
2772 2982 3056 3057 tempore
3087 2995 3215 3056 quo
3254 2984 3435 3039 erant
3468 2977 3534 3038 in

403 3075 616 3137 decet
653 3072 1027 3136 rationalem
1071 3080 1428 3135 creaturam
1473 3072 1565 3134 sic
1605 3071 1930 3153 corrumpi
1967 3071 2009 3134 C
2041 3071 2261 3149 limbo,
2283 3081 2345 3135 et
2372 3073 2451 3136 de
2473 3072 2747 3135 naturali
2775 3092 2997 3136 eorum
3023 3074 3535 3138 notitia.Animae

401 3172 678 3253 absque
707 3190 821 3254 spe
842 3171 1260 3253 reparationis
1283 3188 1395 3233 seu
1427 3169 1928 3247 resurrectioniS,

407 3278 504 3335 ut
555 3270 668 3331 illa
706 3268 939 3333 infima
979 3277 1498 3351 corrumpuntur.
1536 3268 1636 3332 Sic
1682 3286 1931 3349 quoque

409 3368 700 3451 exponit
748 3369 920 3449 quod
967 3368 1078 3445 ait,
1132 3367 1464 3430 Roborasti
1511 3386 1658 3429 eum
1708 3366 1934 3448 paulu-

407 3470 596 3545 lum,
629 3476 700 3529 ut
727 3467 794 3529 in
825 3474 1206 3548 perpetuum
1239 3464 1692 3547 pertransiret:
1721 3465 1785 3527 id
1814 3473 1926 3542 est,

408 3586 564 3630 non
597 3568 798 3643 decet,
823 3574 892 3627 ut
923 3564 1009 3627 ita
1039 3565 1120 3627 ad
1147 3562 1471 3626 modicum
1503 3572 1754 3647 tempus
1788 3583 1933 3627 con-

411 3665 801 3729 firmaveris
827 3682 976 3726 eum
1017 3662 1084 3725 in
1117 3670 1293 3724 tanta
1329 3662 1712 3725 excellentia
1742 3663 1934 3725 dono-

407 3784 578 3827 rum
607 3772 872 3838 naturae‚
906 3770 978 3824 ut
1013 3761 1346 3824 moriendo
1375 3760 1645 3823 omnino
1685 3761 1934 3823 desinat

409 3882 600 3939 esse,
635 3882 752 3926 nec
781 3880 1064 3943 unquam
1100 3859 1538 3923 resuscitetur.

513 3964 906 4025 Immutabis
931 3962 1172 4039 faciem
1190 3961 1330 4036 ejus
1351 3958 1459 4021 :id
1489 3966 1605 4037 est,
1633 3959 1698 4021 in
1730 3968 1933 4021 morte

411 4082 578 4127 eam
619 4069 852 4124 atteres
896 4067 959 4122 et
998 4076 1390 4121 marcescere
1429 4056 1666 4132 facies3
1703 4057 1770 4119 in
1804 4058 1932 4119 vita

409 4180 697 4246 quoque
716 4159 911 4225 variis
942 4158 1148 4221 modis
1180 4157 1483 4220 alteratur
1513 4165 1702 4237 atque
1722 4156 1935 4240 dispo-

2041 3189 2192 3233 vero
2232 3179 2626 3234 mortuorum
2669 3190 2809 3252 quae
2846 3171 2911 3233 in
2953 3173 3318 3255 purgatorio
3361 3181 3531 3251 sunt,

2041 3287 2155 3350 per
2203 3269 2554 3349 angelicam
2598 3269 3073 3346 revelationem,
3119 3280 3182 3333 et
3228 3271 3379 3334 item
3424 3290 3538 3354 per

2043 3366 2288 3428 animas
2335 3367 2413 3429 de
2460 3367 2692 3430 saeculo
2742 3368 2861 3431 hoc
2921 3368 3076 3431 illuc
3124 3369 3535 3434 advenientes

2042 3464 2255 3546 aliqua
2295 3473 2586 3527 noscunt.
2621 3464 2707 3527 De
2745 3464 2863 3528 hac
2906 3485 2972 3529 re
3012 3467 3265 3549 plenius
3305 3468 3534 3551 scripsi

2044 3583 2237 3647 super
2264 3563 2511 3639 Isaiam‚
2545 3571 2608 3626 et
2637 3563 2815 3626 alibi.

2121 3666 2209 3725 Et
2238 3673 2449 3724 tamen
2487 3683 2635 3723 caro
2672 3664 2812 3740 ejus
2849 3667 3009 3726 dum
3050 3667 3235 3739 vivit,
3267 3670 3532 3739 dolebit,

2044 3762 2106 3824 id
2139 3770 2254 3839 est,
2288 3760 2593 3843 quamdiu
2631 3760 2909 3824 animata
2943 3771 3059 3841 est,
3096 3764 3289 3827 variis
3329 3765 3537 3846 subja-

2043 3869 2143 3924 cet
2173 3860 2607 3944 corporalibus
2639 3860 2867 3942 poeniS,
2893 3861 3257 3943 spirituales
3278 3881 3535 3945 quoque

2042 3961 2291 4023 dolores
2311 3960 2539 4024 animae
2560 3960 2623 4022 in
2648 3980 2876 4044 corpus
2897 3963 3283 4037 redundant3
3308 3974 3368 4024 et
3396 3966 3531 4025 ani-

2045 4080 2153 4119 ma
2186 4059 2324 4135 ejus
2363 4078 2556 4135 super
2584 4061 2986 4137 semetipsam
3017 4063 3281 4138 Zuyebit,
3315 4061 3380 4123 id
3408 4070 3527 4139 est,

2044 4157 2367 4240 propriam
2407 4156 2851 4234 calamitatem,
2886 4159 3266 4239 angustiam,
3300 4160 3533 4243 imper-

411 4261 636 4336 nitur,
661 4258 1016 4323 secundum
1047 4256 1382 4319 varietates
1409 4252 1831 4317 affectionum
1851 4264 1936 4317 at·
1971 4256 2014 4317 D
2046 4256 2386 4319 sectionem
2407 4262 2469 4316 et
2488 4255 2741 4337 culpam
2764 4256 2831 4318 in
2853 4256 2981 4321 vita
3004 4258 3121 4321 hac
3149 4259 3527 4341 deplorabit,

409 4378 564 4444 que
601 4366 946 4422 eventuum
980 4354 1232 4431 animae,
1265 4354 1443 4434 juxta
1486 4352 1642 4416 illud
1681 4355 1936 4418 Prover-

413 4457 695 4522 biorum
729 4476 743 4517 ε
776 4456 896 4519 Cor
921 4454 1206 4535 gaudens
1236 4451 1546 4514 exhilarat
1577 4451 1832 4515 faciem.
1857 4453 1934 4515 Et

413 4559 674 4620 iterum
695 4556 786 4617 ait
805 4554 1130 4635 Scriptura
1155 4569 1169 4613 ε
1193 4552 1313 4613 Cor
1331 4549 1610 4613 hominis
1641 4550 1935 4614 immutat

415 4655 673 4719 faciem
704 4654 846 4735 ejus
871 4671 888 4733 3
921 4660 986 4715 et
1014 4652 1094 4713 de
1122 4668 1416 4713 sermone
1446 4648 1614 4712 bono
1650 4647 1935 4713 laetifica-

2045 4354 2100 4415 si
2139 4361 2350 4415 tamen
2389 4360 2639 4415 sensata
2678 4354 2781 4416 sit.
2824 4355 2914 4417 Ex
2953 4357 3187 4437 quibus
3231 4358 3531 4422 omnibus

2045 4452 2304 4515 miseria
2340 4451 2615 4513 hominis
2654 4452 3015 4532 innotescit,
3052 4457 3353 4538 quodque
3391 4459 3537 4522 bea-

2047 4549 2249 4612 titudo
2279 4550 2502 4631 ipsiuS,
2530 4568 2678 4612 vera
2705 4558 2770 4613 et
2798 4564 3235 4617 consummata
3266 4575 3393 4619 non
3426 4558 3530 4637 sit,

2045 4648 2171 4710 nisi
2213 4648 2279 4709 in
2310 4650 2434 4711 Deo
2462 4656 2607 4730 post
2635 4650 2831 4713 vitam
2857 4652 3043 4716 hanc.

3586 927 3682 971 ler.
3696 940 3831 979 xxviii,

3572 994 3638 1034 16.
