4309 6259
843 482 963 545 542
1183 518 1190 525 ·
1695 502 2038 549 emanue
2081 502 2142 547 m
2186 503 2323 548 car.
2370 501 2497 548 xvu
2536 500 2663 548 soa.
2709 521 2790 532 —
2832 504 2975 550 aar.
3022 504 3099 550 ιι.

845 671 1262 735 temulentum
1295 690 1505 754 regem
1537 671 1766 734 saltatu
1797 672 2144 755 petulantis
2178 671 2332 736 filiae
2364 671 2415 733 A
2444 673 2675 737 delicet
2716 674 3044 737 intellectu
3082 680 3273 754 atque
3320 672 3585 737 affectu.
3620 673 3711 736 Ad
3756 676 3935 755 quod

575 791 812 839 :cannam
841 770 1087 834 obtinet
1134 780 1324 853 caput
1364 771 1623 833 Joannis
1671 772 1860 834 amici
1908 772 2160 853 Sponsi,
2195 790 2335 853 pro·
2444 771 2605 834 Deus
2637 771 2969 852 piissimus
3010 790 3123 833 nos
3163 771 3509 835 clementer
3554 772 3788 834 hortari
3836 774 3935 835 di-

551 858 811 963 mum-9·
841 870 1050 952 phetae
1077 879 1140 932 et
1169 870 1506 952 plusquam
1541 870 2333 952 prophetae‚amputari,et
2440 880 2673 950 gnatur
2696 890 2833 953 ,per
2872 872 3109 933 Joelem
3145 888 3159 931 ε
3194 871 3653 935 Convertimini
3700 874 3779 934 ad
3811 892 3933 935 me
3986 894 4219 940 aventu.

842 975 988 1030 ante
1029 967 1508 1032 convivantium
1558 985 1669 1029 ora
1710 967 1776 1029 in
1817 968 1992 1030 disco
2039 966 2278 1030 deferri
2308 971 2331 1029 2
2443 968 2509 1031 in
2546 978 2677 1033 toto
2708 971 2899 1034 corde
2928 978 3161 1034 vestro.
3188 969 3307 1032 Sed
3336 970 3639 1052 quoniam
3670 971 3787 1034 hoc
3818 972 3934 1033 im-

841 1066 1000 1129 Hinc
1028 1066 1324 1129 subditur
1347 1084 1362 1127 ε
1389 1069 1752 1145 Stupebant
1769 1067 1944 1143 justi
1972 1088 2165 1145 super
2193 1068 2332 1135 hoc,
2444 1067 2641 1149 plere,
2690 1087 2817 1131 non
2868 1078 2963 1131 est
3014 1068 3288 1131 volentis
3334 1088 3543 1151 neque
3592 1070 3927 1147 currentis,
3960 1086 4222 1129 nomme.

844 1164 1002 1228 illud
1035 1165 1100 1227 in
1121 1164 1500 1248 Apocalypsi
1531 1165 1838 1246 scriptum
1871 1165 2325 1227 exclamantes:
2443 1166 2567 1228 nisi
2604 1168 2871 1230 adsistat
2910 1167 3112 1248 gratia
3150 1167 3261 1229 Dei
3300 1168 3682 1244 miserentiS,
3718 1169 3929 1251 ipsum

583 1282 811 1337 apaan.
841 1264 1057 1344 Magna
1097 1272 1162 1326 et
1203 1263 1525 1326 mirabilia
1571 1274 1720 1325 sunt
1759 1282 1953 1346 opera
1988 1273 2051 1327 et
2089 1263 2329 1344 judicia
2443 1262 2724 1327 fideliter
2764 1264 3131 1345 jugiterque
3174 1283 3528 1347 precemur,
3562 1276 3630 1329 ut
3660 1266 3765 1329 det
3790 1285 3929 1347 gra-

550 1347 590 1395 ³·
611 1347 652 1387 ⁴·
842 1371 970 1439 tua,
989 1362 1254 1426 Domine
1279 1362 1442 1425 Deus
1469 1362 1906 1444 omnipotens3
1931 1363 2118 1444 justae
2143 1370 2205 1425 et
2231 1382 2333 1424 ve·
2444 1362 2593 1423 tiam
2644 1361 3037 1444 adimplendi
3087 1363 3259 1443 quod
3300 1372 3516 1427 monet
3552 1381 3566 1425 :
3598 1365 3707 1427 sed
3744 1374 3809 1427 et
3832 1384 3929 1427 sa-

840 1479 924 1523 rae
953 1469 1104 1523 sunt
1131 1460 1250 1522 viae
1284 1467 1426 1535 tute,
1451 1460 1573 1521 Rex
1601 1460 2000 1523 saeculorum.
2021 1459 2170 1534 Quis
2204 1478 2331 1523 non
2444 1468 2727 1539 tagamus
2756 1460 2839 1521 ad
2867 1459 2987 1523 hoe
3016 1462 3415 1543 cooperando
3444 1462 3663 1542 gratiae
3704 1463 3833 1539 Dei,
3862 1473 3926 1525 et

837 1559 1087 1622 timebit
1117 1568 1200 1636 te,
1237 1567 1298 1621 et
1327 1558 1766 1639 magnificabit
1797 1577 2028 1621 nomen
2057 1562 2281 1620 tuum?
2440 1558 2770 1639 potissime
2804 1568 3088 1641 tempore
3116 1560 3423 1623 orationis
3442 1561 3777 1642 divinique
3804 1561 3928 1623 cul-

915 1661 1003 1720 Et
1034 1660 1264 1719 tenebit
1278 1659 1506 1733 justus
1536 1660 1710 1719 viam
1749 1680 1960 1721 suam.
1995 1657 2129 1721 Viri
2173 1656 2329 1739 justi
2438 1664 2564 1733 tuS‚
2596 1664 2809 1719 mente
2837 1656 3089 1720 collecti
3118 1677 3191 1720 ac
3222 1658 3483 1721 stabiles
3512 1658 3733 1731 simu8‚
3768 1658 3925 1721 illud

833 1766 1026 1838 atque
1055 1755 1350 1839 perfecti,
1375 1757 1648 1837 desuper
1677 1756 1934 1838 copiose
1967 1755 2330 1837 sapientiali
2440 1753 2869 1817 Ecclesiastici
2932 1764 3255 1821 servantes
3312 1774 3325 1817 ε
3376 1756 3511 1818 Non
3560 1756 3925 1839 impediaris
3956 1774 4217 1820 etenum

835 1855 974 1918 luce
995 1853 1262 1937 perfusi,
1283 1874 1358 1917 eo
1383 1855 1670 1917 tenacius
1695 1855 2015 1918 cohaerent
2039 1854 2325 1936 justitiae,
2368 1859 2413 1920 B
2443 1871 2693 1934 semper
2711 1871 2927 1927 orare;
2952 1862 3051 1916 et:
3077 1854 3240 1916 Ante
3268 1854 3617 1917 orationem
3645 1874 3927 1937 praepara
3953 1839 4027 1885 ²²·
4052 1840 4123 1880 ²³·

830 1955 1153 2015 mundana
1180 1962 1617 2029 contemnunt,
1647 1954 1722 2015 ad
1756 1954 2042 2017 coelestia
2075 1952 2331 2016 inflam-
2441 1950 2721 2012 animam
2751 1959 2949 2029 tuam,
2968 1960 3032 2015 et
3061 1952 3194 2015 noli
3226 1971 3364 2015 esse
3391 1952 3576 2033 quasi
3604 1953 3795 2016 homo
3816 1953 3925 2034 qui

834 2060 1108 2128 mantur,
1128 2070 1254 2132 quo
1274 2052 1504 2132 impios
1534 2052 1600 2113 in
1631 2053 1750 2115 hoc
1779 2052 2020 2114 mundo
2043 2051 2325 2133 amplius
2444 2057 2643 2114 tentat
2670 2050 2891 2113 Deum.

837 2152 1218 2236 prosperari,
1271 2150 1468 2213 laetari
1519 2160 1581 2213 et
1627 2151 1988 2234 promoveri
2041 2150 2334 2214 conside·
2532 2152 2909 2229 Torquentes
2934 2170 3043 2210 cor
3074 2170 3305 2211 meum.
3341 2150 3591 2213 Homini
3624 2151 3798 2213 enim
3826 2171 3928 2213 ve-

839 2258 1009 2324 rant3
1036 2250 1355 2311 intuentes
1384 2249 1706 2312 occultum
1727 2250 1836 2312 Dei
1856 2249 2332 2332 judicium,quo
2442 2265 2512 2309 re
2559 2249 2789 2311 devoto
2848 2248 3009 2311 tales
3066 2249 3510 2313 distractiones
3558 2258 3735 2313 tanto
3783 2250 3926 2332 plus

591 2377 808 2425 eatm,
838 2367 1171 2431 perversos
1190 2348 1455 2409 dimittit
1485 2349 1835 2411 seeundum
1855 2348 2173 2411 desideria
2204 2366 2334 2411 cor·
2441 2345 2807 2427 displicent,
2835 2346 3349 2428 poenalioresque
3379 2356 3549 2425 sunt,
3581 2357 3823 2429 quanto
3850 2367 3927 2411 ex

549 2444 613 2483 ¹³·
838 2448 937 2510 dis
983 2466 1202 2510 eorum
1238 2465 1252 2509 :
1297 2446 1516 2528 sicque
1567 2456 1906 2529 pensantes
1957 2466 2150 2529 quam
2193 2464 2333 2509 con·
2443 2462 2601 2525 puro
2632 2443 2742 2507 Dei
2770 2464 2986 2507 amore
3014 2445 3161 2527 plus
3190 2446 3435 2527 appetit
3472 2446 3599 2509 Deo
3640 2446 3929 2509 intende-

837 2547 1177 2610 temnenda
1210 2555 1357 2608 sunt
1388 2564 1459 2608 ea
1493 2564 1638 2627 qua)
1681 2545 1965 2626 reprobis
2005 2545 2332 2627 pessimis·
2442 2560 2531 2618 re,
2550 2560 2712 2623 opus
2738 2542 2877 2622 ejus
2908 2552 3270 2608 reverenter
3298 2544 3683 2625 persolvere,
3703 2544 3771 2606 in
3790 2546 3927 2626 ejus

833 2664 961 2727 que
983 2645 1068 2707 ita
1091 2652 1486 2727 praestantur,
1513 2662 1701 2723 quam
1731 2643 1878 2705 item
1905 2644 2329 2725 periculosum
2440 2639 2703 2703 caritate
2732 2648 2795 2703 et
2822 2641 3025 2722 gratia
3058 2660 3309 2724 semper
3337 2641 3655 2724 proficere
3681 2660 3695 2704 :
3728 2644 3835 2705 sed
3864 2652 3929 2706 et

835 2744 918 2805 sit
953 2742 1382 2824 temporaliter
1404 2742 2142 2823 prosperari,carnaliter
2162 2742 2331 2805 dele·
2440 2738 2693 2801 animus
2738 2739 3138 2802 inordinatus
3178 2740 3303 2802 sibi
3344 2740 3468 2823 ipsi
3508 2742 3781 2823 poenalis
3808 2752 3923 2818 est,

835 2841 1015 2917 ctari‚
1037 2860 1152 2903 nec
1185 2847 1392 2901 tamen
1427 2839 1738 2901 divinitus
1771 2840 2087 2920 castigari.
2107 2841 2196 2902 Ex
2226 2840 2328 2903 his
2442 2837 2609 2899 sicut
2634 2838 2927 2901 ordinata
2958 2839 3431 2921 tranquillaque
3450 2848 3663 2903 mente
3684 2841 3777 2902 nil
3796 2841 3931 2902 dul-

837 2940 1008 3003 enim
1041 2938 1395 3002 certissime
1434 2947 1625 3019 atque
1664 2938 2016 3001 clarissime
2053 2948 2322 3018 constat,
2440 2935 2599 2998 cius,
2620 2936 2807 3000 Porro
2829 2936 3041 3002 vitiosi
3071 2945 3136 3001 et
3161 2938 3312 2999 vani
3342 2938 3409 2999 in
3439 2938 3927 3019 cogitationibus

838 3039 1008 3120 quod
1042 3038 1107 3098 in
1129 3038 1263 3099 vita
1283 3036 1580 3119 praesenti
1613 3054 1740 3099 non
1773 3036 1856 3099 sit
1887 3036 2104 3101 finalis
2126 3058 2328 3101 remu·
2366 3043 2409 3106 C
2442 3034 2573 3096 suis
2604 3034 3167 3117 perstrepentibuS,
3188 3036 3653 3100 fluctuantibus
3673 3055 3928 3120 quoque

839 3136 1082 3199 neratio
1113 3154 1378 3216 operum
1410 3135 1859 3198 humanorum.
1895 3136 2228 3219 Propterea
2260 3137 2325 3199 in
2439 3134 2773 3197 desideriis
2803 3132 3115 3197 vilissime
3134 3134 3511 3214 gloriantur.
3530 3135 3707 3210 Quod
3736 3138 3792 3199 si
3820 3136 3929 3199 bo-

571 3260 810 3312 Εοοιωιιι,
841 3235 1218 3299 Ecclesiaste
1266 3234 1537 3296 habetur
1569 3252 1583 3297 :
1617 3234 1909 3297 Peccator
1939 3254 2015 3297 ex
2045 3255 2119 3299 eo
2149 3237 2321 3317 quod
2440 3232 2508 3293 ni
2537 3232 2857 3295 interdum
2887 3251 2964 3294 ex
2992 3233 3373 3297 infirmitate
3392 3243 3503 3296 aut
3532 3235 3928 3299 inadverten-

549 3326 616 3368 ¹²·
841 3334 1079 3397 centies
1117 3332 1270 3396 facit
1307 3333 1569 3410 malum,
1601 3342 1666 3395 et
1694 3341 1906 3395 tamen
1938 3352 2049 3415 per
2079 3336 2325 3417 patien-
2442 3331 2528 3394 tia
2557 3332 2624 3393 in
2664 3332 2884 3413 aliquo
2926 3332 3034 3395 tali
3080 3332 3433 3415 culpabiles
3482 3332 3748 3411 fuerint,
3784 3352 3927 3397 mox
4002 3358 4011 3369 ·

841 3434 992 3495 tiam
1044 3440 1451 3509 sustentatur,
1487 3450 1602 3511 ego
1649 3432 1941 3511 cognovi,
1985 3434 2154 3515 quod
2204 3434 2326 3497 erit
2444 3439 2514 3492 ut
2542 3430 3017 3495 distractionem
3048 3440 3109 3493 et
3138 3431 3483 3494 vanitatem
3515 3452 3693 3495 suam
3714 3432 3927 3496 adver-

839 3532 1077 3595 bonum
1113 3530 1482 3593 timentibus
1511 3531 1730 3607 Deum,
1765 3531 1877 3611 qui
1908 3541 2206 3613 quaerunt
2236 3532 2327 3594 fa·
2441 3529 2656 3606 terim,
2680 3530 2871 3593 eorde
2902 3530 3253 3607 tristantur,
3281 3531 3598 3612 poenitent
3624 3540 3689 3595 et
3717 3550 3927 3596 emen—

839 3631 1001 3695 ciem
1033 3631 1193 3712 ejus.
2438 3628 2613 3704 dant,
2644 3629 3180 3709 quemadmodum
3223 3628 3289 3691 in
3328 3629 3815 3693 Proverbiorum
3850 3629 3925 3691 li-

921 3732 1068 3791 Dies
1097 3729 1224 3789 mei
1263 3729 1683 3788 transierunt.
1717 3726 1994 3801 Quilibet
2036 3736 2323 3791 nostrum
2439 3725 2553 3788 bro
2608 3726 2913 3789 asseritur
2968 3744 2981 3788 :
3034 3726 3278 3810 Septies
3336 3729 3519 3791 cadet
3570 3728 3804 3809 justuS,
3860 3736 3927 3791 et
3970 3751 4224 3797 Pron-‚nm

839 3827 1238 3911 perpendens
1259 3844 1447 3907 quam
1470 3824 1862 3887 infructuose
1886 3834 2126 3907 tempus
2147 3846 2325 3889 suum
2440 3832 2746 3905 resurget.
2786 3824 2963 3887 Unde
3012 3826 3077 3886 in
3127 3826 3571 3890 Ecclesiastico
3612 3827 3873 3891 docetur
3904 3846 3919 3890 :
3957 3816 4021 3857 ¹⁶·

839 3925 1230 4009 expenderit,
1282 3933 1473 4005 atque
1528 3942 1894 4006 proponens
1950 3945 2016 3987 se
2077 3924 2327 3989 fortiter
2437 3921 2579 3999 Fili,
2602 3922 3015 4004 peccastitne
3042 3923 3307 4004 adjicias
3339 3924 3602 4001 iterum3
3628 3926 3739 3988 sed
3763 3926 3927 3988 etde
3982 3944 4225 3991 Sectam.

838 4025 1196 4100 emendare,
1216 4031 1278 4085 et
1308 4022 1553 4104 perdita
1581 4024 2204 4103 recuperare,dicere
2231 4025 2330 4087 de-
2440 4019 2775 4101 praeteritis
2817 4021 3177 4102 deprecare,
3224 4029 3293 4083 ut
3335 4021 3454 4084 tibi
3498 4023 3921 4085 dimittantur.
3982 4038 3993 4048 ·
4308 4017 4309 4030 ¹

839 4123 948 4186 bet
995 4121 1256 4188 verbum
1308 4120 1662 4183 inductum.
1719 4120 2002 4203 lnsuper,
2051 4141 2326 4204 pensans
2440 4120 2517 4181 Et
2552 4136 2565 4179 :
2600 4118 2791 4191 Quasi
2819 4138 2856 4179 a
2888 4118 3051 4181 facie
3080 4119 3329 4182 colubri
3364 4120 3515 4201 fuge
3543 4130 3825 4203 peccata.
3996 4136 4119 4179 ιω.
4140 4140 4185 4179 2.

840 4229 1080 4303 quanta
1115 4220 1197 4281 sit
1235 4238 1364 4281 suae
1409 4218 1793 4280 instabilitas
1833 4220 2090 4297 mentis,
2136 4239 2325 4301 quam
2360 4226 2407 4287 D
2530 4220 2791 4281 Noctem
2846 4228 3174 4281 verterunt
3227 4221 3301 4281 in
3348 4222 3545 4281 diem.
3595 4220 3749 4293 Quia
3800 4220 3925 4285 fre-

839 4336 1036 4399 vagus
1065 4318 1148 4379 sit
1179 4318 1315 4399 ipse
1354 4317 1420 4378 in
1460 4316 1817 4397 cogitand0‚
1850 4337 2040 4398 quam
2087 4318 2330 4401 disper-
2440 4324 2708 4397 quenter
2746 4335 2859 4398 per
2896 4316 3159 4379 vitiosas
3190 4327 3253 4380 et
3282 4337 3471 4400 vagas
3510 4319 3925 4400 cogitationes

839 4439 946 4482 sus
978 4419 1041 4480 in
1073 4418 1450 4500 appetendo,
1485 4436 1676 4499 quam
1705 4418 1876 4480 circa
1915 4419 2112 4481 multa
2143 4438 2329 4482 occu-
2439 4415 2652 4477 anima
2689 4415 2781 4477 sic
2820 4423 3111 4492 caecatur,
3144 4425 3216 4478 ut
3256 4416 3557 4480 vitiorum
3586 4418 3925 4499 caliginem
4306 4434 4308 4483 t

841 4525 1046 4601 patuS‚
1079 4516 1438 4592 distractuS,
1473 4516 1738 4592 divisus,
1773 4516 2114 4597 querulosa
2158 4517 2328 4581 dolo·
2438 4514 2679 4595 judicet
2725 4533 2864 4577 esse
2910 4514 3117 4577 lucem
3168 4515 3498 4595 virtutum,
3550 4518 3701 4579 dum
3760 4517 3926 4580 mala

841 4634 1109 4696 rosaque
1139 4632 1292 4677 voce
1323 4614 1620 4696 loquatur
1653 4630 1668 4676 ε
1707 4616 2132 4691 Coyitaciones
2180 4636 2327 4677 meae
2439 4613 2557 4675 sub
2588 4612 2799 4694 specie
2831 4612 2982 4675 boni
3012 4612 3137 4675 sibi
3169 4614 3497 4696 proposita
3522 4616 3833 4698 approbat
3862 4625 3923 4679 et

837 4716 1169 4792 dissipatas
1196 4724 1374 4783 sunt,
1405 4732 1601 4794 quum
1631 4721 1839 4775 tamen
1875 4712 2189 4796 perfectio
2218 4733 2327 4777 no·
2437 4719 2743 4793 acceptat.
2776 4710 3034 4774 Talibus
3062 4712 3219 4775 dicit
3239 4714 3429 4777 Amos
3462 4731 3475 4775 :
3509 4714 3921 4778 convertistis
3950 4734 4085 4775 ,ta-0.
4100 4740 4227 4784 ma

840 4822 968 4875 stra
997 4812 1101 4889 sit,
1129 4812 1254 4874 Deo
1285 4810 1499 4874 stabili
1530 4818 1742 4873 mente
1773 4810 1984 4890 infigi,
2004 4812 2329 4891 cogitatio·
2437 4810 2501 4872 in
2534 4809 3023 4873 amaritudinem
3050 4812 3388 4893 judicium,
3423 4822 3483 4876 et
3517 4812 3799 4876 fructum
3828 4816 3923 4896 ju·

839 4933 952 4977 nes
994 4914 1062 4975 in
1103 4913 1242 4996 ipso
1291 4912 1612 4993 colligere,
1654 4912 2035 4976 affectiones
2080 4914 2147 4975 in
2188 4914 2327 4996 ipso
2439 4908 2628 4971 stitiae
2675 4909 2740 4971 in
2789 4909 3207 4973 absinthium.
3262 4912 3337 4973 Et
3382 4911 3621 4975 isaias:
3660 4912 3765 4977 Vae
3811 4914 3919 4995 qui
3972 4929 4101 4978 ιιτ,
4127 4936 4199 4975 20.
4304 4908 4306 4961 i

839 5014 1140 5088 adunare,
1177 5011 1396 5092 sicque
1428 5019 1640 5073 mente
1681 5012 1944 5074 collecta
1976 5031 2050 5075 ac
2083 5012 2329 5092 integra
2438 5007 2651 5070 dicitis
2694 5007 2931 5071 bonum
2976 5009 3239 5087 malum,
3272 5019 3335 5073 et
3370 5011 3609 5073 malum
3640 5010 3917 5086 bonum3

837 5130 986 5173 eum
1036 5110 1314 5183 laudare,
1347 5128 1558 5171 amare
1590 5118 1652 5172 et
1683 5110 1994 5173 honorare
2025 5110 2091 5171 in
2123 5110 2330 5174 omni·
2440 5115 2747 5189 ponentes
2797 5107 3087 5170 tenebras
3136 5108 3366 5186 lucem,
3400 5119 3463 5172 et
3503 5109 3713 5173 lucem
3754 5120 3922 5174 tene-

574 5233 798 5288 1²⁸-ch-
838 5209 982 5287 buS,
1018 5208 1548 5290 quemadmodum
1583 5208 1890 5291 scriptum
1934 5218 2030 5272 est
2063 5228 2078 5272 t
2113 5208 2329 5273 Confi·
2440 5205 2915 5288 bras,Denique
2948 5208 3103 5271 tales
3130 5208 3459 5271 ambulant
3490 5228 3603 5292 per
3624 5209 3794 5274 viam
3818 5209 3922 5271 fal·
3968 5264 4117 5308 Pm-
4138 5281 4215 5309 m

839 5307 1021 5371 tebor
1059 5305 1199 5383 tibi,
1233 5306 1515 5384 Domine,
1549 5306 1618 5368 in
1645 5315 1777 5371 toto
1815 5309 2006 5373 corde
2035 5326 2202 5387 meo,
2242 5307 2328 5373 vi·
2440 5306 2665 5383 lacem,
2698 5306 2779 5369 de
2825 5324 2951 5387 qua
2994 5305 3061 5368 in
3100 5307 3457 5371 Proverbiis
3505 5308 3737 5390 legitur
3768 5328 3783 5373 ε
3816 5310 3921 5371 Est
3949 5330 4007 5370 ιι
4218 5302 4231 5318 ’
