<?xml version="1.0" encoding="UTF-8"?>
<!DOCTYPE html PUBLIC "-//W3C//DTD XHTML 1.0 Transitional//EN"
    "http://www.w3.org/TR/xhtml1/DTD/xhtml1-transitional.dtd">
<html xmlns="http://www.w3.org/1999/xhtml" xml:lang="en" lang="en">
 <head>
  <title>
</title>
<meta http-equiv="Content-Type" content="text/html;charset=utf-8" />
  <meta name='ocr-system' content='tesseract 3.04.00' />
  <meta name='ocr-capabilities' content='ocr_page ocr_carea ocr_par ocr_line ocrx_word'/>
</head>
<body>
  <div class='ocr_page' id='page_1' title='image "./doctorisecstati06unkngoog_0261.png"; bbox 0 0 4309 6259; ppageno 0'>
   <div class='ocr_carea' id='block_1_1' title="bbox 97 1794 300 1973">
    <p class='ocr_par' dir='ltr' id='par_1_1' title="bbox 97 1794 300 1973">
     <span class='ocr_line' id='line_1_1' title="bbox 99 1794 297 1847; baseline 0 -14"><span class='ocrx_word' id='word_1_1' title='bbox 99 1794 126 1833; x_wconf 64' lang='lat' dir='ltr'><strong><em>lt</em></strong></span> <span class='ocrx_word' id='word_1_2' title='bbox 145 1796 220 1847; x_wconf 66' lang='lat' dir='ltr'><strong><em>[icy.</em></strong></span> <span class='ocrx_word' id='word_1_3' title='bbox 233 1809 297 1841; x_wconf 70' lang='grc' dir='ltr'>ῑιιι,</span> 
     </span>
     <span class='ocr_line' id='line_1_2' title="bbox 99 1860 300 1904; baseline 0 -7"><span class='ocrx_word' id='word_1_4' title='bbox 99 1860 194 1901; x_wconf 54' lang='lat' dir='ltr'><strong><em>:Li-Q</em></strong></span> <span class='ocrx_word' id='word_1_5' title='bbox 209 1860 300 1904; x_wconf 55' lang='lat' dir='ltr'><strong><em>mit</em></strong></span> 
     </span>
     <span class='ocr_line' id='line_1_3' title="bbox 97 1927 212 1973; baseline 0.017 -14"><span class='ocrx_word' id='word_1_6' title='bbox 97 1927 124 1959; x_wconf 81' lang='lat' dir='ltr'><strong><em>et</em></strong></span> <span class='ocrx_word' id='word_1_7' title='bbox 141 1932 212 1973; x_wconf 67' lang='lat' dir='ltr'><strong><em>teu]-</em></strong></span> 
     </span>
    </p>
   </div>
   <div class='ocr_carea' id='block_1_2' title="bbox 671 515 3041 567">
    <p class='ocr_par' dir='ltr' id='par_1_2' title="bbox 671 515 3041 567">
     <span class='ocr_line' id='line_1_4' title="bbox 671 515 3041 567; baseline -0.003 0"><span class='ocrx_word' id='word_1_8' title='bbox 671 519 1024 567; x_wconf 69' lang='lat' dir='ltr'>ENARRATIO</span> <span class='ocrx_word' id='word_1_9' title='bbox 1067 519 1130 565; x_wconf 78' lang='lat' dir='ltr'><strong><em>IN</em></strong></span> <span class='ocrx_word' id='word_1_10' title='bbox 1172 520 1309 567; x_wconf 62' lang='lat' dir='ltr'><strong><em>cat».</em></strong></span> <span class='ocrx_word' id='word_1_11' title='bbox 1355 520 1487 565; x_wconf 77' lang='lat'><em>1111</em></span> <span class='ocrx_word' id='word_1_12' title='bbox 1529 517 1686 563; x_wconf 73' lang='lat' dir='ltr'><strong><em>leu</em></strong></span> <span class='ocrx_word' id='word_1_13' title='bbox 1729 518 1980 565; x_wconf 63' lang='lat' dir='ltr'><strong><em>securim</em></strong></span> <span class='ocrx_word' id='word_1_14' title='bbox 2022 515 2554 564; x_wconf 72' lang='lat' dir='ltr'>PARALIPOMENON.</span> <span class='ocrx_word' id='word_1_15' title='bbox 2598 537 2679 548; x_wconf 96' lang='lat'>—</span> <span class='ocrx_word' id='word_1_16' title='bbox 2719 518 2863 563; x_wconf 67' lang='grc' dir='ltr'><strong>ΛΒΤ.</strong></span> <span class='ocrx_word' id='word_1_17' title='bbox 2908 515 3041 561; x_wconf 81' lang='lat' dir='ltr'><strong><em>xxll</em></strong></span> 
     </span>
    </p>
   </div>
   <div class='ocr_carea' id='block_1_3' title="bbox 3278 496 3395 561">
    <p class='ocr_par' dir='ltr' id='par_1_3' title="bbox 3278 496 3395 561">
     <span class='ocr_line' id='line_1_5' title="bbox 3278 496 3395 561; baseline -0.017 0"><span class='ocrx_word' id='word_1_18' title='bbox 3278 496 3395 561; x_wconf 78' lang='lat'><strong><em>237</em></strong></span> 
     </span>
    </p>
   </div>
   <div class='ocr_carea' id='block_1_4' title="bbox 1381 916 2357 1006">
    <p class='ocr_par' dir='ltr' id='par_1_4' title="bbox 1381 916 2357 1006">
     <span class='ocr_line' id='line_1_6' title="bbox 1381 916 2357 1006; baseline -0.003 -3"><span class='ocrx_word' id='word_1_19' title='bbox 1381 916 2030 1006; x_wconf 83' lang='lat' dir='ltr'>ARTICULUS</span> <span class='ocrx_word' id='word_1_20' title='bbox 2103 917 2357 1001; x_wconf 89' lang='lat' dir='ltr'>XXII</span> 
     </span>
    </p>
   </div>
   <div class='ocr_carea' id='block_1_5' title="bbox 399 1188 3331 1352">
    <p class='ocr_par' dir='ltr' id='par_1_5' title="bbox 399 1188 3331 1352">
     <span class='ocr_line' id='line_1_7' title="bbox 399 1188 3331 1242; baseline -0.002 0"><span class='ocrx_word' id='word_1_21' title='bbox 399 1196 710 1242; x_wconf 67' lang='lat' dir='ltr'><strong><em>exposrrlo</em></strong></span> <span class='ocrx_word' id='word_1_22' title='bbox 755 1195 1032 1241; x_wconf 76' lang='lat' dir='ltr'><strong><em>cAPrruu</em></strong></span> <span class='ocrx_word' id='word_1_23' title='bbox 1075 1194 1339 1240; x_wconf 71' lang='lat' dir='ltr'><strong><em>vlcssslul</em></strong></span> <span class='ocrx_word' id='word_1_24' title='bbox 1382 1192 1638 1239; x_wconf 82' lang='lat' dir='ltr'>SECUNDI</span> <span class='ocrx_word' id='word_1_25' title='bbox 1680 1192 1694 1237; x_wconf 87' lang='lat'>:</span> <span class='ocrx_word' id='word_1_26' title='bbox 1742 1188 2231 1237; x_wconf 80' lang='lat' dir='ltr'>CONSTITUERUNT</span> <span class='ocrx_word' id='word_1_27' title='bbox 2272 1192 2477 1237; x_wconf 73' lang='lat' dir='ltr'>AUTEM</span> <span class='ocrx_word' id='word_1_28' title='bbox 2520 1190 2939 1237; x_wconf 77' lang='lat' dir='ltr'><strong>HABITATORES</strong></span> <span class='ocrx_word' id='word_1_29' title='bbox 2980 1192 3331 1238; x_wconf 72' lang='lat' dir='ltr'><strong>JERUSALEM</strong></span> 
     </span>
     <span class='ocr_line' id='line_1_8' title="bbox 1043 1287 2678 1352; baseline -0.002 -13"><span class='ocrx_word' id='word_1_30' title='bbox 1043 1293 1370 1352; x_wconf 67' lang='lat' dir='ltr'><strong><em>ocuozlau,</em></strong></span> <span class='ocrx_word' id='word_1_31' title='bbox 1417 1291 1623 1337; x_wconf 64' lang='lat' dir='ltr'><strong><em>mcum</em></strong></span> <span class='ocrx_word' id='word_1_32' title='bbox 1663 1290 1802 1335; x_wconf 70' lang='lat' dir='ltr'><strong><em>mus</em></strong></span> <span class='ocrx_word' id='word_1_33' title='bbox 1843 1288 2130 1349; x_wconf 74' lang='lat' dir='ltr'><strong><em>mmmm,</em></strong></span> <span class='ocrx_word' id='word_1_34' title='bbox 2180 1287 2381 1335; x_wconf 64' lang='lat' dir='ltr'><strong><em>nmen</em></strong></span> <span class='ocrx_word' id='word_1_35' title='bbox 2423 1290 2538 1335; x_wconf 81' lang='lat' dir='ltr'><strong><em>PRO</em></strong></span> <span class='ocrx_word' id='word_1_36' title='bbox 2582 1290 2678 1335; x_wconf 80' lang='lat' dir='ltr'><strong><em>EO.</em></strong></span> 
     </span>
    </p>
   </div>
   <div class='ocr_carea' id='block_1_6' title="bbox 435 1570 3406 1651">
    <p class='ocr_par' dir='ltr' id='par_1_6' title="bbox 435 1570 3406 1651">
     <span class='ocr_line' id='line_1_9' title="bbox 435 1570 3406 1651; baseline -0.002 -12"><span class='ocrx_word' id='word_1_37' title='bbox 435 1576 798 1651; x_wconf 82' lang='lat' dir='ltr'>EQUITUR</span> <span class='ocrx_word' id='word_1_38' title='bbox 828 1575 1094 1639; x_wconf 86' lang='lat' dir='ltr'><strong><em>historia</em></strong></span> <span class='ocrx_word' id='word_1_39' title='bbox 1133 1576 1212 1637; x_wconf 85' lang='lat' dir='ltr'><strong><em>de</em></strong></span> <span class='ocrx_word' id='word_1_40' title='bbox 1241 1572 1510 1637; x_wconf 85' lang='lat' dir='ltr'><strong><em>Ochozia</em></strong></span> <span class='ocrx_word' id='word_1_41' title='bbox 1546 1570 1688 1634; x_wconf 88' lang='lat' dir='ltr'><strong><em>filio</em></strong></span> <span class='ocrx_word' id='word_1_42' title='bbox 1716 1570 1810 1633; x_wconf 77' lang='lat'><strong><em>10-</em></strong></span> <span class='ocrx_word' id='word_1_43' title='bbox 1839 1571 1890 1633; x_wconf 79' lang='lat' dir='ltr'><strong>A</strong></span> <span class='ocrx_word' id='word_1_44' title='bbox 1915 1573 1995 1634; x_wconf 87' lang='lat' dir='ltr'><strong><em>ad</em></strong></span> <span class='ocrx_word' id='word_1_45' title='bbox 2028 1571 2471 1634; x_wconf 81' lang='lat' dir='ltr'><strong>idololatriam.</strong></span> <span class='ocrx_word' id='word_1_46' title='bbox 2510 1574 2684 1633; x_wconf 79' lang='lat' dir='ltr'><strong><em>Fecit</em></strong></span> <span class='ocrx_word' id='word_1_47' title='bbox 2712 1592 2859 1649; x_wconf 64' lang='lat' dir='ltr'><strong><em>erqo</em></strong></span> <span class='ocrx_word' id='word_1_48' title='bbox 2890 1577 3137 1633; x_wconf 78' lang='lat' dir='ltr'><strong><em>matum</em></strong></span> <span class='ocrx_word' id='word_1_49' title='bbox 3167 1575 3237 1632; x_wconf 83' lang='lat' dir='ltr'><strong><em>in</em></strong></span> <span class='ocrx_word' id='word_1_50' title='bbox 3268 1594 3406 1633; x_wconf 85' lang='lat' dir='ltr'><strong><em>con-</em></strong></span> 
     </span>
    </p>
   </div>
   <div class='ocr_carea' id='block_1_7' title="bbox 323 1669 1813 2145">
    <p class='ocr_par' dir='ltr' id='par_1_7' title="bbox 323 1669 1813 2145">
     <span class='ocr_line' id='line_1_10' title="bbox 457 1669 1809 1757; baseline -0.004 -21"><span class='ocrx_word' id='word_1_51' title='bbox 457 1695 592 1737; x_wconf 83' lang='lat' dir='ltr'><strong><em>ram</em></strong></span> <span class='ocrx_word' id='word_1_52' title='bbox 635 1675 804 1757; x_wconf 82' lang='lat' dir='ltr'><strong><em>regis</em></strong></span> <span class='ocrx_word' id='word_1_53' title='bbox 831 1675 1031 1746; x_wconf 84' lang='lat' dir='ltr'><strong><em>Juda;</em></strong></span> <span class='ocrx_word' id='word_1_54' title='bbox 1085 1682 1312 1754; x_wconf 88' lang='lat' dir='ltr'><strong><em>estque</em></strong></span> <span class='ocrx_word' id='word_1_55' title='bbox 1360 1671 1571 1733; x_wconf 87' lang='lat' dir='ltr'><strong><em>littera</em></strong></span> <span class='ocrx_word' id='word_1_56' title='bbox 1613 1669 1809 1749; x_wconf 88' lang='lat' dir='ltr'><strong><em>hujus</em></strong></span> 
     </span>
     <span class='ocr_line' id='line_1_11' title="bbox 325 1773 1810 1857; baseline -0.005 -20"><span class='ocrx_word' id='word_1_57' title='bbox 325 1774 581 1857; x_wconf 83' lang='lat' dir='ltr'><strong><em>capituli</em></strong></span> <span class='ocrx_word' id='word_1_58' title='bbox 614 1774 783 1837; x_wconf 86' lang='lat' dir='ltr'><strong><em>libro</em></strong></span> <span class='ocrx_word' id='word_1_59' title='bbox 814 1781 1044 1856; x_wconf 82' lang='lat' dir='ltr'><strong><em>quarto</em></strong></span> <span class='ocrx_word' id='word_1_60' title='bbox 1075 1773 1315 1851; x_wconf 82' lang='lat' dir='ltr'><strong>Regum</strong></span> <span class='ocrx_word' id='word_1_61' title='bbox 1347 1788 1513 1852; x_wconf 90' lang='lat' dir='ltr'><strong><em>pene</em></strong></span> <span class='ocrx_word' id='word_1_62' title='bbox 1548 1776 1679 1831; x_wconf 87' lang='lat' dir='ltr'><strong><em>tota</em></strong></span> <span class='ocrx_word' id='word_1_63' title='bbox 1707 1787 1810 1831; x_wconf 88' lang='lat' dir='ltr'><strong><em>ex·-</em></strong></span> 
     </span>
     <span class='ocr_line' id='line_1_12' title="bbox 326 1868 1813 1955; baseline -0.008 -19"><span class='ocrx_word' id='word_1_64' title='bbox 326 1873 544 1955; x_wconf 86' lang='lat' dir='ltr'><strong><em>posita.</em></strong></span> <span class='ocrx_word' id='word_1_65' title='bbox 612 1876 1098 1934; x_wconf 79' lang='lat' dir='ltr'><strong><em>Constituerunt</em></strong></span> <span class='ocrx_word' id='word_1_66' title='bbox 1151 1879 1368 1930; x_wconf 87' lang='lat' dir='ltr'><strong><em>aute-m</em></strong></span> <span class='ocrx_word' id='word_1_67' title='bbox 1425 1868 1813 1929; x_wconf 72' lang='lat' dir='ltr'><em>habitatores</em></span> 
     </span>
     <span class='ocr_line' id='line_1_13' title="bbox 323 1964 1812 2045; baseline -0.004 -15"><span class='ocrx_word' id='word_1_68' title='bbox 323 1975 670 2031; x_wconf 75' lang='lat' dir='ltr'><em>Jerusalem</em></span> <span class='ocrx_word' id='word_1_69' title='bbox 694 1973 1040 2034; x_wconf 76' lang='lat' dir='ltr'><strong><em>ochoziam</em></strong></span> <span class='ocrx_word' id='word_1_70' title='bbox 1066 1970 1288 2045; x_wconf 74' lang='lat' dir='ltr'><strong><em>filium</em></strong></span> <span class='ocrx_word' id='word_1_71' title='bbox 1316 1968 1480 2044; x_wconf 79' lang='lat' dir='ltr'><strong><em>ejus,</em></strong></span> <span class='ocrx_word' id='word_1_72' title='bbox 1506 1966 1568 2027; x_wconf 90' lang='lat' dir='ltr'><strong><em>id</em></strong></span> <span class='ocrx_word' id='word_1_73' title='bbox 1590 1973 1686 2027; x_wconf 87' lang='lat' dir='ltr'><strong><em>est</em></strong></span> <span class='ocrx_word' id='word_1_74' title='bbox 1717 1964 1812 2045; x_wconf 91' lang='lat' dir='ltr'><strong><em>ip-</em></strong></span> 
     </span>
     <span class='ocr_line' id='line_1_14' title="bbox 327 2062 1806 2145; baseline -0.005 -14"><span class='ocrx_word' id='word_1_75' title='bbox 327 2070 448 2131; x_wconf 89' lang='lat' dir='ltr'><strong><em>sius</em></strong></span> <span class='ocrx_word' id='word_1_76' title='bbox 494 2070 731 2145; x_wconf 77' lang='lat' dir='ltr'><strong><em>loram,</em></strong></span> <span class='ocrx_word' id='word_1_77' title='bbox 785 2070 1160 2135; x_wconf 76' lang='lat' dir='ltr'><strong><em>mini-mam,</em></strong></span> <span class='ocrx_word' id='word_1_78' title='bbox 1205 2064 1272 2127; x_wconf 93' lang='lat' dir='ltr'><strong><em>id</em></strong></span> <span class='ocrx_word' id='word_1_79' title='bbox 1321 2071 1418 2126; x_wconf 91' lang='lat' dir='ltr'><strong><em>est</em></strong></span> <span class='ocrx_word' id='word_1_80' title='bbox 1463 2062 1806 2144; x_wconf 86' lang='lat' dir='ltr'><strong><em>juniorem,</em></strong></span> 
     </span>
    </p>
   </div>
   <div class='ocr_carea' id='block_1_8' title="bbox 171 2162 1808 2245">
    <p class='ocr_par' dir='ltr' id='par_1_8' title="bbox 171 2162 1808 2245">
     <span class='ocr_line' id='line_1_15' title="bbox 171 2162 1808 2245; baseline -0.002 -19"><span class='ocrx_word' id='word_1_81' title='bbox 171 2192 221 2218; x_wconf 74' lang='lat' dir='ltr'><strong><em>ar.</em></strong></span> <span class='ocrx_word' id='word_1_82' title='bbox 253 2193 300 2225; x_wconf 77' lang='grc' dir='ltr'><strong><em>ιι,</em></strong></span> <span class='ocrx_word' id='word_1_83' title='bbox 327 2188 524 2245; x_wconf 75' lang='lat' dir='ltr'><strong><em>reyem</em></strong></span> <span class='ocrx_word' id='word_1_84' title='bbox 547 2188 669 2244; x_wconf 73' lang='lat' dir='ltr'><strong><em>pro</em></strong></span> <span class='ocrx_word' id='word_1_85' title='bbox 699 2188 790 2228; x_wconf 84' lang='lat' dir='ltr'><strong><em>eo.</em></strong></span> <span class='ocrx_word' id='word_1_86' title='bbox 825 2165 1032 2228; x_wconf 86' lang='lat' dir='ltr'><strong><em>Ceteri</em></strong></span> <span class='ocrx_word' id='word_1_87' title='bbox 1063 2164 1260 2240; x_wconf 89' lang='lat' dir='ltr'><strong><em>enim,</em></strong></span> <span class='ocrx_word' id='word_1_88' title='bbox 1293 2170 1363 2224; x_wconf 93' lang='lat' dir='ltr'><strong><em>ut</em></strong></span> <span class='ocrx_word' id='word_1_89' title='bbox 1403 2162 1644 2224; x_wconf 91' lang='lat' dir='ltr'><strong><em>dictum</em></strong></span> <span class='ocrx_word' id='word_1_90' title='bbox 1689 2169 1808 2237; x_wconf 86' lang='lat' dir='ltr'><strong><em>est,</em></strong></span> 
     </span>
    </p>
   </div>
   <div class='ocr_carea' id='block_1_9' title="bbox 103 2968 302 3053">
    <p class='ocr_par' dir='ltr' id='par_1_9' title="bbox 103 2968 302 3053">
     <span class='ocr_line' id='line_1_16' title="bbox 103 2968 302 3053; baseline 0.005 -41"><span class='ocrx_word' id='word_1_91' title='bbox 103 2968 150 3053; x_wconf 51' lang='lat' dir='ltr'><strong><em>&#39;l-l&#39;</em></strong></span> <span class='ocrx_word' id='word_1_92' title='bbox 160 2971 243 3025; x_wconf 70' lang='lat' dir='ltr'><strong><em>neq.</em></strong></span> <span class='ocrx_word' id='word_1_93' title='bbox 254 2985 302 3019; x_wconf 70' lang='lat' dir='ltr'><strong><em>ix.</em></strong></span> 
     </span>
    </p>
   </div>
   <div class='ocr_carea' id='block_1_10' title="bbox 106 3363 306 3539">
    <p class='ocr_par' dir='ltr' id='par_1_10' title="bbox 106 3363 306 3539">
     <span class='ocr_line' id='line_1_17' title="bbox 135 3363 302 3411; baseline 0.03 -9"><span class='ocrx_word' id='word_1_94' title='bbox 135 3363 302 3411; x_wconf 57' lang='lat' dir='ltr'><strong><em>midam.</em></strong></span> 
     </span>
     <span class='ocr_line' id='line_1_18' title="bbox 111 3427 306 3471; baseline 0.01 -2"><span class='ocrx_word' id='word_1_95' title='bbox 111 3428 156 3469; x_wconf 71' lang='grc' dir='ltr'><strong><em>Ιῗῑ</em></strong></span> <span class='ocrx_word' id='word_1_96' title='bbox 175 3427 198 3468; x_wconf 81' lang='lat' dir='ltr'><strong><em>ll</em></strong></span> <span class='ocrx_word' id='word_1_97' title='bbox 216 3428 306 3471; x_wconf 78' lang='lat' dir='ltr'><strong><em>Par.</em></strong></span> 
     </span>
     <span class='ocr_line' id='line_1_19' title="bbox 106 3494 282 3539; baseline 0.034 -12"><span class='ocrx_word' id='word_1_98' title='bbox 106 3500 166 3531; x_wconf 78' lang='lat' dir='ltr'><strong><em>ni.</em></strong></span> <span class='ocrx_word' id='word_1_99' title='bbox 181 3494 212 3539; x_wconf 77' lang='lat'><strong><em>5.</em></strong></span> <span class='ocrx_word' id='word_1_100' title='bbox 229 3494 282 3534; x_wconf 72' lang='lat'><strong><em>20.</em></strong></span> 
     </span>
    </p>
   </div>
   <div class='ocr_carea' id='block_1_11' title="bbox 110 3752 308 3857">
    <p class='ocr_par' dir='ltr' id='par_1_11' title="bbox 110 3752 308 3857">
     <span class='ocr_line' id='line_1_20' title="bbox 110 3752 308 3809; baseline 0.01 -12"><span class='ocrx_word' id='word_1_101' title='bbox 110 3752 144 3795; x_wconf 66' lang='lat' dir='ltr'><strong><em>IV</em></strong></span> <span class='ocrx_word' id='word_1_102' title='bbox 155 3756 233 3809; x_wconf 70' lang='lat' dir='ltr'><strong><em>Beq.</em></strong></span> <span class='ocrx_word' id='word_1_103' title='bbox 243 3772 308 3809; x_wconf 74' lang='lat' dir='ltr'><strong><em>nu,</em></strong></span> 
     </span>
     <span class='ocr_line' id='line_1_21' title="bbox 111 3819 148 3857; baseline 0 0"><span class='ocrx_word' id='word_1_104' title='bbox 111 3819 148 3857; x_wconf 62' lang='lat'><strong><em>25</em></strong></span> 
     </span>
    </p>
   </div>
   <div class='ocr_carea' id='block_1_12' title="bbox 139 4536 316 4594">
    <p class='ocr_par' dir='ltr' id='par_1_12' title="bbox 139 4536 316 4594">
     <span class='ocr_line' id='line_1_22' title="bbox 139 4536 316 4594; baseline 0 -9"><span class='ocrx_word' id='word_1_105' title='bbox 139 4536 236 4594; x_wconf 58' lang='grc' dir='ltr'><strong><em>13η.</em></strong></span> <span class='ocrx_word' id='word_1_106' title='bbox 247 4556 316 4593; x_wconf 79' lang='lat' dir='ltr'><strong><em>nu.</em></strong></span> 
     </span>
    </p>
   </div>
   <div class='ocr_carea' id='block_1_13' title="bbox 123 4602 150 4639">
    <p class='ocr_par' dir='ltr' id='par_1_13' title="bbox 123 4602 150 4639">
     <span class='ocr_line' id='line_1_23' title="bbox 123 4602 150 4639; baseline 0 0"><span class='ocrx_word' id='word_1_107' title='bbox 123 4602 150 4639; x_wconf 84' lang='lat' dir='ltr'><strong><em>l-</em></strong></span> 
     </span>
    </p>
   </div>
   <div class='ocr_carea' id='block_1_14' title="bbox 325 2262 1815 2738">
    <p class='ocr_par' dir='ltr' id='par_1_14' title="bbox 325 2262 1815 2738">
     <span class='ocr_line' id='line_1_24' title="bbox 326 2262 1812 2341; baseline -0.007 -11"><span class='ocrx_word' id='word_1_108' title='bbox 326 2276 496 2330; x_wconf 83' lang='lat' dir='ltr'><strong><em>crant</em></strong></span> <span class='ocrx_word' id='word_1_109' title='bbox 513 2268 734 2331; x_wconf 85' lang='lat' dir='ltr'><strong><em>occisi.</em></strong></span> <span class='ocrx_word' id='word_1_110' title='bbox 757 2272 986 2330; x_wconf 80' lang='lat' dir='ltr'><strong><em>Omnes</em></strong></span> <span class='ocrx_word' id='word_1_111' title='bbox 1005 2267 1179 2325; x_wconf 78' lang='lat' dir='ltr'><strong><em>enim</em></strong></span> <span class='ocrx_word' id='word_1_112' title='bbox 1201 2265 1472 2340; x_wconf 82' lang='lat' dir='ltr'><strong><em>majo-res</em></strong></span> <span class='ocrx_word' id='word_1_113' title='bbox 1495 2272 1678 2329; x_wconf 81' lang='lat' dir='ltr'><strong><em>natu,</em></strong></span> <span class='ocrx_word' id='word_1_114' title='bbox 1696 2262 1812 2341; x_wconf 79' lang='lat' dir='ltr'><strong><em>qui</em></strong></span> 
     </span>
     <span class='ocr_line' id='line_1_25' title="bbox 326 2365 1811 2442; baseline -0.003 -18"><span class='ocrx_word' id='word_1_115' title='bbox 326 2378 464 2426; x_wconf 80' lang='lat' dir='ltr'><strong><em>ante</em></strong></span> <span class='ocrx_word' id='word_1_116' title='bbox 503 2388 652 2426; x_wconf 86' lang='lat' dir='ltr'><strong><em>eum</em></strong></span> <span class='ocrx_word' id='word_1_117' title='bbox 689 2366 988 2442; x_wconf 80' lang='lat' dir='ltr'><strong><em>fuerant,</em></strong></span> <span class='ocrx_word' id='word_1_118' title='bbox 1033 2365 1494 2441; x_wconf 82' lang='lat' dir='ltr'><strong><em>interfecerunt</em></strong></span> <span class='ocrx_word' id='word_1_119' title='bbox 1536 2365 1811 2421; x_wconf 81' lang='lat' dir='ltr'><strong><em>latrones</em></strong></span> 
     </span>
     <span class='ocr_line' id='line_1_26' title="bbox 325 2462 1814 2543; baseline -0.005 -18"><span class='ocrx_word' id='word_1_120' title='bbox 325 2468 634 2533; x_wconf 81' lang='lat' dir='ltr'><strong><em>Arabum,</em></strong></span> <span class='ocrx_word' id='word_1_121' title='bbox 663 2465 782 2543; x_wconf 75' lang='lat' dir='ltr'><strong><em>qui</em></strong></span> <span class='ocrx_word' id='word_1_122' title='bbox 811 2465 1148 2522; x_wconf 73' lang='lat' dir='ltr'><strong><em>irruerant</em></strong></span> <span class='ocrx_word' id='word_1_123' title='bbox 1190 2463 1259 2519; x_wconf 79' lang='lat' dir='ltr'><strong><em>in</em></strong></span> <span class='ocrx_word' id='word_1_124' title='bbox 1293 2469 1528 2520; x_wconf 77' lang='lat' dir='ltr'><strong><em>castra.</em></strong></span> <span class='ocrx_word' id='word_1_125' title='bbox 1557 2462 1814 2537; x_wconf 76' lang='lat' dir='ltr'><strong><em>Reyna-</em></strong></span> 
     </span>
     <span class='ocr_line' id='line_1_27' title="bbox 327 2560 1808 2642; baseline -0.003 -19"><span class='ocrx_word' id='word_1_126' title='bbox 327 2567 534 2642; x_wconf 69' lang='lat' dir='ltr'><strong><em>vitque</em></strong></span> <span class='ocrx_word' id='word_1_127' title='bbox 576 2564 884 2626; x_wconf 73' lang='lat' dir='ltr'><strong><em>ochozias</em></strong></span> <span class='ocrx_word' id='word_1_128' title='bbox 924 2562 1108 2637; x_wconf 78' lang='lat' dir='ltr'><strong><em>filius</em></strong></span> <span class='ocrx_word' id='word_1_129' title='bbox 1144 2564 1382 2625; x_wconf 82' lang='lat' dir='ltr'><strong><em>Joram,</em></strong></span> <span class='ocrx_word' id='word_1_130' title='bbox 1407 2560 1576 2635; x_wconf 71' lang='lat' dir='ltr'><strong><em>reqis</em></strong></span> <span class='ocrx_word' id='word_1_131' title='bbox 1612 2560 1808 2619; x_wconf 81' lang='lat' dir='ltr'><strong><em>Juda.</em></strong></span> 
     </span>
     <span class='ocr_line' id='line_1_28' title="bbox 327 2658 1815 2738; baseline -0.003 -17"><span class='ocrx_word' id='word_1_132' title='bbox 327 2663 774 2738; x_wconf 62' lang='lat' dir='ltr'><strong><em>Quadraginta</em></strong></span> <span class='ocrx_word' id='word_1_133' title='bbox 803 2663 1086 2720; x_wconf 76' lang='lat' dir='ltr'><strong><em>duorum</em></strong></span> <span class='ocrx_word' id='word_1_134' title='bbox 1115 2678 1440 2717; x_wconf 83' lang='lat' dir='ltr'><strong><em>annorum</em></strong></span> <span class='ocrx_word' id='word_1_135' title='bbox 1469 2665 1607 2716; x_wconf 84' lang='lat' dir='ltr'><strong><em>erat</em></strong></span> <span class='ocrx_word' id='word_1_136' title='bbox 1633 2658 1815 2717; x_wconf 74' lang='lat' dir='ltr'><em>Ocho-</em></span> 
     </span>
    </p>
   </div>
   <div class='ocr_carea' id='block_1_15' title="bbox 1915 1670 3411 2736">
    <p class='ocr_par' dir='ltr' id='par_1_15' title="bbox 1915 1670 3411 2736">
     <span class='ocr_line' id='line_1_29' title="bbox 1915 1670 3400 1746; baseline 0.002 -17"><span class='ocrx_word' id='word_1_137' title='bbox 1915 1680 2126 1746; x_wconf 74' lang='lat' dir='ltr'><strong><em>speetu</em></strong></span> <span class='ocrx_word' id='word_1_138' title='bbox 2158 1672 2315 1729; x_wconf 83' lang='lat' dir='ltr'><strong><em>Dom</em></strong></span> <span class='ocrx_word' id='word_1_139' title='bbox 2327 1672 2391 1728; x_wconf 69' lang='lat' dir='ltr'><strong><em>in</em></strong></span> <span class='ocrx_word' id='word_1_140' title='bbox 2404 1671 2447 1735; x_wconf 86' lang='grc' dir='ltr'><strong><em>ι’,</em></strong></span> <span class='ocrx_word' id='word_1_141' title='bbox 2470 1672 2637 1729; x_wconf 82' lang='lat' dir='ltr'><strong><em>sicut</em></strong></span> <span class='ocrx_word' id='word_1_142' title='bbox 2662 1674 2887 1730; x_wconf 83' lang='lat' dir='ltr'><strong><em>domus</em></strong></span> <span class='ocrx_word' id='word_1_143' title='bbox 2907 1673 3126 1732; x_wconf 77' lang='lat' dir='ltr'><strong><em>Achab</em></strong></span> <span class='ocrx_word' id='word_1_144' title='bbox 3154 1670 3257 1733; x_wconf 88' lang='lat' dir='ltr'><strong><em>avi</em></strong></span> <span class='ocrx_word' id='word_1_145' title='bbox 3280 1671 3400 1732; x_wconf 88' lang='lat' dir='ltr'><strong><em>sui.</em></strong></span> 
     </span>
     <span class='ocr_line' id='line_1_30' title="bbox 1915 1768 3401 1849; baseline 0.001 -20"><span class='ocrx_word' id='word_1_146' title='bbox 1915 1770 2056 1844; x_wconf 80' lang='lat' dir='ltr'><strong><em>Ipsi</em></strong></span> <span class='ocrx_word' id='word_1_147' title='bbox 2081 1770 2280 1837; x_wconf 78' lang='lat' dir='ltr'><strong><em>enim,</em></strong></span> <span class='ocrx_word' id='word_1_148' title='bbox 2311 1768 2424 1849; x_wconf 88' lang='lat' dir='ltr'><strong><em>qui</em></strong></span> <span class='ocrx_word' id='word_1_149' title='bbox 2453 1776 2633 1831; x_wconf 89' lang='lat' dir='ltr'><strong><em>erant</em></strong></span> <span class='ocrx_word' id='word_1_150' title='bbox 2661 1770 2740 1831; x_wconf 90' lang='lat' dir='ltr'><strong><em>de</em></strong></span> <span class='ocrx_word' id='word_1_151' title='bbox 2785 1787 3016 1849; x_wconf 83' lang='lat' dir='ltr'><strong><em>genere</em></strong></span> <span class='ocrx_word' id='word_1_152' title='bbox 3061 1776 3125 1832; x_wconf 90' lang='lat' dir='ltr'><strong><em>et</em></strong></span> <span class='ocrx_word' id='word_1_153' title='bbox 3158 1768 3401 1831; x_wconf 88' lang='lat' dir='ltr'><strong><em>familia</em></strong></span> 
     </span>
     <span class='ocr_line' id='line_1_31' title="bbox 1919 1866 3407 1946; baseline 0 -19"><span class='ocrx_word' id='word_1_154' title='bbox 1919 1866 2152 1943; x_wconf 76' lang='lat' dir='ltr'><strong><em>Achab,</em></strong></span> <span class='ocrx_word' id='word_1_155' title='bbox 2186 1870 2460 1946; x_wconf 82' lang='lat' dir='ltr'><strong><em>fuerunt</em></strong></span> <span class='ocrx_word' id='word_1_156' title='bbox 2488 1870 2571 1935; x_wconf 70' lang='lat' dir='ltr'><strong><em>ei,</em></strong></span> <span class='ocrx_word' id='word_1_157' title='bbox 2604 1868 2848 1930; x_wconf 82' lang='lat' dir='ltr'><strong><em>scilicet</em></strong></span> <span class='ocrx_word' id='word_1_158' title='bbox 2874 1866 3177 1945; x_wconf 81' lang='lat' dir='ltr'><strong><em>Ochoziae‚</em></strong></span> <span class='ocrx_word' id='word_1_159' title='bbox 3210 1871 3407 1929; x_wconf 81' lang='lat' dir='ltr'><strong><em>cons-i-</em></strong></span> 
     </span>
     <span class='ocr_line' id='line_1_32' title="bbox 1919 1966 3401 2043; baseline 0.003 -21"><span class='ocrx_word' id='word_1_160' title='bbox 1919 1966 2104 2023; x_wconf 76' lang='lat' dir='ltr'><strong><em>liarii</em></strong></span> <span class='ocrx_word' id='word_1_161' title='bbox 2124 1976 2266 2041; x_wconf 77' lang='lat' dir='ltr'><strong><em>post</em></strong></span> <span class='ocrx_word' id='word_1_162' title='bbox 2298 1977 2559 2027; x_wconf 85' lang='lat' dir='ltr'><strong><em>mortem</em></strong></span> <span class='ocrx_word' id='word_1_163' title='bbox 2586 1969 2795 2043; x_wconf 73' lang='lat' dir='ltr'><strong><em>patris</em></strong></span> <span class='ocrx_word' id='word_1_164' title='bbox 2820 1970 2930 2028; x_wconf 72' lang='lat' dir='ltr'><strong><em>sui</em></strong></span> <span class='ocrx_word' id='word_1_165' title='bbox 2956 1970 3029 2027; x_wconf 81' lang='lat' dir='ltr'><strong><em>in.</em></strong></span> <span class='ocrx_word' id='word_1_166' title='bbox 3060 1970 3401 2028; x_wconf 79' lang='lat' dir='ltr'><strong><em>interitum</em></strong></span> 
     </span>
     <span class='ocr_line' id='line_1_33' title="bbox 1915 2064 3405 2145; baseline 0.003 -24"><span class='ocrx_word' id='word_1_167' title='bbox 1915 2064 2099 2139; x_wconf 79' lang='lat' dir='ltr'><strong><em>ejus,·</em></strong></span> <span class='ocrx_word' id='word_1_168' title='bbox 2124 2067 2607 2145; x_wconf 75' lang='lat' dir='ltr'><strong><em>ambulavitque</em></strong></span> <span class='ocrx_word' id='word_1_169' title='bbox 2638 2067 2707 2125; x_wconf 78' lang='lat' dir='ltr'><strong><em>in</em></strong></span> <span class='ocrx_word' id='word_1_170' title='bbox 2736 2068 3024 2126; x_wconf 75' lang='lat' dir='ltr'><strong><em>consiliis</em></strong></span> <span class='ocrx_word' id='word_1_171' title='bbox 3054 2086 3297 2127; x_wconf 82' lang='lat' dir='ltr'><strong><em>eorum.</em></strong></span> <span class='ocrx_word' id='word_1_172' title='bbox 3318 2065 3405 2126; x_wconf 84' lang='lat' dir='ltr'><strong><em>Ex</em></strong></span> 
     </span>
     <span class='ocr_line' id='line_1_34' title="bbox 1917 2162 3408 2245; baseline 0.003 -23"><span class='ocrx_word' id='word_1_173' title='bbox 1917 2180 2135 2223; x_wconf 91' lang='lat' dir='ltr'><strong><em>eorum</em></strong></span> <span class='ocrx_word' id='word_1_174' title='bbox 2174 2180 2324 2243; x_wconf 87' lang='lat' dir='ltr'><strong><em>ergo</em></strong></span> <span class='ocrx_word' id='word_1_175' title='bbox 2355 2162 2578 2245; x_wconf 87' lang='lat' dir='ltr'><strong><em>iniquo</em></strong></span> <span class='ocrx_word' id='word_1_176' title='bbox 2627 2164 2897 2227; x_wconf 91' lang='lat' dir='ltr'><strong><em>consilio</em></strong></span> <span class='ocrx_word' id='word_1_177' title='bbox 2941 2172 3069 2227; x_wconf 88' lang='lat' dir='ltr'><strong><em>tam</em></strong></span> <span class='ocrx_word' id='word_1_178' title='bbox 3114 2165 3252 2227; x_wconf 89' lang='lat' dir='ltr'><strong><em>dire</em></strong></span> <span class='ocrx_word' id='word_1_179' title='bbox 3302 2184 3408 2228; x_wconf 82' lang='lat' dir='ltr'><strong><em>ex-</em></strong></span> 
     </span>
     <span class='ocr_line' id='line_1_35' title="bbox 1915 2260 3401 2345; baseline 0.001 -22"><span class='ocrx_word' id='word_1_180' title='bbox 1915 2260 2127 2338; x_wconf 88' lang='lat' dir='ltr'><strong><em>cessit,</em></strong></span> <span class='ocrx_word' id='word_1_181' title='bbox 2178 2263 2349 2343; x_wconf 89' lang='lat' dir='ltr'><strong><em>quod</em></strong></span> <span class='ocrx_word' id='word_1_182' title='bbox 2410 2262 2643 2324; x_wconf 88' lang='lat' dir='ltr'><strong><em>meruit</em></strong></span> <span class='ocrx_word' id='word_1_183' title='bbox 2699 2264 3115 2345; x_wconf 79' lang='lat' dir='ltr'><strong><em>corporaliter</em></strong></span> <span class='ocrx_word' id='word_1_184' title='bbox 3172 2264 3401 2340; x_wconf 86' lang='lat' dir='ltr'><strong><em>occidi,</em></strong></span> 
     </span>
     <span class='ocr_line' id='line_1_36' title="bbox 1916 2359 3406 2425; baseline 0.001 -4"><span class='ocrx_word' id='word_1_185' title='bbox 1916 2359 2298 2422; x_wconf 85' lang='lat' dir='ltr'><strong><em>aeternaliter</em></strong></span> <span class='ocrx_word' id='word_1_186' title='bbox 2326 2360 2611 2422; x_wconf 83' lang='lat' dir='ltr'><strong><em>damnari</em></strong></span> <span class='ocrx_word' id='word_1_187' title='bbox 2641 2370 2743 2423; x_wconf 89' lang='lat' dir='ltr'><strong><em>:et</em></strong></span> <span class='ocrx_word' id='word_1_188' title='bbox 2768 2361 2853 2423; x_wconf 82' lang='lat' dir='ltr'><strong><em>ita</em></strong></span> <span class='ocrx_word' id='word_1_189' title='bbox 2874 2380 2948 2424; x_wconf 86' lang='lat' dir='ltr'><strong><em>ex</em></strong></span> <span class='ocrx_word' id='word_1_190' title='bbox 2980 2361 3237 2425; x_wconf 88' lang='lat' dir='ltr'><strong><em>illorum</em></strong></span> <span class='ocrx_word' id='word_1_191' title='bbox 3260 2381 3406 2425; x_wconf 87' lang='lat' dir='ltr'><strong><em>con-</em></strong></span> 
     </span>
     <span class='ocr_line' id='line_1_37' title="bbox 1920 2457 3404 2541; baseline 0.001 -21"><span class='ocrx_word' id='word_1_192' title='bbox 1920 2457 2064 2521; x_wconf 92' lang='lat' dir='ltr'><strong><em>silio</em></strong></span> <span class='ocrx_word' id='word_1_193' title='bbox 2096 2458 2367 2521; x_wconf 88' lang='lat' dir='ltr'><strong><em>incurrit</em></strong></span> <span class='ocrx_word' id='word_1_194' title='bbox 2410 2459 2728 2541; x_wconf 77' lang='lat' dir='ltr'>triplicem</span> <span class='ocrx_word' id='word_1_195' title='bbox 2774 2469 3066 2538; x_wconf 88' lang='lat' dir='ltr'><strong><em>mortem,</em></strong></span> <span class='ocrx_word' id='word_1_196' title='bbox 3101 2461 3404 2533; x_wconf 83' lang='lat' dir='ltr'><strong><em>videlicet</em></strong></span> 
     </span>
     <span class='ocr_line' id='line_1_38' title="bbox 1919 2557 3411 2641; baseline 0.005 -24"><span class='ocrx_word' id='word_1_197' title='bbox 1919 2565 2189 2619; x_wconf 82' lang='lat' dir='ltr'><strong><em>mortem</em></strong></span> <span class='ocrx_word' id='word_1_198' title='bbox 2226 2557 2431 2639; x_wconf 83' lang='lat' dir='ltr'><strong><em>culpae</em></strong></span> <span class='ocrx_word' id='word_1_199' title='bbox 2468 2558 2777 2635; x_wconf 79' lang='lat' dir='ltr'><strong><em>mortaliS‚</em></strong></span> <span class='ocrx_word' id='word_1_200' title='bbox 2822 2568 2885 2622; x_wconf 86' lang='lat' dir='ltr'><strong><em>et</em></strong></span> <span class='ocrx_word' id='word_1_201' title='bbox 2926 2560 3273 2641; x_wconf 83' lang='lat' dir='ltr'><strong><em>corporalis</em></strong></span> <span class='ocrx_word' id='word_1_202' title='bbox 3310 2578 3411 2623; x_wconf 93' lang='lat' dir='ltr'><strong><em>oc-</em></strong></span> 
     </span>
     <span class='ocr_line' id='line_1_39' title="bbox 1919 2654 3125 2736; baseline 0.002 -19"><span class='ocrx_word' id='word_1_203' title='bbox 1919 2654 2207 2733; x_wconf 82' lang='lat' dir='ltr'><strong><em>cisioniS,</em></strong></span> <span class='ocrx_word' id='word_1_204' title='bbox 2240 2664 2433 2736; x_wconf 88' lang='lat' dir='ltr'><strong><em>atque</em></strong></span> <span class='ocrx_word' id='word_1_205' title='bbox 2464 2656 2737 2719; x_wconf 72' lang='lat' dir='ltr'><strong><em>miseriae</em></strong></span> <span class='ocrx_word' id='word_1_206' title='bbox 2766 2656 3125 2721; x_wconf 78' lang='lat' dir='ltr'><strong><em>infernalis,</em></strong></span> 
     </span>
    </p>
   </div>
   <div class='ocr_carea' id='block_1_16' title="bbox 325 2756 3411 2839">
    <p class='ocr_par' dir='ltr' id='par_1_16' title="bbox 325 2756 3411 2839">
     <span class='ocr_line' id='line_1_40' title="bbox 325 2756 3411 2839; baseline -0 -21"><span class='ocrx_word' id='word_1_207' title='bbox 325 2762 456 2820; x_wconf 78' lang='lat' dir='ltr'><strong><em>zias</em></strong></span> <span class='ocrx_word' id='word_1_208' title='bbox 482 2780 690 2839; x_wconf 84' lang='lat' dir='ltr'><strong><em>quum</em></strong></span> <span class='ocrx_word' id='word_1_209' title='bbox 731 2778 1006 2835; x_wconf 73' lang='lat' dir='ltr'><strong><em>reynare</em></strong></span> <span class='ocrx_word' id='word_1_210' title='bbox 1045 2757 1352 2833; x_wconf 64' lang='lat' dir='ltr'><strong><em>coepisset,</em></strong></span> <span class='ocrx_word' id='word_1_211' title='bbox 1383 2766 1442 2816; x_wconf 86' lang='lat' dir='ltr'><strong><em>et</em></strong></span> <span class='ocrx_word' id='word_1_212' title='bbox 1481 2775 1609 2815; x_wconf 87' lang='lat' dir='ltr'><strong><em>uno</em></strong></span> <span class='ocrx_word' id='word_1_213' title='bbox 1639 2775 1810 2815; x_wconf 87' lang='lat' dir='ltr'><strong><em>anno</em></strong></span> <span class='ocrx_word' id='word_1_214' title='bbox 1850 2757 1896 2819; x_wconf 92' lang='lat' dir='ltr'>B</span> <span class='ocrx_word' id='word_1_215' title='bbox 2001 2756 2086 2815; x_wconf 88' lang='lat' dir='ltr'><strong><em>Et</em></strong></span> <span class='ocrx_word' id='word_1_216' title='bbox 2109 2756 2398 2829; x_wconf 69' lang='lat' dir='ltr'><strong><em>perrexit</em></strong></span> <span class='ocrx_word' id='word_1_217' title='bbox 2426 2775 2573 2815; x_wconf 86' lang='lat' dir='ltr'><strong><em>cum</em></strong></span> <span class='ocrx_word' id='word_1_218' title='bbox 2590 2757 2809 2815; x_wconf 86' lang='lat' dir='ltr'><strong><em>Joram</em></strong></span> <span class='ocrx_word' id='word_1_219' title='bbox 2835 2756 2975 2832; x_wconf 78' lang='lat' dir='ltr'><strong><em>filio</em></strong></span> <span class='ocrx_word' id='word_1_220' title='bbox 2998 2758 3241 2825; x_wconf 76' lang='lat' dir='ltr'><strong><em>Achab,</em></strong></span> <span class='ocrx_word' id='word_1_221' title='bbox 3264 2777 3411 2834; x_wconf 71' lang='lat' dir='ltr'><strong><em>reqe</em></strong></span> 
     </span>
    </p>
   </div>
   <div class='ocr_carea' id='block_1_17' title="bbox 325 2854 1816 3921">
    <p class='ocr_par' dir='ltr' id='par_1_17' title="bbox 325 2854 1816 3921">
     <span class='ocr_line' id='line_1_41' title="bbox 325 2854 1812 2936; baseline 0 -19"><span class='ocrx_word' id='word_1_222' title='bbox 325 2860 618 2935; x_wconf 70' lang='lat' dir='ltr'><strong><em>reynavt‘t</em></strong></span> <span class='ocrx_word' id='word_1_223' title='bbox 663 2860 738 2917; x_wconf 83' lang='lat' dir='ltr'><strong><em>in</em></strong></span> <span class='ocrx_word' id='word_1_224' title='bbox 782 2858 1140 2917; x_wconf 76' lang='lat' dir='ltr'><strong><em>Jerusalem</em></strong></span> <span class='ocrx_word' id='word_1_225' title='bbox 1185 2876 1207 2915; x_wconf 91' lang='lat'><strong><em>.·</em></strong></span> <span class='ocrx_word' id='word_1_226' title='bbox 1249 2854 1554 2936; x_wconf 86' lang='lat' dir='ltr'><strong><em>quoniam</em></strong></span> <span class='ocrx_word' id='word_1_227' title='bbox 1601 2854 1812 2935; x_wconf 89' lang='lat' dir='ltr'><strong><em>primo</em></strong></span> 
     </span>
     <span class='ocr_line' id='line_1_42' title="bbox 327 2950 1816 3036; baseline -0.003 -19"><span class='ocrx_word' id='word_1_228' title='bbox 327 2975 486 3019; x_wconf 88' lang='lat' dir='ltr'><strong><em>anno</em></strong></span> <span class='ocrx_word' id='word_1_229' title='bbox 516 2955 700 3036; x_wconf 83' lang='lat' dir='ltr'><strong><em>regni</em></strong></span> <span class='ocrx_word' id='word_1_230' title='bbox 732 2954 833 3016; x_wconf 91' lang='lat' dir='ltr'><strong><em>sui</em></strong></span> <span class='ocrx_word' id='word_1_231' title='bbox 865 2953 990 3015; x_wconf 86' lang='lat' dir='ltr'><strong><em>fuit</em></strong></span> <span class='ocrx_word' id='word_1_232' title='bbox 1019 2973 1056 3015; x_wconf 97' lang='lat' dir='ltr'><strong><em>a</em></strong></span> <span class='ocrx_word' id='word_1_233' title='bbox 1074 2952 1232 3015; x_wconf 87' lang='lat' dir='ltr'><strong><em>Jehu</em></strong></span> <span class='ocrx_word' id='word_1_234' title='bbox 1261 2951 1531 3015; x_wconf 87' lang='lat' dir='ltr'><strong><em>occisus.</em></strong></span> <span class='ocrx_word' id='word_1_235' title='bbox 1557 2950 1676 3014; x_wconf 89' lang='lat' dir='ltr'><strong><em>Sed</em></strong></span> <span class='ocrx_word' id='word_1_236' title='bbox 1698 2952 1816 3014; x_wconf 88' lang='lat' dir='ltr'><strong><em>ori·</em></strong></span> 
     </span>
     <span class='ocr_line' id='line_1_43' title="bbox 330 3050 1814 3134; baseline -0.003 -18"><span class='ocrx_word' id='word_1_237' title='bbox 330 3062 425 3115; x_wconf 87' lang='lat' dir='ltr'><strong><em>tur</em></strong></span> <span class='ocrx_word' id='word_1_238' title='bbox 453 3052 745 3130; x_wconf 89' lang='lat' dir='ltr'><strong><em>dubium,</em></strong></span> <span class='ocrx_word' id='word_1_239' title='bbox 777 3051 1053 3134; x_wconf 79' lang='lat' dir='ltr'><strong><em>qualiter</em></strong></span> <span class='ocrx_word' id='word_1_240' title='bbox 1080 3050 1380 3114; x_wconf 86' lang='lat' dir='ltr'><strong><em>Ochozias</em></strong></span> <span class='ocrx_word' id='word_1_241' title='bbox 1412 3057 1658 3132; x_wconf 87' lang='lat' dir='ltr'><strong><em>poterat</em></strong></span> <span class='ocrx_word' id='word_1_242' title='bbox 1675 3068 1814 3113; x_wconf 91' lang='lat' dir='ltr'><strong><em>esse</em></strong></span> 
     </span>
     <span class='ocr_line' id='line_1_44' title="bbox 329 3148 1816 3233; baseline -0.003 -19"><span class='ocrx_word' id='word_1_243' title='bbox 329 3152 744 3233; x_wconf 86' lang='lat' dir='ltr'><strong><em>quadraginta</em></strong></span> <span class='ocrx_word' id='word_1_244' title='bbox 766 3151 1038 3213; x_wconf 88' lang='lat' dir='ltr'><strong><em>duorum</em></strong></span> <span class='ocrx_word' id='word_1_245' title='bbox 1070 3168 1408 3225; x_wconf 85' lang='lat' dir='ltr'><strong><em>annorum,</em></strong></span> <span class='ocrx_word' id='word_1_246' title='bbox 1434 3149 1586 3210; x_wconf 90' lang='lat' dir='ltr'><strong><em>dum</em></strong></span> <span class='ocrx_word' id='word_1_247' title='bbox 1618 3148 1816 3229; x_wconf 89' lang='lat' dir='ltr'><strong><em>coepit</em></strong></span> 
     </span>
     <span class='ocr_line' id='line_1_45' title="bbox 331 3246 1816 3332; baseline -0.001 -21"><span class='ocrx_word' id='word_1_248' title='bbox 331 3269 606 3330; x_wconf 85' lang='lat' dir='ltr'><strong><em>regnare,</em></strong></span> <span class='ocrx_word' id='word_1_249' title='bbox 623 3268 826 3332; x_wconf 87' lang='lat' dir='ltr'><strong><em>quum</em></strong></span> <span class='ocrx_word' id='word_1_250' title='bbox 856 3256 1084 3329; x_wconf 85' lang='lat' dir='ltr'><strong><em>quarto</em></strong></span> <span class='ocrx_word' id='word_1_251' title='bbox 1105 3246 1346 3328; x_wconf 83' lang='lat' dir='ltr'><strong><em>Regum</em></strong></span> <span class='ocrx_word' id='word_1_252' title='bbox 1372 3246 1537 3310; x_wconf 91' lang='lat' dir='ltr'><strong><em>libro</em></strong></span> <span class='ocrx_word' id='word_1_253' title='bbox 1567 3266 1640 3311; x_wconf 88' lang='lat' dir='ltr'><strong><em>ac</em></strong></span> <span class='ocrx_word' id='word_1_254' title='bbox 1661 3265 1816 3330; x_wconf 81' lang='lat' dir='ltr'><strong><em>prae-</em></strong></span> 
     </span>
     <span class='ocr_line' id='line_1_46' title="bbox 331 3345 1814 3427; baseline -0.004 -15"><span class='ocrx_word' id='word_1_255' title='bbox 331 3349 571 3412; x_wconf 77' lang='lat' dir='ltr'><strong><em>cedenti</em></strong></span> <span class='ocrx_word' id='word_1_256' title='bbox 599 3348 848 3411; x_wconf 86' lang='lat' dir='ltr'><strong><em>dicatur</em></strong></span> <span class='ocrx_word' id='word_1_257' title='bbox 879 3345 1182 3427; x_wconf 84' lang='lat' dir='ltr'><strong><em>capitulo,</em></strong></span> <span class='ocrx_word' id='word_1_258' title='bbox 1202 3346 1374 3427; x_wconf 92' lang='lat' dir='ltr'><strong><em>quod</em></strong></span> <span class='ocrx_word' id='word_1_259' title='bbox 1405 3346 1612 3409; x_wconf 88' lang='lat' dir='ltr'><strong><em>Joram</em></strong></span> <span class='ocrx_word' id='word_1_260' title='bbox 1634 3353 1814 3427; x_wconf 87' lang='lat' dir='ltr'><strong><em>pater</em></strong></span> 
     </span>
     <span class='ocr_line' id='line_1_47' title="bbox 331 3444 1816 3527; baseline -0.003 -17"><span class='ocrx_word' id='word_1_261' title='bbox 331 3448 462 3527; x_wconf 84' lang='lat' dir='ltr'><strong><em>ejus</em></strong></span> <span class='ocrx_word' id='word_1_262' title='bbox 503 3446 765 3527; x_wconf 83' lang='lat' dir='ltr'><strong><em>triginta</em></strong></span> <span class='ocrx_word' id='word_1_263' title='bbox 807 3445 1078 3508; x_wconf 90' lang='lat' dir='ltr'><strong><em>duorum</em></strong></span> <span class='ocrx_word' id='word_1_264' title='bbox 1114 3452 1250 3506; x_wconf 88' lang='lat' dir='ltr'><strong><em>erat</em></strong></span> <span class='ocrx_word' id='word_1_265' title='bbox 1291 3462 1627 3520; x_wconf 85' lang='lat' dir='ltr'><strong><em>annorum,</em></strong></span> <span class='ocrx_word' id='word_1_266' title='bbox 1663 3444 1816 3505; x_wconf 88' lang='lat' dir='ltr'><strong><em>dum</em></strong></span> 
     </span>
     <span class='ocr_line' id='line_1_48' title="bbox 332 3541 1816 3626; baseline -0.002 -20"><span class='ocrx_word' id='word_1_267' title='bbox 332 3544 518 3626; x_wconf 88' lang='lat' dir='ltr'><strong><em>coepit</em></strong></span> <span class='ocrx_word' id='word_1_268' title='bbox 547 3562 835 3625; x_wconf 85' lang='lat' dir='ltr'><strong><em>regnare,</em></strong></span> <span class='ocrx_word' id='word_1_269' title='bbox 871 3552 934 3606; x_wconf 92' lang='lat' dir='ltr'><strong><em>et</em></strong></span> <span class='ocrx_word' id='word_1_270' title='bbox 963 3550 1105 3605; x_wconf 89' lang='lat' dir='ltr'><strong><em>octo</em></strong></span> <span class='ocrx_word' id='word_1_271' title='bbox 1133 3541 1321 3603; x_wconf 86' lang='lat' dir='ltr'><strong><em>annis</em></strong></span> <span class='ocrx_word' id='word_1_272' title='bbox 1352 3542 1663 3621; x_wconf 86' lang='lat' dir='ltr'><strong><em>regnavit,</em></strong></span> <span class='ocrx_word' id='word_1_273' title='bbox 1698 3542 1816 3604; x_wconf 88' lang='lat' dir='ltr'><strong><em>sic-</em></strong></span> 
     </span>
     <span class='ocr_line' id='line_1_49' title="bbox 332 3640 1816 3725; baseline 0 -21"><span class='ocrx_word' id='word_1_274' title='bbox 332 3662 450 3724; x_wconf 82' lang='lat' dir='ltr'><strong><em>que</em></strong></span> <span class='ocrx_word' id='word_1_275' title='bbox 478 3641 1024 3725; x_wconf 85' lang='lat' dir='ltr'><strong><em>quadragenarius</em></strong></span> <span class='ocrx_word' id='word_1_276' title='bbox 1066 3640 1248 3703; x_wconf 89' lang='lat' dir='ltr'><strong><em>obiit.</em></strong></span> <span class='ocrx_word' id='word_1_277' title='bbox 1293 3641 1554 3716; x_wconf 87' lang='lat' dir='ltr'><strong><em>Rursus,</em></strong></span> <span class='ocrx_word' id='word_1_278' title='bbox 1586 3649 1816 3722; x_wconf 88' lang='lat' dir='ltr'><strong><em>quarto</em></strong></span> 
     </span>
     <span class='ocr_line' id='line_1_50' title="bbox 333 3738 1812 3822; baseline 0 -20"><span class='ocrx_word' id='word_1_279' title='bbox 333 3742 560 3822; x_wconf 82' lang='lat' dir='ltr'><strong><em>Regum</em></strong></span> <span class='ocrx_word' id='word_1_280' title='bbox 593 3741 761 3803; x_wconf 90' lang='lat' dir='ltr'><strong><em>libro</em></strong></span> <span class='ocrx_word' id='word_1_281' title='bbox 799 3738 1128 3815; x_wconf 86' lang='lat' dir='ltr'><strong><em>asseritur,</em></strong></span> <span class='ocrx_word' id='word_1_282' title='bbox 1163 3740 1334 3820; x_wconf 89' lang='lat' dir='ltr'><strong><em>quod</em></strong></span> <span class='ocrx_word' id='word_1_283' title='bbox 1365 3738 1669 3802; x_wconf 87' lang='lat' dir='ltr'><strong><em>Ochozias</em></strong></span> <span class='ocrx_word' id='word_1_284' title='bbox 1714 3758 1812 3802; x_wconf 88' lang='lat' dir='ltr'><strong><em>re-</em></strong></span> 
     </span>
     <span class='ocr_line' id='line_1_51' title="bbox 334 3837 1816 3921; baseline -0.002 -20"><span class='ocrx_word' id='word_1_285' title='bbox 334 3859 518 3921; x_wconf 86' lang='lat' dir='ltr'><strong><em>gnare</em></strong></span> <span class='ocrx_word' id='word_1_286' title='bbox 553 3859 816 3903; x_wconf 83' lang='lat' dir='ltr'><strong><em>exorsus</em></strong></span> <span class='ocrx_word' id='word_1_287' title='bbox 855 3847 973 3915; x_wconf 88' lang='lat' dir='ltr'><strong><em>est,</em></strong></span> <span class='ocrx_word' id='word_1_288' title='bbox 1006 3839 1159 3901; x_wconf 92' lang='lat' dir='ltr'><strong><em>dum</em></strong></span> <span class='ocrx_word' id='word_1_289' title='bbox 1205 3846 1338 3900; x_wconf 84' lang='lat' dir='ltr'><strong><em>erat</em></strong></span> <span class='ocrx_word' id='word_1_290' title='bbox 1381 3856 1693 3900; x_wconf 88' lang='lat' dir='ltr'><strong><em>annorum</em></strong></span> <span class='ocrx_word' id='word_1_291' title='bbox 1724 3837 1816 3900; x_wconf 85' lang='lat' dir='ltr'><strong><em>vi-</em></strong></span> 
     </span>
    </p>
   </div>
   <div class='ocr_carea' id='block_1_18' title="bbox 1921 2854 3500 3924">
    <p class='ocr_par' dir='ltr' id='par_1_18' title="bbox 1921 2854 3500 3924">
     <span class='ocr_line' id='line_1_52' title="bbox 1921 2854 3500 2933; baseline 0.004 -21"><span class='ocrx_word' id='word_1_292' title='bbox 1921 2854 2150 2919; x_wconf 75' lang='lat' dir='ltr'><strong><em>Israel,</em></strong></span> <span class='ocrx_word' id='word_1_293' title='bbox 2174 2854 2245 2913; x_wconf 83' lang='lat' dir='ltr'><strong><em>in</em></strong></span> <span class='ocrx_word' id='word_1_294' title='bbox 2276 2856 2513 2913; x_wconf 82' lang='lat' dir='ltr'><strong><em>bellum</em></strong></span> <span class='ocrx_word' id='word_1_295' title='bbox 2537 2864 2761 2915; x_wconf 83' lang='lat' dir='ltr'><strong><em>contra</em></strong></span> <span class='ocrx_word' id='word_1_296' title='bbox 2790 2857 3039 2915; x_wconf 77' lang='lat' dir='ltr'><strong><em>Hazael</em></strong></span> <span class='ocrx_word' id='word_1_297' title='bbox 3065 2876 3275 2931; x_wconf 70' lang='lat' dir='ltr'><strong><em>reyem</em></strong></span> <span class='ocrx_word' id='word_1_298' title='bbox 3296 2859 3413 2933; x_wconf 84' lang='lat' dir='ltr'><strong><em>Sy·</em></strong></span> <span class='ocrx_word' id='word_1_299' title='bbox 3493 2900 3500 2908; x_wconf 90' lang='lat'>-</span> 
     </span>
     <span class='ocr_line' id='line_1_53' title="bbox 1923 2952 3415 3033; baseline 0.003 -24"><span class='ocrx_word' id='word_1_300' title='bbox 1923 2952 2065 3017; x_wconf 82' lang='lat' dir='ltr'><strong><em>rz‘oe,</em></strong></span> <span class='ocrx_word' id='word_1_301' title='bbox 2083 2952 2159 3011; x_wconf 84' lang='lat' dir='ltr'><strong><em>in</em></strong></span> <span class='ocrx_word' id='word_1_302' title='bbox 2176 2953 2455 3012; x_wconf 77' lang='lat' dir='ltr'><strong><em>Ramotlz</em></strong></span> <span class='ocrx_word' id='word_1_303' title='bbox 2478 2954 2769 3024; x_wconf 81' lang='lat' dir='ltr'><strong><em>Galaad,·</em></strong></span> <span class='ocrx_word' id='word_1_304' title='bbox 2790 2956 3415 3033; x_wconf 79' lang='lat' dir='ltr'><strong><em>vulneraveruntque</em></strong></span> 
     </span>
     <span class='ocr_line' id='line_1_54' title="bbox 1923 3052 3407 3126; baseline -0.001 -14"><span class='ocrx_word' id='word_1_305' title='bbox 1923 3052 2086 3126; x_wconf 78' lang='lat' dir='ltr'><strong><em>Syri</em></strong></span> <span class='ocrx_word' id='word_1_306' title='bbox 2111 3052 2354 3110; x_wconf 86' lang='lat' dir='ltr'><strong><em>Joram.</em></strong></span> <span class='ocrx_word' id='word_1_307' title='bbox 2384 3052 2511 3120; x_wconf 82' lang='lat' dir='ltr'><strong><em>Qui</em></strong></span> <span class='ocrx_word' id='word_1_308' title='bbox 2539 3072 2829 3111; x_wconf 78' lang='lat' dir='ltr'><strong><em>reversus</em></strong></span> <span class='ocrx_word' id='word_1_309' title='bbox 2856 3062 2945 3112; x_wconf 84' lang='lat' dir='ltr'><strong><em>est</em></strong></span> <span class='ocrx_word' id='word_1_310' title='bbox 2971 3062 3041 3113; x_wconf 90' lang='lat' dir='ltr'><strong><em>ut</em></strong></span> <span class='ocrx_word' id='word_1_311' title='bbox 3066 3063 3407 3114; x_wconf 74' lang='lat' dir='ltr'><strong><em>curaretur</em></strong></span> 
     </span>
     <span class='ocr_line' id='line_1_55' title="bbox 1925 3151 3410 3229; baseline 0.003 -22"><span class='ocrx_word' id='word_1_312' title='bbox 1925 3151 1998 3209; x_wconf 76' lang='lat' dir='ltr'><strong><em>in</em></strong></span> <span class='ocrx_word' id='word_1_313' title='bbox 2023 3152 2295 3210; x_wconf 77' lang='lat' dir='ltr'><strong><em>Jezrael.</em></strong></span> <span class='ocrx_word' id='word_1_314' title='bbox 2331 3152 2573 3211; x_wconf 81' lang='lat' dir='ltr'><strong><em>Multas</em></strong></span> <span class='ocrx_word' id='word_1_315' title='bbox 2614 3154 2789 3211; x_wconf 76' lang='lat' dir='ltr'><strong><em>enim</em></strong></span> <span class='ocrx_word' id='word_1_316' title='bbox 2820 3156 3052 3229; x_wconf 68' lang='lat' dir='ltr'><strong><em>playa-s</em></strong></span> <span class='ocrx_word' id='word_1_317' title='bbox 3085 3162 3410 3229; x_wconf 80' lang='lat' dir='ltr'><strong><em>acceperat</em></strong></span> 
     </span>
     <span class='ocr_line' id='line_1_56' title="bbox 1924 3249 3410 3327; baseline 0.001 -20"><span class='ocrx_word' id='word_1_318' title='bbox 1924 3249 1998 3307; x_wconf 85' lang='lat' dir='ltr'><strong><em>in</em></strong></span> <span class='ocrx_word' id='word_1_319' title='bbox 2030 3250 2401 3324; x_wconf 79' lang='lat' dir='ltr'><strong><em>supradicto</em></strong></span> <span class='ocrx_word' id='word_1_320' title='bbox 2443 3252 2809 3310; x_wconf 76' lang='lat' dir='ltr'><strong><em>certamine.</em></strong></span> <span class='ocrx_word' id='word_1_321' title='bbox 2844 3253 3060 3327; x_wconf 75' lang='lat' dir='ltr'><strong><em>Iyitur</em></strong></span> <span class='ocrx_word' id='word_1_322' title='bbox 3106 3252 3410 3313; x_wconf 77' lang='lat' dir='ltr'><strong><em>Ochozias</em></strong></span> 
     </span>
     <span class='ocr_line' id='line_1_57' title="bbox 1921 3347 3413 3421; baseline 0.003 -18"><span class='ocrx_word' id='word_1_323' title='bbox 1921 3347 2104 3421; x_wconf 75' lang='lat' dir='ltr'><strong><em>filius</em></strong></span> <span class='ocrx_word' id='word_1_324' title='bbox 2129 3348 2373 3413; x_wconf 86' lang='lat' dir='ltr'><strong><em>Joram,</em></strong></span> <span class='ocrx_word' id='word_1_325' title='bbox 2404 3366 2521 3405; x_wconf 72' lang='lat' dir='ltr'><strong><em>rea:</em></strong></span> <span class='ocrx_word' id='word_1_326' title='bbox 2546 3349 2744 3415; x_wconf 81' lang='lat' dir='ltr'><strong><em>Juda,</em></strong></span> <span class='ocrx_word' id='word_1_327' title='bbox 2774 3350 3097 3409; x_wconf 79' lang='lat' dir='ltr'><strong><em>descendit</em></strong></span> <span class='ocrx_word' id='word_1_328' title='bbox 3138 3358 3210 3410; x_wconf 86' lang='lat' dir='ltr'><strong><em>ut</em></strong></span> <span class='ocrx_word' id='word_1_329' title='bbox 3242 3350 3413 3409; x_wconf 79' lang='lat' dir='ltr'><strong><em>invi-</em></strong></span> 
     </span>
     <span class='ocr_line' id='line_1_58' title="bbox 1923 3443 3409 3525; baseline 0.005 -23"><span class='ocrx_word' id='word_1_330' title='bbox 1923 3454 2082 3504; x_wconf 79' lang='lat' dir='ltr'><strong><em>seret</em></strong></span> <span class='ocrx_word' id='word_1_331' title='bbox 2134 3447 2355 3504; x_wconf 87' lang='lat' dir='ltr'><strong><em>Joram</em></strong></span> <span class='ocrx_word' id='word_1_332' title='bbox 2406 3443 2665 3507; x_wconf 77' lang='lat' dir='ltr'><strong><em>fratrem</em></strong></span> <span class='ocrx_word' id='word_1_333' title='bbox 2710 3446 2928 3509; x_wconf 85' lang='lat' dir='ltr'><strong><em>matris</em></strong></span> <span class='ocrx_word' id='word_1_334' title='bbox 2986 3466 3138 3523; x_wconf 77' lang='lat' dir='ltr'><strong><em>suae,</em></strong></span> <span class='ocrx_word' id='word_1_335' title='bbox 3189 3451 3409 3525; x_wconf 76' lang='lat' dir='ltr'><strong><em>filium</em></strong></span> 
     </span>
     <span class='ocr_line' id='line_1_59' title="bbox 1925 3545 3414 3622; baseline 0.003 -18"><span class='ocrx_word' id='word_1_336' title='bbox 1925 3545 2170 3611; x_wconf 78' lang='lat' dir='ltr'><strong><em>Achab,</em></strong></span> <span class='ocrx_word' id='word_1_337' title='bbox 2202 3546 2273 3603; x_wconf 74' lang='lat' dir='ltr'><strong><em>in</em></strong></span> <span class='ocrx_word' id='word_1_338' title='bbox 2299 3546 2551 3604; x_wconf 80' lang='lat' dir='ltr'><strong><em>Jezraet</em></strong></span> <span class='ocrx_word' id='word_1_339' title='bbox 2580 3556 3011 3622; x_wconf 72' lang='lat' dir='ltr'><strong><em>oeyrotantem.</em></strong></span> <span class='ocrx_word' id='word_1_340' title='bbox 3052 3550 3414 3609; x_wconf 76' lang='lat' dir='ltr'><strong><em>Voluntatis</em></strong></span> 
     </span>
     <span class='ocr_line' id='line_1_60' title="bbox 1926 3643 3414 3721; baseline 0.005 -19"><span class='ocrx_word' id='word_1_341' title='bbox 1926 3644 2161 3721; x_wconf 77' lang='lat' dir='ltr'><strong><em>quippe</em></strong></span> <span class='ocrx_word' id='word_1_342' title='bbox 2196 3645 2319 3705; x_wconf 83' lang='lat' dir='ltr'><strong><em>Dei</em></strong></span> <span class='ocrx_word' id='word_1_343' title='bbox 2362 3643 2499 3720; x_wconf 80' lang='lat' dir='ltr'><strong><em>suit</em></strong></span> <span class='ocrx_word' id='word_1_344' title='bbox 2540 3648 2845 3706; x_wconf 81' lang='lat' dir='ltr'><strong><em>adversus</em></strong></span> <span class='ocrx_word' id='word_1_345' title='bbox 2888 3648 3251 3715; x_wconf 65' lang='lat' dir='ltr'><strong><em>Oclzoziam,</em></strong></span> <span class='ocrx_word' id='word_1_346' title='bbox 3292 3647 3414 3710; x_wconf 84' lang='lat' dir='ltr'><strong><em>hoc</em></strong></span> 
     </span>
     <span class='ocr_line' id='line_1_61' title="bbox 1925 3740 3410 3822; baseline 0.002 -19"><span class='ocrx_word' id='word_1_347' title='bbox 1925 3748 2041 3815; x_wconf 87' lang='lat' dir='ltr'><strong><em>est,</em></strong></span> <span class='ocrx_word' id='word_1_348' title='bbox 2069 3740 2134 3804; x_wconf 93' lang='lat' dir='ltr'><strong><em>in</em></strong></span> <span class='ocrx_word' id='word_1_349' title='bbox 2155 3740 2295 3821; x_wconf 90' lang='lat' dir='ltr'><strong><em>ejus</em></strong></span> <span class='ocrx_word' id='word_1_350' title='bbox 2322 3741 2563 3822; x_wconf 85' lang='lat' dir='ltr'><strong><em>justum</em></strong></span> <span class='ocrx_word' id='word_1_351' title='bbox 2588 3742 2937 3821; x_wconf 86' lang='lat' dir='ltr'><strong><em>interitum,</em></strong></span> <span class='ocrx_word' id='word_1_352' title='bbox 2965 3755 3037 3805; x_wconf 87' lang='lat' dir='ltr'><strong><em>ut</em></strong></span> <span class='ocrx_word' id='word_1_353' title='bbox 3062 3747 3302 3806; x_wconf 78' lang='lat' dir='ltr'><strong><em>veniret</em></strong></span> <span class='ocrx_word' id='word_1_354' title='bbox 3322 3748 3410 3805; x_wconf 84' lang='lat' dir='ltr'><strong><em>ad</em></strong></span> 
     </span>
     <span class='ocr_line' id='line_1_62' title="bbox 1923 3839 3409 3924; baseline 0.004 -25"><span class='ocrx_word' id='word_1_355' title='bbox 1923 3842 2171 3907; x_wconf 59' lang='lat' dir='ltr'><strong><em>,lor-am,</em></strong></span> <span class='ocrx_word' id='word_1_356' title='bbox 2202 3847 2271 3901; x_wconf 88' lang='lat' dir='ltr'><strong><em>ut</em></strong></span> <span class='ocrx_word' id='word_1_357' title='bbox 2304 3839 2547 3903; x_wconf 87' lang='lat' dir='ltr'><strong><em>scilicet</em></strong></span> <span class='ocrx_word' id='word_1_358' title='bbox 2583 3841 2775 3903; x_wconf 90' lang='lat' dir='ltr'><strong><em>simul</em></strong></span> <span class='ocrx_word' id='word_1_359' title='bbox 2818 3860 2963 3903; x_wconf 89' lang='lat' dir='ltr'><strong><em>cum</em></strong></span> <span class='ocrx_word' id='word_1_360' title='bbox 3014 3844 3154 3924; x_wconf 91' lang='lat' dir='ltr'><strong><em>ipso</em></strong></span> <span class='ocrx_word' id='word_1_361' title='bbox 3200 3842 3409 3905; x_wconf 86' lang='lat' dir='ltr'><strong><em>Joram</em></strong></span> 
     </span>
    </p>
   </div>
   <div class='ocr_carea' id='block_1_19' title="bbox 333 3936 3416 4019">
    <p class='ocr_par' dir='ltr' id='par_1_19' title="bbox 333 3936 3416 4019">
     <span class='ocr_line' id='line_1_63' title="bbox 333 3936 3416 4019; baseline 0.001 -19"><span class='ocrx_word' id='word_1_362' title='bbox 333 3939 484 4018; x_wconf 83' lang='lat' dir='ltr'><strong><em>ginti</em></strong></span> <span class='ocrx_word' id='word_1_363' title='bbox 513 3939 810 4003; x_wconf 85' lang='lat' dir='ltr'><strong><em>duorum.</em></strong></span> <span class='ocrx_word' id='word_1_364' title='bbox 845 3938 936 3999; x_wconf 87' lang='lat' dir='ltr'><strong><em>Ad</em></strong></span> <span class='ocrx_word' id='word_1_365' title='bbox 971 3936 1092 4000; x_wconf 89' lang='lat' dir='ltr'><strong><em>hoc</em></strong></span> <span class='ocrx_word' id='word_1_366' title='bbox 1131 3936 1522 4018; x_wconf 86' lang='lat' dir='ltr'><strong><em>expositores</em></strong></span> <span class='ocrx_word' id='word_1_367' title='bbox 1561 3954 1821 4017; x_wconf 86' lang='lat' dir='ltr'><strong><em>respon·</em></strong></span> <span class='ocrx_word' id='word_1_368' title='bbox 1854 3943 1898 4007; x_wconf 89' lang='lat' dir='ltr'>C</span> <span class='ocrx_word' id='word_1_369' title='bbox 1927 3938 2321 4002; x_wconf 79' lang='lat' dir='ltr'><strong><em>occideretur</em></strong></span> <span class='ocrx_word' id='word_1_370' title='bbox 2359 3958 2396 4001; x_wconf 90' lang='lat' dir='ltr'><strong><em>a</em></strong></span> <span class='ocrx_word' id='word_1_371' title='bbox 2424 3939 2622 4015; x_wconf 81' lang='lat' dir='ltr'><strong><em>Jehu3</em></strong></span> <span class='ocrx_word' id='word_1_372' title='bbox 2671 3950 2731 4000; x_wconf 84' lang='lat' dir='ltr'><strong><em>et</em></strong></span> <span class='ocrx_word' id='word_1_373' title='bbox 2778 3962 2980 4019; x_wconf 81' lang='lat' dir='ltr'><strong><em>quum</em></strong></span> <span class='ocrx_word' id='word_1_374' title='bbox 3032 3944 3326 4011; x_wconf 81' lang='lat' dir='ltr'><strong><em>venisset,</em></strong></span> <span class='ocrx_word' id='word_1_375' title='bbox 3358 3952 3416 4003; x_wconf 86' lang='lat' dir='ltr'><strong><em>et</em></strong></span> 
     </span>
    </p>
   </div>
   <div class='ocr_carea' id='block_1_20' title="bbox 333 4035 1824 5100">
    <p class='ocr_par' dir='ltr' id='par_1_20' title="bbox 333 4035 1823 4906">
     <span class='ocr_line' id='line_1_64' title="bbox 333 4035 1820 4121; baseline -0.002 -21"><span class='ocrx_word' id='word_1_376' title='bbox 333 4038 497 4117; x_wconf 88' lang='lat' dir='ltr'><strong><em>dent,</em></strong></span> <span class='ocrx_word' id='word_1_377' title='bbox 517 4041 687 4121; x_wconf 92' lang='lat' dir='ltr'><strong><em>quod</em></strong></span> <span class='ocrx_word' id='word_1_378' title='bbox 708 4044 869 4101; x_wconf 84' lang='lat' dir='ltr'><strong><em>teste</em></strong></span> <span class='ocrx_word' id='word_1_379' title='bbox 889 4037 1290 4119; x_wconf 83' lang='lat' dir='ltr'><strong><em>Hieronymo,</em></strong></span> <span class='ocrx_word' id='word_1_380' title='bbox 1302 4035 1512 4099; x_wconf 85' lang='lat' dir='ltr'><strong><em>Joram</em></strong></span> <span class='ocrx_word' id='word_1_381' title='bbox 1534 4036 1820 4116; x_wconf 84' lang='lat' dir='ltr'><strong><em>regnavit</em></strong></span> 
     </span>
     <span class='ocr_line' id='line_1_65' title="bbox 335 4135 1821 4220; baseline -0.001 -22"><span class='ocrx_word' id='word_1_382' title='bbox 335 4138 512 4199; x_wconf 88' lang='lat' dir='ltr'><strong><em>annis</em></strong></span> <span class='ocrx_word' id='word_1_383' title='bbox 541 4137 772 4220; x_wconf 82' lang='lat' dir='ltr'><strong><em>viginti</em></strong></span> <span class='ocrx_word' id='word_1_384' title='bbox 803 4145 946 4200; x_wconf 81' lang='lat' dir='ltr'><strong><em>octo</em></strong></span> <span class='ocrx_word' id='word_1_385' title='bbox 982 4153 996 4197; x_wconf 74' lang='grc' dir='ltr'>ε</span> <span class='ocrx_word' id='word_1_386' title='bbox 1030 4135 1140 4198; x_wconf 89' lang='lat' dir='ltr'><strong><em>sed</em></strong></span> <span class='ocrx_word' id='word_1_387' title='bbox 1179 4144 1322 4198; x_wconf 91' lang='lat' dir='ltr'><strong><em>octo</em></strong></span> <span class='ocrx_word' id='word_1_388' title='bbox 1363 4135 1515 4197; x_wconf 88' lang='lat' dir='ltr'><strong><em>anni</em></strong></span> <span class='ocrx_word' id='word_1_389' title='bbox 1561 4154 1821 4218; x_wconf 90' lang='lat' dir='ltr'><strong><em>compu-</em></strong></span> 
     </span>
     <span class='ocr_line' id='line_1_66' title="bbox 339 4232 1821 4316; baseline -0.001 -19"><span class='ocrx_word' id='word_1_390' title='bbox 339 4242 544 4298; x_wconf 85' lang='lat' dir='ltr'><strong><em>tantur</em></strong></span> <span class='ocrx_word' id='word_1_391' title='bbox 575 4237 643 4299; x_wconf 87' lang='lat' dir='ltr'><strong><em>in</em></strong></span> <span class='ocrx_word' id='word_1_392' title='bbox 689 4254 982 4310; x_wconf 86' lang='lat' dir='ltr'><strong><em>numero,</em></strong></span> <span class='ocrx_word' id='word_1_393' title='bbox 1014 4233 1170 4316; x_wconf 85' lang='lat' dir='ltr'><strong><em>quia</em></strong></span> <span class='ocrx_word' id='word_1_394' title='bbox 1205 4242 1299 4296; x_wconf 90' lang='lat' dir='ltr'><strong><em>tot</em></strong></span> <span class='ocrx_word' id='word_1_395' title='bbox 1335 4233 1522 4296; x_wconf 83' lang='lat' dir='ltr'><strong><em>annis</em></strong></span> <span class='ocrx_word' id='word_1_396' title='bbox 1561 4232 1821 4315; x_wconf 81' lang='lat' dir='ltr'><strong><em>praefuit</em></strong></span> 
     </span>
     <span class='ocr_line' id='line_1_67' title="bbox 339 4332 1819 4414; baseline -0.001 -17"><span class='ocrx_word' id='word_1_397' title='bbox 339 4332 494 4397; x_wconf 85' lang='lat' dir='ltr'><strong><em>bene</em></strong></span> <span class='ocrx_word' id='word_1_398' title='bbox 520 4360 536 4409; x_wconf 83' lang='lat'>3</span> <span class='ocrx_word' id='word_1_399' title='bbox 569 4335 765 4399; x_wconf 86' lang='lat' dir='ltr'><strong><em>ceteri</em></strong></span> <span class='ocrx_word' id='word_1_400' title='bbox 796 4332 1202 4409; x_wconf 90' lang='lat' dir='ltr'><strong><em>omittuntur,</em></strong></span> <span class='ocrx_word' id='word_1_401' title='bbox 1227 4332 1378 4414; x_wconf 90' lang='lat' dir='ltr'><strong><em>quia</em></strong></span> <span class='ocrx_word' id='word_1_402' title='bbox 1403 4332 1470 4395; x_wconf 89' lang='lat' dir='ltr'><strong><em>in</em></strong></span> <span class='ocrx_word' id='word_1_403' title='bbox 1494 4332 1588 4396; x_wconf 91' lang='lat' dir='ltr'><strong><em>eis</em></strong></span> <span class='ocrx_word' id='word_1_404' title='bbox 1619 4332 1819 4396; x_wconf 92' lang='lat' dir='ltr'><strong><em>idolo-</em></strong></span> 
     </span>
     <span class='ocr_line' id='line_1_68' title="bbox 342 4432 1822 4514; baseline 0 -21"><span class='ocrx_word' id='word_1_405' title='bbox 342 4432 534 4496; x_wconf 83' lang='lat' dir='ltr'><strong><em>latriae</em></strong></span> <span class='ocrx_word' id='word_1_406' title='bbox 569 4432 917 4497; x_wconf 84' lang='lat' dir='ltr'><strong><em>deservivit</em></strong></span> <span class='ocrx_word' id='word_1_407' title='bbox 951 4450 964 4494; x_wconf 78' lang='grc' dir='ltr'>ε</span> <span class='ocrx_word' id='word_1_408' title='bbox 999 4432 1178 4514; x_wconf 86' lang='lat' dir='ltr'><strong><em>juxta</em></strong></span> <span class='ocrx_word' id='word_1_409' title='bbox 1210 4450 1401 4513; x_wconf 88' lang='lat' dir='ltr'><strong><em>quem</em></strong></span> <span class='ocrx_word' id='word_1_410' title='bbox 1441 4450 1700 4495; x_wconf 90' lang='lat' dir='ltr'><strong><em>sensum</em></strong></span> <span class='ocrx_word' id='word_1_411' title='bbox 1728 4432 1822 4493; x_wconf 91' lang='lat' dir='ltr'><strong><em>di-</em></strong></span> 
     </span>
     <span class='ocr_line' id='line_1_69' title="bbox 341 4530 1822 4612; baseline 0.001 -21"><span class='ocrx_word' id='word_1_412' title='bbox 341 4531 499 4594; x_wconf 85' lang='lat' dir='ltr'><strong><em>citur</em></strong></span> <span class='ocrx_word' id='word_1_413' title='bbox 529 4532 674 4594; x_wconf 88' lang='lat' dir='ltr'><strong><em>Saul</em></strong></span> <span class='ocrx_word' id='word_1_414' title='bbox 717 4530 970 4595; x_wconf 91' lang='lat' dir='ltr'><strong><em>duobus</em></strong></span> <span class='ocrx_word' id='word_1_415' title='bbox 1017 4530 1204 4593; x_wconf 83' lang='lat' dir='ltr'><strong><em>annis</em></strong></span> <span class='ocrx_word' id='word_1_416' title='bbox 1253 4548 1572 4611; x_wconf 83' lang='lat' dir='ltr'><strong><em>regnasse.</em></strong></span> <span class='ocrx_word' id='word_1_417' title='bbox 1606 4531 1822 4612; x_wconf 84' lang='lat' dir='ltr'><strong><em>ltaque</em></strong></span> 
     </span>
     <span class='ocr_line' id='line_1_70' title="bbox 343 4627 1818 4711; baseline 0 -19"><span class='ocrx_word' id='word_1_418' title='bbox 343 4629 561 4711; x_wconf 79' lang='lat' dir='ltr'><strong><em>viginti</em></strong></span> <span class='ocrx_word' id='word_1_419' title='bbox 589 4630 738 4693; x_wconf 88' lang='lat' dir='ltr'><strong><em>anni</em></strong></span> <span class='ocrx_word' id='word_1_420' title='bbox 759 4629 998 4711; x_wconf 89' lang='lat' dir='ltr'><strong><em>quibus</em></strong></span> <span class='ocrx_word' id='word_1_421' title='bbox 1016 4627 1224 4691; x_wconf 85' lang='lat' dir='ltr'><strong><em>Joram</em></strong></span> <span class='ocrx_word' id='word_1_422' title='bbox 1257 4628 1545 4708; x_wconf 86' lang='lat' dir='ltr'><strong><em>regnavit</em></strong></span> <span class='ocrx_word' id='word_1_423' title='bbox 1575 4628 1818 4710; x_wconf 88' lang='lat' dir='ltr'><strong><em>inique,</em></strong></span> 
     </span>
     <span class='ocr_line' id='line_1_71' title="bbox 344 4726 1823 4810; baseline 0 -21"><span class='ocrx_word' id='word_1_424' title='bbox 344 4727 447 4807; x_wconf 89' lang='lat' dir='ltr'><strong><em>qui</em></strong></span> <span class='ocrx_word' id='word_1_425' title='bbox 491 4737 714 4810; x_wconf 85' lang='lat' dir='ltr'><strong><em>quarto</em></strong></span> <span class='ocrx_word' id='word_1_426' title='bbox 739 4728 982 4807; x_wconf 84' lang='lat' dir='ltr'><strong><em>Regum</em></strong></span> <span class='ocrx_word' id='word_1_427' title='bbox 1028 4734 1339 4803; x_wconf 86' lang='lat' dir='ltr'><strong><em>tacentur,</em></strong></span> <span class='ocrx_word' id='word_1_428' title='bbox 1374 4726 1492 4789; x_wconf 88' lang='lat' dir='ltr'><strong><em>hoc</em></strong></span> <span class='ocrx_word' id='word_1_429' title='bbox 1536 4726 1674 4789; x_wconf 89' lang='lat' dir='ltr'><strong><em>loco</em></strong></span> <span class='ocrx_word' id='word_1_430' title='bbox 1715 4746 1823 4789; x_wconf 86' lang='lat' dir='ltr'><strong><em>ne-</em></strong></span> 
     </span>
     <span class='ocr_line' id='line_1_72' title="bbox 346 4823 1338 4906; baseline -0.001 -19"><span class='ocrx_word' id='word_1_431' title='bbox 346 4833 593 4888; x_wconf 83' lang='lat' dir='ltr'><strong><em>ctuntur</em></strong></span> <span class='ocrx_word' id='word_1_432' title='bbox 621 4828 804 4889; x_wconf 90' lang='lat' dir='ltr'><strong><em>annis</em></strong></span> <span class='ocrx_word' id='word_1_433' title='bbox 837 4826 987 4889; x_wconf 79' lang='lat' dir='ltr'><strong><em>vitae</em></strong></span> <span class='ocrx_word' id='word_1_434' title='bbox 1018 4823 1145 4887; x_wconf 86' lang='lat' dir='ltr'><strong><em>l’ilii</em></strong></span> <span class='ocrx_word' id='word_1_435' title='bbox 1175 4824 1338 4906; x_wconf 87' lang='lat' dir='ltr'><strong><em>ejus.</em></strong></span> 
     </span>
    </p>

    <p class='ocr_par' dir='ltr' id='par_1_21' title="bbox 349 4925 1824 5100">
     <span class='ocr_line' id='line_1_73' title="bbox 423 4925 1824 5002; baseline 0 -17"><span class='ocrx_word' id='word_1_436' title='bbox 423 4928 504 4985; x_wconf 75' lang='lat' dir='ltr'><strong><em>Et</em></strong></span> <span class='ocrx_word' id='word_1_437' title='bbox 531 4946 750 4986; x_wconf 78' lang='lat' dir='ltr'><strong><em>nornen</em></strong></span> <span class='ocrx_word' id='word_1_438' title='bbox 781 4926 1014 4986; x_wconf 78' lang='lat' dir='ltr'><strong><em>matris</em></strong></span> <span class='ocrx_word' id='word_1_439' title='bbox 1039 4925 1180 5001; x_wconf 82' lang='lat' dir='ltr'><strong><em>ejus</em></strong></span> <span class='ocrx_word' id='word_1_440' title='bbox 1197 4926 1492 4991; x_wconf 71' lang='lat' dir='ltr'><strong><em>Athalz&#39;a,</em></strong></span> <span class='ocrx_word' id='word_1_441' title='bbox 1509 4926 1655 5002; x_wconf 77' lang='lat' dir='ltr'><strong><em>filia</em></strong></span> <span class='ocrx_word' id='word_1_442' title='bbox 1675 4927 1824 4985; x_wconf 84' lang='lat' dir='ltr'><strong><em>Am·</em></strong></span> 
     </span>
     <span class='ocr_line' id='line_1_74' title="bbox 349 5024 1823 5100; baseline 0.003 -22"><span class='ocrx_word' id='word_1_443' title='bbox 349 5024 428 5083; x_wconf 83' lang='lat' dir='ltr'><strong><em>ri.</em></strong></span> <span class='ocrx_word' id='word_1_444' title='bbox 463 5026 586 5083; x_wconf 85' lang='lat' dir='ltr'><strong><em>Sed</em></strong></span> <span class='ocrx_word' id='word_1_445' title='bbox 605 5035 662 5084; x_wconf 88' lang='lat' dir='ltr'><strong><em>et</em></strong></span> <span class='ocrx_word' id='word_1_446' title='bbox 686 5026 815 5100; x_wconf 80' lang='lat' dir='ltr'><strong><em>ipse</em></strong></span> <span class='ocrx_word' id='word_1_447' title='bbox 835 5027 1160 5100; x_wconf 74' lang='lat' dir='ltr'><strong><em>inqressus</em></strong></span> <span class='ocrx_word' id='word_1_448' title='bbox 1179 5032 1268 5083; x_wconf 77' lang='lat' dir='ltr'><strong><em>est</em></strong></span> <span class='ocrx_word' id='word_1_449' title='bbox 1287 5042 1407 5099; x_wconf 81' lang='lat' dir='ltr'><strong><em>per</em></strong></span> <span class='ocrx_word' id='word_1_450' title='bbox 1430 5024 1570 5082; x_wconf 77' lang='lat' dir='ltr'><strong><em>vias</em></strong></span> <span class='ocrx_word' id='word_1_451' title='bbox 1595 5026 1823 5083; x_wconf 78' lang='lat' dir='ltr'><strong><em>domus</em></strong></span> 
     </span>
    </p>
   </div>
   <div class='ocr_carea' id='block_1_21' title="bbox 1925 4028 3419 5108">
    <p class='ocr_par' dir='ltr' id='par_1_22' title="bbox 1925 4028 3419 4891">
     <span class='ocr_line' id='line_1_75' title="bbox 1925 4028 3415 4119; baseline 0.005 -24"><span class='ocrx_word' id='word_1_452' title='bbox 1925 4040 2330 4113; x_wconf 62' lang='lat' dir='ltr'><strong><em>egrederetur</em></strong></span> <span class='ocrx_word' id='word_1_453' title='bbox 2366 4058 2513 4097; x_wconf 84' lang='lat' dir='ltr'><strong><em>cum</em></strong></span> <span class='ocrx_word' id='word_1_454' title='bbox 2550 4058 2641 4106; x_wconf 87' lang='lat' dir='ltr'><strong><em>eo,</em></strong></span> <span class='ocrx_word' id='word_1_455' title='bbox 2674 4046 2826 4119; x_wconf 87' lang='lat' dir='ltr'><strong><em>puta</em></strong></span> <span class='ocrx_word' id='word_1_456' title='bbox 2864 4057 3008 4101; x_wconf 90' lang='lat' dir='ltr'><strong><em>cum</em></strong></span> <span class='ocrx_word' id='word_1_457' title='bbox 3040 4028 3270 4116; x_wconf 87' lang='lat' dir='ltr'><strong><em>Joram‚</em></strong></span> <span class='ocrx_word' id='word_1_458' title='bbox 3302 4044 3415 4102; x_wconf 86' lang='lat' dir='ltr'><strong><em>ad-</em></strong></span> 
     </span>
     <span class='ocr_line' id='line_1_76' title="bbox 1927 4138 3418 4221; baseline 0.004 -26"><span class='ocrx_word' id='word_1_459' title='bbox 1927 4156 2179 4196; x_wconf 86' lang='lat' dir='ltr'><strong><em>versum</em></strong></span> <span class='ocrx_word' id='word_1_460' title='bbox 2192 4138 2355 4197; x_wconf 73' lang='lat' dir='ltr'><strong><em>Jelzu</em></strong></span> <span class='ocrx_word' id='word_1_461' title='bbox 2374 4138 2595 4213; x_wconf 76' lang='lat' dir='ltr'><strong><em>filium</em></strong></span> <span class='ocrx_word' id='word_1_462' title='bbox 2612 4138 2990 4206; x_wconf 72' lang='lat' dir='ltr'><strong><em>Mwnst&#39;,hoe</em></strong></span> <span class='ocrx_word' id='word_1_463' title='bbox 3010 4144 3107 4201; x_wconf 86' lang='lat' dir='ltr'><strong><em>est</em></strong></span> <span class='ocrx_word' id='word_1_464' title='bbox 3128 4138 3193 4200; x_wconf 89' lang='lat' dir='ltr'><strong><em>in</em></strong></span> <span class='ocrx_word' id='word_1_465' title='bbox 3218 4138 3418 4221; x_wconf 79' lang='lat' dir='ltr'><strong><em>ipsius</em></strong></span> 
     </span>
     <span class='ocr_line' id='line_1_77' title="bbox 1927 4235 3414 4320; baseline 0.002 -23"><span class='ocrx_word' id='word_1_466' title='bbox 1927 4253 2431 4310; x_wconf 90' lang='lat' dir='ltr'><strong><em>occursum,non</em></strong></span> <span class='ocrx_word' id='word_1_467' title='bbox 2462 4244 2671 4298; x_wconf 89' lang='lat' dir='ltr'><strong><em>tamen</em></strong></span> <span class='ocrx_word' id='word_1_468' title='bbox 2704 4235 3058 4300; x_wconf 90' lang='lat' dir='ltr'><strong><em>intentione</em></strong></span> <span class='ocrx_word' id='word_1_469' title='bbox 3088 4238 3414 4320; x_wconf 88' lang='lat' dir='ltr'><strong><em>pugnandi</em></strong></span> 
     </span>
     <span class='ocr_line' id='line_1_78' title="bbox 1928 4334 3405 4413; baseline 0.003 -17"><span class='ocrx_word' id='word_1_470' title='bbox 1928 4341 2148 4396; x_wconf 85' lang='lat' dir='ltr'><strong><em>contra</em></strong></span> <span class='ocrx_word' id='word_1_471' title='bbox 2176 4352 2320 4397; x_wconf 86' lang='lat' dir='ltr'><strong><em>eum</em></strong></span> <span class='ocrx_word' id='word_1_472' title='bbox 2350 4357 2364 4409; x_wconf 88' lang='grc'>;</span> <span class='ocrx_word' id='word_1_473' title='bbox 2412 4356 2602 4413; x_wconf 81' lang='lat' dir='ltr'><strong><em>quem</em></strong></span> <span class='ocrx_word' id='word_1_474' title='bbox 2639 4334 2799 4397; x_wconf 87' lang='lat' dir='ltr'><strong><em>Jehu</em></strong></span> <span class='ocrx_word' id='word_1_475' title='bbox 2840 4338 3036 4397; x_wconf 71' lang='lat' dir='ltr'><strong><em>unxit</em></strong></span> <span class='ocrx_word' id='word_1_476' title='bbox 3066 4339 3405 4407; x_wconf 76' lang='lat' dir='ltr'><strong><em>Dominus,</em></strong></span> 
     </span>
     <span class='ocr_line' id='line_1_79' title="bbox 1929 4432 3416 4515; baseline 0.005 -22"><span class='ocrx_word' id='word_1_477' title='bbox 1929 4432 1992 4493; x_wconf 93' lang='lat' dir='ltr'><strong><em>id</em></strong></span> <span class='ocrx_word' id='word_1_478' title='bbox 2023 4440 2141 4508; x_wconf 89' lang='lat' dir='ltr'><strong><em>est,</em></strong></span> <span class='ocrx_word' id='word_1_479' title='bbox 2172 4451 2285 4513; x_wconf 87' lang='lat' dir='ltr'><strong><em>per</em></strong></span> <span class='ocrx_word' id='word_1_480' title='bbox 2312 4452 2511 4493; x_wconf 90' lang='lat' dir='ltr'><strong><em>unum</em></strong></span> <span class='ocrx_word' id='word_1_481' title='bbox 2542 4451 2616 4495; x_wconf 82' lang='lat' dir='ltr'><strong><em>ex</em></strong></span> <span class='ocrx_word' id='word_1_482' title='bbox 2648 4432 2983 4515; x_wconf 86' lang='lat' dir='ltr'><strong><em>discipulis</em></strong></span> <span class='ocrx_word' id='word_1_483' title='bbox 3026 4434 3217 4499; x_wconf 85' lang='lat' dir='ltr'><strong><em>Elisei</em></strong></span> <span class='ocrx_word' id='word_1_484' title='bbox 3252 4434 3416 4499; x_wconf 85' lang='lat' dir='ltr'><strong><em>l&#39;ecit</em></strong></span> 
     </span>
     <span class='ocr_line' id='line_1_80' title="bbox 1927 4531 3419 4611; baseline 0.004 -18"><span class='ocrx_word' id='word_1_485' title='bbox 1927 4531 2081 4611; x_wconf 88' lang='lat' dir='ltr'><strong><em>ungi</em></strong></span> <span class='ocrx_word' id='word_1_486' title='bbox 2124 4531 2189 4593; x_wconf 87' lang='lat' dir='ltr'><strong><em>in</em></strong></span> <span class='ocrx_word' id='word_1_487' title='bbox 2232 4549 2468 4611; x_wconf 82' lang='lat' dir='ltr'><strong><em>regem,</em></strong></span> <span class='ocrx_word' id='word_1_488' title='bbox 2502 4542 2575 4592; x_wconf 91' lang='lat' dir='ltr'><strong><em>ut</em></strong></span> <span class='ocrx_word' id='word_1_489' title='bbox 2602 4535 2841 4594; x_wconf 84' lang='lat' dir='ltr'><strong><em>deleret</em></strong></span> <span class='ocrx_word' id='word_1_490' title='bbox 2886 4537 3175 4603; x_wconf 83' lang='lat' dir='ltr'><strong><em>domum,</em></strong></span> <span class='ocrx_word' id='word_1_491' title='bbox 3212 4535 3275 4597; x_wconf 91' lang='lat' dir='ltr'><strong><em>id</em></strong></span> <span class='ocrx_word' id='word_1_492' title='bbox 3320 4545 3419 4599; x_wconf 85' lang='lat' dir='ltr'><strong><em>est</em></strong></span> 
     </span>
     <span class='ocr_line' id='line_1_81' title="bbox 1929 4629 3419 4713; baseline 0.003 -20"><span class='ocrx_word' id='word_1_493' title='bbox 1929 4629 2386 4711; x_wconf 82' lang='lat' dir='ltr'><strong><em>posteritatem,</em></strong></span> <span class='ocrx_word' id='word_1_494' title='bbox 2407 4633 2625 4692; x_wconf 73' lang='lat' dir='ltr'><strong><em>Achab</em></strong></span> <span class='ocrx_word' id='word_1_495' title='bbox 2654 4653 2678 4691; x_wconf 90' lang='lat'><strong><em>.·</em></strong></span> <span class='ocrx_word' id='word_1_496' title='bbox 2707 4632 2785 4694; x_wconf 90' lang='lat' dir='ltr'><strong><em>de</em></strong></span> <span class='ocrx_word' id='word_1_497' title='bbox 2814 4632 2997 4713; x_wconf 89' lang='lat' dir='ltr'><strong><em>cujus</em></strong></span> <span class='ocrx_word' id='word_1_498' title='bbox 3030 4634 3271 4697; x_wconf 89' lang='lat' dir='ltr'><strong><em>semine</em></strong></span> <span class='ocrx_word' id='word_1_499' title='bbox 3294 4633 3419 4697; x_wconf 78' lang='lat' dir='ltr'><strong><em>fuit</em></strong></span> 
     </span>
     <span class='ocr_line' id='line_1_82' title="bbox 1930 4728 3415 4807; baseline 0.004 -16"><span class='ocrx_word' id='word_1_500' title='bbox 1930 4738 1994 4791; x_wconf 89' lang='lat' dir='ltr'><strong><em>et</em></strong></span> <span class='ocrx_word' id='word_1_501' title='bbox 2019 4728 2343 4807; x_wconf 79' lang='lat' dir='ltr'><strong><em>OchoziaS,</em></strong></span> <span class='ocrx_word' id='word_1_502' title='bbox 2378 4728 2521 4793; x_wconf 90' lang='lat' dir='ltr'><strong><em>ideo</em></strong></span> <span class='ocrx_word' id='word_1_503' title='bbox 2552 4730 2855 4793; x_wconf 90' lang='lat' dir='ltr'><strong><em>Dominus</em></strong></span> <span class='ocrx_word' id='word_1_504' title='bbox 2892 4730 3094 4795; x_wconf 92' lang='lat' dir='ltr'><strong><em>voluit</em></strong></span> <span class='ocrx_word' id='word_1_505' title='bbox 3138 4752 3284 4796; x_wconf 90' lang='lat' dir='ltr'><strong><em>eum</em></strong></span> <span class='ocrx_word' id='word_1_506' title='bbox 3315 4752 3415 4797; x_wconf 91' lang='lat' dir='ltr'><strong><em>oc-</em></strong></span> 
     </span>
     <span class='ocr_line' id='line_1_83' title="bbox 1929 4826 2332 4891; baseline -0.005 0"><span class='ocrx_word' id='word_1_507' title='bbox 1929 4827 2056 4891; x_wconf 89' lang='lat' dir='ltr'><strong><em>cidi</em></strong></span> <span class='ocrx_word' id='word_1_508' title='bbox 2086 4847 2123 4889; x_wconf 97' lang='lat' dir='ltr'><strong><em>a</em></strong></span> <span class='ocrx_word' id='word_1_509' title='bbox 2150 4826 2332 4889; x_wconf 88' lang='lat' dir='ltr'><strong><em>Jehu.</em></strong></span> 
     </span>
    </p>

    <p class='ocr_par' dir='ltr' id='par_1_23' title="bbox 1931 4928 3418 5108">
     <span class='ocr_line' id='line_1_84' title="bbox 1990 4928 3415 5003; baseline 0.003 -17"><span class='ocrx_word' id='word_1_510' title='bbox 1990 4930 2203 4995; x_wconf 84' lang='lat' dir='ltr'><strong><em>Quum</em></strong></span> <span class='ocrx_word' id='word_1_511' title='bbox 2222 4946 2367 5003; x_wconf 67' lang='lat' dir='ltr'><strong><em>erqo</em></strong></span> <span class='ocrx_word' id='word_1_512' title='bbox 2388 4936 2689 4987; x_wconf 87' lang='lat' dir='ltr'><strong><em>everteret</em></strong></span> <span class='ocrx_word' id='word_1_513' title='bbox 2700 4928 2866 4987; x_wconf 75' lang='lat' dir='ltr'><strong><em>Jelzu</em></strong></span> <span class='ocrx_word' id='word_1_514' title='bbox 2885 4931 3147 4989; x_wconf 87' lang='lat' dir='ltr'><strong><em>domum</em></strong></span> <span class='ocrx_word' id='word_1_515' title='bbox 3167 4932 3415 4999; x_wconf 73' lang='lat' dir='ltr'><strong><em>Achab,</em></strong></span> 
     </span>
     <span class='ocr_line' id='line_1_85' title="bbox 1931 5024 3418 5108; baseline 0.001 -21"><span class='ocrx_word' id='word_1_516' title='bbox 1931 5024 2380 5087; x_wconf 87' lang='lat' dir='ltr'><strong><em>interficiendo</em></strong></span> <span class='ocrx_word' id='word_1_517' title='bbox 2401 5026 2539 5105; x_wconf 88' lang='lat' dir='ltr'><strong><em>ejus</em></strong></span> <span class='ocrx_word' id='word_1_518' title='bbox 2561 5026 2951 5108; x_wconf 88' lang='lat' dir='ltr'><strong><em>progeniem,</em></strong></span> <span class='ocrx_word' id='word_1_519' title='bbox 2976 5030 3223 5089; x_wconf 79' lang='lat' dir='ltr'><strong><em>invenit</em></strong></span> <span class='ocrx_word' id='word_1_520' title='bbox 3236 5031 3418 5105; x_wconf 77' lang='lat' dir='ltr'><strong><em>prin-</em></strong></span> 
     </span>
    </p>
   </div>
   <div class='ocr_carea' id='block_1_22' title="bbox 351 5121 3424 5398">
    <p class='ocr_par' dir='ltr' id='par_1_24' title="bbox 351 5121 3424 5398">
     <span class='ocr_line' id='line_1_86' title="bbox 351 5121 3417 5203; baseline 0.001 -20"><span class='ocrx_word' id='word_1_521' title='bbox 351 5124 580 5183; x_wconf 74' lang='lat' dir='ltr'><strong><em>Achab.</em></strong></span> <span class='ocrx_word' id='word_1_522' title='bbox 613 5126 822 5184; x_wconf 82' lang='lat' dir='ltr'><strong><em>Mater</em></strong></span> <span class='ocrx_word' id='word_1_523' title='bbox 857 5125 1036 5182; x_wconf 75' lang='lat' dir='ltr'><strong><em>enim</em></strong></span> <span class='ocrx_word' id='word_1_524' title='bbox 1071 5123 1213 5201; x_wconf 82' lang='lat' dir='ltr'><strong><em>ejus</em></strong></span> <span class='ocrx_word' id='word_1_525' title='bbox 1245 5123 1509 5198; x_wconf 75' lang='lat' dir='ltr'><strong><em>impulit</em></strong></span> <span class='ocrx_word' id='word_1_526' title='bbox 1550 5143 1719 5191; x_wconf 81' lang='lat' dir='ltr'><strong><em>eum,</em></strong></span> <span class='ocrx_word' id='word_1_527' title='bbox 1751 5134 1823 5184; x_wconf 92' lang='lat' dir='ltr'><strong><em>ut</em></strong></span> <span class='ocrx_word' id='word_1_528' title='bbox 1853 5121 1903 5183; x_wconf 94' lang='lat' dir='ltr'>D</span> <span class='ocrx_word' id='word_1_529' title='bbox 1929 5126 2098 5199; x_wconf 75' lang='lat' dir='ltr'><strong><em>cipes</em></strong></span> <span class='ocrx_word' id='word_1_530' title='bbox 2123 5126 2322 5190; x_wconf 78' lang='lat' dir='ltr'><strong><em>Juda,</em></strong></span> <span class='ocrx_word' id='word_1_531' title='bbox 2355 5123 2465 5202; x_wconf 91' lang='lat' dir='ltr'><strong><em>qui</em></strong></span> <span class='ocrx_word' id='word_1_532' title='bbox 2497 5130 2675 5184; x_wconf 86' lang='lat' dir='ltr'><strong><em>erant</em></strong></span> <span class='ocrx_word' id='word_1_533' title='bbox 2714 5123 2992 5185; x_wconf 83' lang='lat' dir='ltr'><strong><em>ministri</em></strong></span> <span class='ocrx_word' id='word_1_534' title='bbox 3024 5124 3325 5203; x_wconf 83' lang='lat' dir='ltr'><strong><em>Ochoziae,</em></strong></span> <span class='ocrx_word' id='word_1_535' title='bbox 3360 5136 3417 5188; x_wconf 87' lang='lat' dir='ltr'><strong><em>et</em></strong></span> 
     </span>
     <span class='ocr_line' id='line_1_87' title="bbox 353 5218 3424 5301; baseline 0.004 -25"><span class='ocrx_word' id='word_1_536' title='bbox 353 5221 544 5295; x_wconf 75' lang='lat' dir='ltr'><strong><em>impie</em></strong></span> <span class='ocrx_word' id='word_1_537' title='bbox 566 5233 795 5299; x_wconf 74' lang='lat' dir='ltr'><strong><em>ayeret,</em></strong></span> <span class='ocrx_word' id='word_1_538' title='bbox 818 5222 940 5285; x_wconf 88' lang='lat' dir='ltr'><strong><em>hoc</em></strong></span> <span class='ocrx_word' id='word_1_539' title='bbox 970 5228 1088 5297; x_wconf 79' lang='lat' dir='ltr'><strong><em>est,</em></strong></span> <span class='ocrx_word' id='word_1_540' title='bbox 1113 5219 1362 5282; x_wconf 83' lang='lat' dir='ltr'><strong><em>Athalia</em></strong></span> <span class='ocrx_word' id='word_1_541' title='bbox 1396 5218 1422 5280; x_wconf 79' lang='lat' dir='ltr'><strong>f</strong></span> <span class='ocrx_word' id='word_1_542' title='bbox 1425 5220 1604 5281; x_wconf 90' lang='lat' dir='ltr'><strong><em>ilium</em></strong></span> <span class='ocrx_word' id='word_1_543' title='bbox 1635 5240 1823 5283; x_wconf 90' lang='lat' dir='ltr'><strong><em>suum</em></strong></span> <span class='ocrx_word' id='word_1_544' title='bbox 1930 5223 2102 5301; x_wconf 72' lang='lat' dir='ltr'><strong><em>filios</em></strong></span> <span class='ocrx_word' id='word_1_545' title='bbox 2127 5221 2419 5298; x_wconf 80' lang='lat' dir='ltr'><strong><em>fratrum</em></strong></span> <span class='ocrx_word' id='word_1_546' title='bbox 2449 5221 2757 5282; x_wconf 73' lang='lat' dir='ltr'><strong><em>Ockozioe.</em></strong></span> <span class='ocrx_word' id='word_1_547' title='bbox 2781 5218 2935 5281; x_wconf 84' lang='lat' dir='ltr'><strong><em>Nam</em></strong></span> <span class='ocrx_word' id='word_1_548' title='bbox 2970 5220 3194 5285; x_wconf 78' lang='lat' dir='ltr'><strong><em>fratres</em></strong></span> <span class='ocrx_word' id='word_1_549' title='bbox 3226 5223 3424 5287; x_wconf 82' lang='lat' dir='ltr'><strong><em>Ocho-</em></strong></span> 
     </span>
     <span class='ocr_line' id='line_1_88' title="bbox 355 5314 3417 5398; baseline 0.003 -21"><span class='ocrx_word' id='word_1_550' title='bbox 355 5314 665 5381; x_wconf 84' lang='lat' dir='ltr'><strong><em>Oehoziam</em></strong></span> <span class='ocrx_word' id='word_1_551' title='bbox 705 5320 1118 5385; x_wconf 86' lang='lat' dir='ltr'><strong><em>vehementer</em></strong></span> <span class='ocrx_word' id='word_1_552' title='bbox 1159 5318 1486 5398; x_wconf 85' lang='lat' dir='ltr'><strong><em>instigavit</em></strong></span> <span class='ocrx_word' id='word_1_553' title='bbox 1530 5325 1592 5381; x_wconf 90' lang='lat' dir='ltr'><strong><em>et</em></strong></span> <span class='ocrx_word' id='word_1_554' title='bbox 1636 5319 1824 5381; x_wconf 83' lang='lat' dir='ltr'><strong><em>traxit</em></strong></span> <span class='ocrx_word' id='word_1_555' title='bbox 1933 5319 2066 5396; x_wconf 81' lang='lat' dir='ltr'><strong><em>ziae,</em></strong></span> <span class='ocrx_word' id='word_1_556' title='bbox 2107 5317 2405 5398; x_wconf 30' lang='lat' dir='ltr'><strong><em>,quamvis</em></strong></span> <span class='ocrx_word' id='word_1_557' title='bbox 2456 5315 2719 5379; x_wconf 77' lang='lat' dir='ltr'><strong><em>fuerunt</em></strong></span> <span class='ocrx_word' id='word_1_558' title='bbox 2765 5318 2983 5396; x_wconf 87' lang='lat' dir='ltr'><strong><em>occisi,</em></strong></span> <span class='ocrx_word' id='word_1_559' title='bbox 3028 5319 3155 5381; x_wconf 87' lang='lat' dir='ltr'><strong><em>filii</em></strong></span> <span class='ocrx_word' id='word_1_560' title='bbox 3207 5329 3417 5385; x_wconf 85' lang='lat' dir='ltr'><strong><em>tamen</em></strong></span> 
     </span>
    </p>
   </div>
  </div>
 </body>
</html>
