4309 6259
106 1777 116 1817 l
132 1777 242 1818 Cor.
258 1779 367 1828 vij,

92 1845 129 1880 3.

96 2071 209 2112 Dan.
229 2073 367 2116 1:134.

110 2169 172 2210 12.
190 2183 277 2218 un,
302 2172 368 2212 ¹2.

114 2361 215 2402 Act.
234 2373 278 2410 x,
298 2362 368 2403 42.

128 3044 283 3090 Etr-le.
299 3059 370 3096 vn,

105 3109 161 3148 10.

107 3835 372 3880 ‚liceum-na.

144 4425 270 4466 Dent.
290 4437 376 4473 xvi,

116 4493 173 4532 1⁸).

1186 504 1532 549 ENARRATIO
1574 505 1635 548 IN
1678 505 1815 550 CAP.
1862 503 2051 549 xxxw
2092 504 2219 550 1013.
2265 523 2345 534 ·-
2386 506 2528 550 ΛΒΤ.
2578 505 2716 550 Lxlv

3369 485 3492 548 683

398 676 571 737 cium
624 674 739 737 tibi
787 674 1149 750 reddentur,
1197 694 1309 736 seu
1352 674 1789 736 auctoritatem
1832 681 1895 736 et
1924 672 1976 735 A
2004 683 2313 754 quantum
2355 675 2471 736 tibi
2513 674 2816 756 possibile
2854 683 2970 750 est,
3005 693 3132 737 non
3171 676 3357 737 cedas
3397 675 3489 736 eis

398 781 780 854 potestatem
821 771 1152 852 judicandi
1214 791 1373 852 quas
1420 772 1659 833 dudum
1704 770 1897 833 habe-

396 869 535 941 δας,
589 870 883 952 recipieS‚
949 879 1019 931 ut
1077 869 1349 932 aliorum
1411 869 1616 951 possis
1672 887 1895 932 causas

394 968 785 1043 discernere,
822 976 885 1030 et
912 967 1197 1048 judicare
1228 969 1307 1030 de
1338 969 1451 1030 eiS.

487 1066 919 1146 spiritualiter
968 1066 1054 1128 ita
1101 1064 1463 1148 exponitur,
1515 1073 1586 1127 ut
1632 1063 1895 1126 cuilibet

394 1166 571 1244 ,iusto
624 1166 987 1228 conveniat.
1047 1169 1255 1226 Cau-sa
1304 1177 1414 1226 tua
1465 1167 1656 1242 quasi
1701 1165 1896 1239 impii

378 1265 697 1339 judicata
742 1273 831 1323 est
860 1280 883 1324 .·
924 1261 1074 1343 quia
1119 1263 1419 1325 videlicet
1460 1281 1679 1326 eorum
1723 1264 1893 1344 justa

398 1360 533 1422 vita
583 1368 647 1422 et
690 1361 854 1423 actio
894 1382 931 1424 a
969 1361 1153 1422 malis
1193 1361 1562 1423 hominibus
1603 1362 1897 1443 reproba-

400 1469 525 1531 tur,
558 1459 1245 1540 persecutionibusque
1285 1459 1651 1541 impetitum
1695 1479 1731 1520 a
1770 1460 1895 1521 Deo

398 1575 659 1637 quoque
689 1557 755 1618 in
784 1557 916 1619 vita
947 1557 1063 1619 bac
1092 1557 1477 1636 affliguntur
1501 1558 1685 1637 quasi
1711 1557 1892 1638 impii

398 1663 637 1716 essent.
660 1653 779 1717 Sed
802 1675 1063 1715 causam
1072 1657 1541 1732 judiciumque
1559 1655 1892 1737 recipient,

401 1751 559 1832 quia
610 1752 674 1813 in
728 1751 945 1814 futuro
999 1772 1143 1814 cum
1194 1753 1442 1815 Christo
1489 1753 1888 1833 judicabunt,

2004 779 2227 832 contra
2285 773 2622 852 justitiam,
2675 772 2840 834 sicut.
2901 771 3193 834 nonnulli
3242 771 3489 852 Judices

2004 869 2374 950 potentibus
2432 871 2727 932 deferunt
2785 889 2861 931 ex
2917 871 3163 932 timore.
3217 870 3375 934 Hinc
3423 870 3486 931 in

2006 968 2496 1030 Deuteronomio
2537 968 2860 1048 Judicibus
2905 968 3138 1030 dicitur
3179 985 3192 1030 :
3229 969 3315 1030 lta
3354 988 3492 1050 par·

2002 1085 2151 1127 vum
2198 1065 2469 1128 audietis
2516 1075 2584 1127 ut
2625 1085 2966 1146 magnum3
3007 1085 3123 1129 nec
3162 1067 3489 1148 accipietis

2004 1164 2380 1244 cujusquam
2435 1183 2795 1246 personam.
2849 1167 2947 1226 Ne
2989 1169 3333 1244 protrahas
3382 1186 3492 1226 no-

2003 1273 2186 1328 ctem,
2211 1263 2273 1324 id
2305 1271 2420 1338 est,
2455 1263 2653 1343 quieti
2687 1263 3001 1344 corporali
3033 1281 3160 1324 non
3193 1263 3490 1326 immode-

2008 1369 2218 1422 ranter
2259 1361 2612 1440 indulgeaS‚
2645 1362 2752 1424 sed
2789 1362 3165 1443 tempestIVe
3204 1371 3265 1424 et
3305 1381 3491 1425 mane

2004 1460 2082 1520 ad
2122 1458 2435 1540 justitiam
2482 1459 2842 1522 faciendam
2890 1478 3242 1539 consurge3
3285 1471 3356 1520 ut
3394 1483 3493 1520 aa·

2004 1561 2281 1618 cendam
2305 1561 2537 1634 populi
2559 1579 2681 1636 pro
2711 1560 2802 1618 eis
2833 1580 2857 1618 .·
2889 1559 2952 1620 id
2991 1566 3107 1635 est,
3146 1559 3201 1620 si
3241 1567 3489 1620 noctem

2003 1657 2408 1736 protraheres
2448 1664 2512 1718 et
2554 1658 2855 1733 tardareS,
2889 1657 3286 1737 contingeret
3322 1657 3490 1738 quod

2005 1755 2281 1836 populus
2324 1755 2562 1816 multus
2601 1757 2989 1818 adunaretur
3020 1763 3210 1836 atque
3238 1756 3494 1817 accede-

400 1860 464 1912 et
502 1850 859 1931 judiciariae
900 1851 1227 1932 potestatis
1268 1851 1593 1931 erigentur
1629 1852 1888 1915 honore.
1933 1852 1977 1912 B
2008 1861 2099 1914 ret
2131 1871 2247 1934 pro
2279 1852 2666 1929 robustiS,id
2699 1861 2793 1914 est
2823 1854 2900 1916 ad
2933 1853 3346 1915 laborandum
3381 1871 3491 1914 seu

400 1949 637 2030 Sicque
684 1950 1039 2012 versiculus
1086 1949 1207 2012 iste
1264 1950 1536 2013 maxime
1594 1951 1895 2032 competit

400 2047 677 2124 Christo,
726 2049 836 2128 qui
884 2068 1081 2129 quum
1132 2056 1299 2110 esset
1348 2048 1614 2111 Sanctus
1657 2057 1897 2112 sancto-

404 2165 570 2222 rum,
606 2146 776 2208 inter
806 2147 1143 2209 sceleratos
1176 2155 1272 2210 est
1302 2155 1652 2229 reputatuS,
1687 2156 1749 2208 et
1783 2167 1895 2208 sua

403 2244 871 2320 humiliatione,
892 2244 1350 2324 dijudicatione
1378 2265 1450 2308 ac
1480 2245 1775 2326 passione
1802 2246 1897 2327 ju-

401 2343 733 2404 diciariam
778 2349 1153 2424 potestatem
1202 2343 1574 2424 promeruit,
1618 2352 1681 2406 et
1728 2344 1897 2406 vivo·

402 2459 541 2501 rum
578 2459 651 2502 ac
684 2449 1079 2502 mortuorum
1123 2441 1504 2503 constitutus
1546 2449 1641 2504 est
1676 2443 1889 2523 judex.

481 2539 961 2622 consequenter
1007 2539 1265 2602 instruit
1308 2539 1520 2622 ipsum
1560 2540 1699 2618 lob,
1740 2559 1899 2621 quo-

401 2638 594 2700 modo
636 2639 867 2701 habeat
908 2657 997 2708 se.
1047 2638 1197 2700 dum
1241 2638 1567 2718 judicandi
1618 2647 1894 2720 potestas

400 2736 528 2798 sibi
582 2735 777 2798 fuerit
825 2737 891 2798 in
939 2737 1070 2800 vita
1117 2736 1235 2799 hac
1286 2736 1597 2798 restituta.
1650 2739 1797 2798 Non
1841 2748 1897 2798 te

400 2855 549 2912 erqo
580 2845 833 2912 superet
866 2839 995 2904 ira,
1028 2834 1091 2895 id
1130 2843 1248 2910 est,
1281 2835 1647 2910 commotiO,
1686 2835 1897 2899 fervor

404 2953 515 2996 seu
557 2933 835 3014 impetus
877 2933 988 2995 irae
1032 2933 1097 2994 in
1143 2943 1204 2995 te
1247 2933 1553 2995 rationem
1598 2952 1724 2996 non
1765 2934 1894 2997 vin-

2008 1952 2419 2032 pugnandum
2451 1970 2566 2032 pro
2597 1952 2690 2014 eis
2721 1961 2942 2014 contra
2971 1951 3320 2032 justitiam;
3364 1952 3488 2028 vel,

2003 2049 2118 2111 Pro
2150 2049 2265 2125 eia,
2302 2050 2364 2110 id
2396 2057 2492 2111 est
2522 2051 2603 2111 ad
2637 2049 2991 2112 faciendam
3020 2050 3342 2130 querelam
3379 2048 3494 2110 tibi

2005 2155 2225 2209 contra
2258 2148 2552 2211 robustos
2583 2156 2842 2230 propter
2871 2166 3091 2210 eorum
3121 2147 3493 2210 violentiam

2005 2253 2068 2304 et
2094 2243 2438 2307 offensam.
2474 2245 2682 2308 Potest
2711 2253 2772 2307 et
2803 2245 2890 2306 ita
2923 2245 3154 2325 exponi
3192 2262 3205 2304 :
3239 2243 3328 2306 Ne
3357 2261 3496 2324 pro-

2005 2343 2218 2405 trahas
2252 2351 2523 2419 noctem,
2545 2343 2608 2405 id
2639 2351 2758 2417 est,
2779 2342 2992 2404 statim
3023 2343 3162 2404 sine
3191 2342 3496 2404 dilatione

2009 2439 2106 2502 fac
2154 2449 2372 2502 contra
2424 2442 2718 2503 robustos
2761 2440 3000 2521 justum
3039 2439 3376 2521 judicium,
3414 2459 3494 2502 ne

2008 2557 2120 2619 per
2179 2547 2352 2600 tuam
2411 2538 2784 2602 dilationem
2851 2537 3098 2600 robusti
3156 2545 3495 2617 aggregent

2006 2636 2130 2697 sibi
2169 2637 2464 2719 populOS,
2499 2636 2610 2718 qui
2655 2637 2732 2699 ad
2774 2655 2880 2698 eos
2922 2635 3358 2698 defendendos
3399 2655 3496 2697 as-

2005 2736 2301 2797 cendant.
2330 2739 2492 2796 Cave
2521 2757 2600 2796 ne
2627 2738 2906 2795 declines
2935 2738 3022 2795 ad
3051 2736 3494 2813 iniquitatem,

2005 2833 2071 2894 id
2103 2841 2220 2910 est,
2256 2842 2512 2914 peracta
2543 2832 2943 2914 poenitentia,
2979 2850 3106 2895 non
3136 2831 3446 2895 recidives
3475 2850 3488 2894 :

2004 2929 2170 2992 sicut
2200 2939 2264 2992 et
2291 2929 2582 2992 Christus
2613 2930 2681 2991 in
2707 2930 3051 3009 Evangelio
3082 2929 3167 2991 ait
3197 2928 3444 2992 cuidam
3475 2947 3488 2991 :

3533 985 3654 1028 Dent.
3670 1000 3697 1037 ι,
3716 987 3778 1029 17.

403 3040 506 3094 cat
553 3049 566 3092 :
620 3032 972 3094 secundum
1019 3031 1180 3094 illud
1217 3031 1633 3106 Ecclesiastae‚
1682 3032 1767 3093 Ne
1806 3032 1893 3093 sis
1928 3025 1972 3087 C
2003 3027 2163 3090 Ecce
2213 3047 2403 3088 sanus
2455 3027 2658 3089 faetus
2707 3047 2810 3103 es3
2857 3028 2988 3108 jam
3036 3025 3309 3108 amplius
3360 3026 3492 3088 noli
3516 3043 3790 3092 ananum.

402 3129 589 3192 velox
616 3130 697 3191 ad
730 3129 1323 3212 irascendum‚quia
1354 3129 1445 3190 ira
1475 3130 1543 3191 in
1574 3131 1719 3191 sinu
1749 3131 1895 3192 stul-

406 3229 448 3290 ti
484 3229 872 3309 requiescit3
914 3238 988 3289 uc
1025 3231 1309 3308 aliquem
1338 3232 1671 3307 opprimas
1700 3229 1765 3290 in
1795 3229 1897 3307 ju-

402 3327 575 3390 dicio
624 3346 733 3388 seu
786 3327 1005 3407 aliquo
1060 3325 1245 3399 facte,
1294 3335 1362 3388 ut
1403 3326 1603 3406 aliqui
1649 3326 1893 3407 judices

404 3424 617 3488 facere
647 3424 1090 3487 solent.Judex
1120 3425 1363 3506 quippe
1389 3425 1575 3487 debet
1600 3444 1739 3488 esse
1770 3425 1896 3488 vel-

405 3533 471 3585 ut
520 3524 803 3585 animata
844 3523 1113 3604 justitia,
1164 3525 1253 3586 ita
1301 3525 1471 3605 quod
1516 3509 1789 3605 peccatis
1832 3532 1895 3586 et

402 3622 813 3704 passionibus
856 3630 1085 3698 careat,
1118 3631 1311 3703 atque
1350 3623 1413 3683 in
1456 3622 1754 3684 omnibus
1796 3641 1893 3684 ra-

404 3721 646 3782 tionem
707 3728 1033 3800 sequatur,
1086 3739 1294 3801 neque
1352 3720 1543 3783 alicui
1592 3720 1894 3800 injuriam

404 3819 661 3898 irroget.
682 3818 825 3880 ldeo
846 3818 1326 3880 Ecclesiasticus
1355 3818 1543 3880 dicit:
1566 3817 1699 3881 Noli
1734 3837 1897 3898 quae-

404 3935 543 3980 rere
574 3915 722 3978 fieri
749 3916 965 3997 judex,
1002 3916 1125 3977 nisi
1157 3916 1369 3979 valeas
1403 3916 1635 3980 virtute
1671 3916 1898 3978 irrum-

404 4033 555 4097 pere
597 4014 991 4095 iniquitates,
1029 4017 1162 4076 Nec·
1202 4017 1551 4075 multitudo
1579 4019 1897 4075 donorum

404 4117 677 4174 inclinet
712 4123 767 4174 te
798 4134 820 4173 .·
852 4113 915 4174 id
947 4122 1063 4189 est,
1087 4113 1416 4175 avaritiam
1452 4113 1624 4192 fuge,
1656 4133 1734 4174 ne
1766 4133 1899 4174 mu-

2005 3143 2288 3206 peccarc,
2340 3145 2418 3188 ne
2466 3126 2746 3188 deterius
2789 3124 3036 3206 aliquid
3085 3124 3198 3186 tibi
3244 3125 3492 3187 contin-

2005 3231 2131 3304 gat.
2173 3228 2359 3285 Hanc
2388 3226 2564 3284 enim
2593 3226 2841 3300 coepisci
2869 3226 3054 3302 sequi
3075 3233 3216 3300 post
3247 3225 3494 3282 miseri-

2004 3341 2134 3393 am,
2171 3322 2234 3383 id
2267 3330 2382 3398 est,
2420 3321 2610 3382 etiam
2653 3329 2796 3403 post
2835 3320 3264 3383 afflictionem
3309 3321 3492 3383 istam

2006 3439 2334 3502 poenosam
2369 3419 2485 3482 tibi
2517 3440 2554 3482 a
2585 3420 2708 3482 Deo
2742 3419 3116 3495 immissam,
3144 3437 3271 3481 non
3302 3419 3496 3501 poeni-

2008 3518 2206 3596 tuisti,
2241 3519 2353 3582 sed
2380 3517 2750 3600 justificasti
2781 3525 2844 3580 te
2875 3516 3084 3599 ipsum
3129 3517 3194 3578 in
3229 3517 3495 3598 deroga-

2006 3617 2244 3680 tionem
2284 3616 2514 3679 divinae
2552 3615 2838 3697 justitiae.
2872 3616 3014 3678 ldeo
3054 3616 3494 3678 admonendus

2006 3735 2093 3786 es,
2132 3734 2212 3778 ne
2245 3724 2526 3797 tempore
2567 3712 3007 3796 prosperitatis
3048 3714 3126 3774 ad
3169 3713 3326 3774 vitia
3364 3732 3498 3776 cor-

2008 3833 2152 3874 ruas
2190 3830 2203 3874 :
2235 3814 2414 3894 juxta
2449 3812 2605 3873 illud
2636 3810 3144 3886 ProverbIOrum,
3177 3810 3494 3892 Prosperi-

2007 3920 2099 3972 tas
2142 3910 2476 3994 stultorum
2520 3910 2740 3991 perdet
2776 3928 2905 3971 eos
2941 3908 3216 3971 Facilius
3255 3909 3492 3971 etenim

2005 4019 2197 4091 atque
2245 4007 2642 4090 frequentius
2693 4015 2958 4089 peccant
3007 4006 3298 4069 homines
3345 4014 3498 4070 tem-

2007 4127 2161 4190 pore
2192 4107 2628 4188 prosperitatis
2659 4125 2850 4188 quam
2877 4104 3301 4167 adversitatis

406 4231 559 4274 nera
602 4211 999 4292 accipiendo,
1043 4232 1080 4273 a
1125 4211 1371 4291 justitia
1422 4229 1687 4291 usquam
1729 4230 1897 4273 rece-
1924 4207 1975 4269 D
2087 4206 2413 4281 Praeterea‚
2448 4204 2748 4284 quoniam
2795 4202 2936 4264 Eliu
2977 4220 3169 4283 supra
3206 4203 3336 4283 Jam
3379 4202 3496 4262 im-

404 4310 541 4371 das,
562 4309 721 4372 Hinc
750 4309 817 4370 in
849 4309 1337 4372 Deuteronomio
1366 4309 1603 4390 Moyses
1637 4308 1893 4372 scribit:

406 4409 539 4471 Non
570 4407 848 4488 accipies
890 4426 1225 4488 personam
1267 4426 1383 4469 nec
1422 4426 1708 4484 munera,
1748 4407 1895 4488 quia

405 4523 672 4570 munera
702 4514 1017 4568 excaecant
1038 4506 1254 4568 oculos
1276 4505 1465 4568 etiam
1489 4506 1891 4587 sapientium,

404 4614 467 4666 ct
499 4611 873 4686 pervertunt
906 4603 1100 4667 verba
1128 4605 1471 4684 justorum.

483 4707 743 4779 Depone
772 4705 1293 4778 maynitudz‘nem
1324 4702 1611 4772 tuam,id
1643 4711 1737 4764 est
1768 4722 1898 4766 cor-

404 4803 503 4864 dis
538 4800 627 4863 tui
662 4819 984 4882 pompam,
1006 4802 1235 4880 absque
1258 4802 1697 4871 tribulacione,
1717 4801 1779 4863 id
1802 4810 1897 4864 est

404 4900 647 4980 absque
680 4898 797 4961 hoc
828 4898 1022 4979 quod,
1057 4916 1169 4960 seu
1210 4906 1549 4979 antequam
1582 4898 1744 4960 Deus
1785 4917 1897 4981 per

402 4999 667 5061 adversa
703 5005 763 5058 te
794 5015 1015 5057 rursus
1045 4995 1305 5076 dejiciat.
1332 5021 1347 5070 3
1380 5007 1439 5056 et
1466 5017 1683 5056 omne-s·
1712 5000 1897 5057 robu-

402 5104 525 5154 stos
544 5096 939 5171 fortitudine
963 5095 1209 5174 depone
1238 5113 1350 5174 per
1381 5103 1552 5155 tuam
1581 5093 1895 5172 justitiam

404 5200 596 5271 atque
638 5191 1019 5253 sententiam
1067 5210 1103 5252 a
1148 5210 1259 5251 sua
1306 5190 1797 5271 praesumptione
1835 5201 1896 5253 et

406 5289 712 5351 violentia
754 5309 879 5370 qua
923 5289 1294 5370 opprimunt
1336 5288 1494 5350 alios
1540 5309 1553 5352 ε
1607 5289 1729 5351 hoc
1774 5298 1890 5365 est,

2008 4303 2222 4386 posuit
2265 4310 2483 4365 sancto
2518 4301 2635 4364 Job
2675 4300 2846 4382 quod
2886 4300 3213 4380 derogavit
3258 4299 3495 4363 divinae

2006 4401 2290 4483 justitiae,
2329 4400 2468 4462 ideo
2509 4419 2678 4462 nunc
2717 4398 2992 4461 ostendit
3033 4396 3497 4479 incomparabi—

2010 4499 2130 4562 lem
2165 4498 2604 4562 excellentiam
2636 4497 2743 4559 ‚Dei
2776 4496 2838 4558 in
2883 4494 3054 4558 omni
3098 4495 3396 4576 aequitate
3435 4503 3494 4557 et

2007 4598 2363 4660 sanctitate.
2398 4598 2579 4667 Ecce,
2614 4599 2783 4657 Deus
2820 4598 3102 4654 emcelsus
3134 4598 3202 4653 in
3231 4595 3496 4671 fortitu-

3527 3832 3661 3876 Prov.
3677 3847 3704 3884 ι,
3719 3835 3786 3876 32.

2006 4699 2162 4757 dine
2211 4716 2358 4764 sua,
2399 4693 2461 4755 id
2514 4701 2630 4770 est,
2677 4692 2934 4774 propria
2985 4698 3316 4773 potestate,
3365 4709 3493 4753 non
3574 4665 3602 4774 ,-

2005 4795 2264 4858 aliunde
2296 4793 2693 4875 participata,
2731 4791 3025 4853 sublimis
3057 4799 3152 4852 est
3179 4790 3490 4864 absolute,

2008 4893 2306 4956 videlicet
2337 4892 2566 4954 celsior
2596 4890 2866 4953 cunctis.
2905 4890 2986 4950 De
3025 4905 3154 4968 quo
3191 4886 3395 4948 fertur
3427 4887 3492 4948 in

2006 4991 2252 5054 Psalmo
2289 5008 2303 5052 :
2337 4989 2452 5062 Qui
2490 4989 2853 5051 dominatur
2887 4987 2954 5047 in
2989 4985 3224 5046 virtute
3269 5004 3382 5046 sua
3427 4985 3491 5047 in

2008 5099 2336 5152 aeternum.
2373 5087 2445 5147 Et
2485 5087 2548 5148 in
2582 5085 2740 5147 lsaia
2777 5103 2790 5145 :
2826 5084 2964 5146 Haec
3003 5083 3157 5144 dicit
3191 5082 3494 5144 Dominus

2008 5187 2294 5250 excelsus
2344 5193 2406 5247 et.
2457 5182 2772 5258 sublimiS,
2830 5181 3125 5243 habitans
3180 5180 3495 5242 aeternita-

2009 5296 2159 5348 tem.
2201 5283 2382 5346 Circa
2426 5282 2544 5343 hoc
2589 5281 2819 5360 allegat
2858 5278 3152 5341 Albertus
3197 5277 3495 5340 Aristote-

3551 5003 3730 5052 Paea-xv,
3745 5006 3784 5049 7.

3535 5101 3600 5146 1⁸.
3616 5103 3784 5149 ¹.vn,l5.
