4309 6259
120 1702 227 1745 Luc.

118 2094 199 2135 lob
226 2108 249 2134 ι

86 2159 143 2195 Η).

81 2686 193 2727 senx

134 2500 167 2528 8.
182 2501 281 2533 11:11.

197 2686 345 2731 vu,10.

1206 534 1553 583 ENAnnATlo
1596 534 1657 581 IN
1700 536 1837 581 cAP.
1884 532 2078 582 xxvul
2114 534 2242 581 1013.
2287 555 2368 565 —
2407 537 2550 584 Am.
2597 535 2670 582 ΙΝ

3355 516 3476 586 625

376 713 531 766 sunt
578 705 920 769 rationales
968 725 1081 768 seu
1131 706 1595 769 intellectuales
1636 705 1746 768 Dei
1786 704 1878 767 fa·
1907 703 1960 767 A
1986 722 2112 785 gno
2144 707 2422 790 propriis
2451 716 2660 790 potest
2689 709 2934 772 viribus
2967 710 3478 792 promereri.Nec

373 810 597 879 cturae,
634 802 987 885 praesertim
1020 803 1075 864 si
1106 804 1291 867 donis
1329 804 1547 883 gratiae
1578 823 1877 885 perorna-

376 906 476 975 tae,
531 900 815 964 Creatori
876 920 992 965 suo
1046 909 1181 965 tota
1238 909 1451 964 mente
1500 902 1869 965 inhaereant.

370 996 573 1060 Omne
625 998 842 1079 itaque
888 1000 1239 1081 pretiosum
1290 1000 1408 1062 sub
1457 1000 1610 1076 sole,
1667 999 1729 1061 id
1779 1006 1875 1061 est

370 1098 632 1157 omnem
684 1096 1009 1160 hominem
1060 1097 1437 1173 virtuosum,
1481 1099 1643 1160 Deus
1685 1097 1874 1160 oculo

367 1193 857 1275 approbationis
887 1203 1257 1277 conspectat
1292 1213 1305 1257 :
1340 1204 1643 1278 tantoque
1684 1196 1873 1258 homo

371 1291 719 1372 pretiosior
758 1301 853 1355 est
892 1293 957 1355 in
1000 1293 1205 1356 oeulis
1246 1294 1377 1371 Dei,
1411 1301 1653 1375 quanto
1684 1292 1873 1357 vilior

372 1390 441 1452 in
502 1392 711 1454 oculis
772 1392 955 1467 suis3
1004 1402 1180 1457 tanto
1234 1411 1490 1474 quoque
1548 1392 1626 1453 fit
1684 1391 1872 1455 vilior

372 1490 523 1567 Deo,
557 1498 803 1571 quanto
833 1490 1171 1572 pretiosior
1210 1490 1356 1565 sibi,
1392 1490 1453 1551 id
1485 1498 1599 1565 est,
1633 1497 1872 1570 quanto

374 1589 581 1668 magis
633 1608 701 1651 se
749 1589 959 1668 erigit.
1002 1589 1158 1651 Hinc
1210 1588 1496 1669 loquitur
1532 1587 1866 1651 Christus:

249 1716 343 1753 ω,
371 1686 553 1761 Quod
582 1687 958 1752 hominibus
988 1687 1187 1749 altum
1216 1695 1333 1763 est,
1357 1685 1747 1749 abominatio
1776 1692 1873 1748 est

372 1795 525 1849 ante
572 1788 794 1849 Deum.
842 1788 1194 1863 Profunda
1232 1806 1479 1865 qaoque
1513 1785 1871 1861 fluviorum

1987 804 2327 865 invenitur
2375 808 2446 867 in
2497 817 2671 868 terra
2713 809 3001 869 suaviter
3049 810 3408 869 viventium
3449 828 3472 867 .·

1986 900 2140 981 quia
2195 903 2721 985 voluptuosorum
2789 905 3058 969 delicate
3117 906 3471 969 viventium

1984 1000 2174 1061 corda
2202 1000 2486 1063 Christus
2519 1022 2634 1083 per
2661 1003 2928 1082 gratiam
2972 1022 3100 1067 non
3131 1003 3468 1066 inhabitat.

1982 1096 2240 1179 Propter
2269 1099 2441 1180 quod
2471 1100 2558 1161 ait
2593 1117 2606 1161 ε
2639 1100 2747 1162 Vae
2773 1100 2956 1165 vobis
2996 1101 3326 1179 divitibus,
3358 1100 3471 1183 qui
3517 1117 3764 1169 Lucam.

1983 1194 2232 1257 habetis
2262 1197 2764 1260 consolationem
2797 1207 3073 1261 vestram
3100 1224 3115 1274 3
3159 1219 3254 1263 vae
3286 1199 3472 1263 vobis
3499 1182 3568 1223 ²⁵·

1982 1292 2093 1372 qui
2126 1295 2387 1357 saturati
2419 1295 2594 1373 estis,
2620 1295 2774 1377 quia
2801 1296 3132 1372 esurietis3
3164 1317 3258 1361 vae
3289 1296 3472 1361 vobis

1983 1392 2092 1471 qui
2143 1392 2388 1471 ridetiS,
2438 1394 2590 1475 quia
2634 1394 2938 1473 lugebitis
2981 1404 3045 1458 et
3096 1395 3360 1459 flebitis.
3403 1395 3470 1458 In

1981 1490 2281 1553 cordibus
2340 1510 2490 1571 ergo
2541 1492 3050 1574 poenitentialem
3104 1494 3300 1556 vitam
3361 1494 3474 1556 du-

1982 1588 2286 1665 centium,
2331 1609 2446 1652 sua
2493 1598 2557 1653 et
2602 1591 3036 1672 proximorum
3077 1599 3336 1673 peccata
3373 1593 3474 1653 de-

1984 1683 2302 1763 flentium,
2318 1688 2568 1752 Christo
2587 1689 2953 1753 cordialiter
2969 1689 3468 1767 condolentium,

1982 1785 2307 1865 propriam
2338 1787 2764 1851 calamitatem
2796 1796 2860 1851 et
2890 1788 3373 1864 exsulationem,
3399 1807 3471 1851 ac

370 1895 703 1946 seru-catus
732 1895 847 1955 est,
878 1884 940 1945 id
974 1893 1071 1948 est
1107 1884 1357 1947 occulta
1384 1891 1446 1945 et
1475 1882 1700 1944 intima
1730 1900 1867 1944 cor-
1905 1887 1952 1949 B
1979 1883 2200 1963 patriae
2230 1883 2604 1947 dilationem
2633 1886 3274 1965 lugentium,habitat
3301 1886 3472 1949 Chri·

374 1984 559 2045 dium
618 1983 1069 2046 humanorum.
1122 1982 1235 2045 Per
1288 2002 1516 2064 aquam
1574 1980 1747 2044 enim
1807 1988 1870 2043 et

254 2107 343 2143 m,
377 2081 679 2159 flumina,
716 2081 1007 2144 homines
1051 2081 1489 2162 designantur,
1532 2088 1601 2143 ut
1640 2079 1865 2162 patuit,

377 2188 645 2262 propter
691 2180 1147 2242 abundantiam
1209 2180 1560 2260 utriusque,
1612 2187 1673 2240 et
1722 2195 1873 2258 quo-

376 2277 551 2340 niam
594 2296 705 2341 cor
746 2278 1096 2340 humanum
1142 2279 1342 2340 instar
1379 2294 1560 2358 aquae
1592 2285 1656 2338 et
1687 2275 1871 2340 fluvii

376 2376 685 2439 instabile
748 2375 1149 2457 fluidumque
1206 2375 1517 2438 consistit.
1572 2374 1749 2436 Unde
1807 2373 1871 2435 in

330 2518 342 2527 -
374 2475 629 2538 Psalmo
660 2482 951 2537 cantatur
980 2492 993 2535 :
1018 2474 1442 2538 Elevaverunt
1472 2472 1745 2535 flumina
1775 2490 1877 2536 vo-

374 2594 518 2637 cem
578 2593 783 2635 suam.
836 2571 1133 2635 Omnium
1192 2580 1406 2635 autem
1466 2572 1658 2635 corda
1711 2572 1876 2633 Deus

374 2680 721 2748 scrutatur,
764 2672 944 2753 juxta
992 2670 1150 2732 illud
1196 2670 1484 2733 Jeremiae
1530 2687 1544 2731 ε
1591 2670 1720 2749 Ego
1763 2669 1878 2731 Do-

374 2771 595 2833 minus
633 2778 925 2831 scrutans
966 2787 1095 2844 cor,
1132 2776 1195 2829 et
1236 2767 1511 2849 probans
1552 2785 1757 2829 renes,
1789 2768 1875 2827 Et

372 2871 753 2930 abscondita
782 2869 1104 2944 produxit
1134 2868 1203 2927 in
1237 2872 1469 2936 lucem,
1498 2865 1561 2927 id
1593 2872 1709 2941 est,
1744 2884 1875 2945 my-

372 2967 571 3029 steria
602 2965 763 3047 legis
792 2984 866 3029 ac
896 2965 1376 3047 Prophetarum,
1396 2973 1588 3046 atque
1621 2962 1878 3025 velami-

1980 1987 2137 2058 stuS,
2175 1982 2284 2062 qui
2329 1983 2420 2045 ait
2454 2004 2467 2047 :
2504 1984 2676 2045 Beati
2727 1986 2837 2066 qui
2879 1985 3121 2065 lugent,
3163 1985 3464 2066 quoniam
3495 1991 3762 2042 ”auh-*25-

1980 2078 2105 2160 ipsi
2154 2081 2675 2144 consolabuntur.
2730 2084 2872 2146 Ideo
2927 2083 3018 2145 ait
3063 2084 3396 2146 Psalmista
3450 2100 3462 2144 ε

1980 2178 2210 2241 Renuit
2239 2180 2552 2242 consolari
2585 2180 2799 2243 anima
2828 2201 2990 2244 mea.
3016 2181 3469 2243 Verumtamen
3499 2199 3759 2249 tauma.

1981 2284 2079 2337 est
2125 2279 2413 2356 quaedam
2465 2278 2818 2359 spiritualis
2867 2279 3149 2341 suavitas
3193 2279 3465 2354 interna,

1985 2374 2172 2451 bona,
2208 2375 2564 2456 praedulcis,
2609 2395 2752 2456 quae
2789 2376 3021 2439 Christi
3064 2375 3472 2439 inhabitatio-

1987 2491 2133 2533 nem
2186 2491 2311 2535 non
2362 2473 2660 2551 excludit,
2706 2474 2816 2537 sed
2861 2474 3320 2557 praesupponit,
3364 2483 3474 2538 aut

1986 2572 2467 2634 concomitatur.

2063 2672 2349 2746 Abyssus
2375 2672 2538 2732 dicit
2559 2692 2581 2731 .·
2607 2674 2753 2733 Non
2779 2681 2868 2732 est
2901 2674 2972 2731 in
3003 2693 3123 2733 me.
3155 2671 3272 2733 Per
3301 2670 3476 2753 abys-

1985 2784 2148 2841 sum,
2175 2766 2467 2830 homines
2500 2770 2854 2846 saeculareS,
2877 2770 3165 2851 duplices
3192 2769 3382 2833 corde
3413 2776 3476 2831 et

1983 2864 2200 2926 callidi
2233 2866 2650 2945 designantur
2683 2885 2698 2928 ε
2735 2868 2847 2949 qui
2879 2868 3077 2929 instar
3115 2867 3332 2943 maria,
3366 2885 3473 2929 va-

1984 2962 2180 3024 nitate
2212 2971 2274 3025 et
2306 2966 2581 3045 peccatis
2607 2974 2758 3027 sunt
2787 2964 2975 3029 fluidi
3006 2972 3070 3027 et
3097 2964 3471 3046 duplicitate

375 3084 458 3127 na
492 3064 991 3147 Scripturarum,
1027 3082 1143 3144 per
1180 3062 1613 3143 evangelicam
1654 3060 1877 3123 doctri·
1909 3064 1952 3128 C
1983 3062 2260 3139 obscuri,
2300 3062 2480 3143 juxta
2517 3063 2677 3125 illud
2722 3063 3028 3140 Jeremiae,
3066 3063 3338 3126 Pravum
3373 3070 3474 3125 est
3498 3076 3762 3127 senuna.

372 3182 525 3226 nam
556 3161 853 3245 exposuit
877 3161 1186 3237 Christus,
1204 3168 1267 3223 et
1293 3178 1407 3242 per
1429 3160 1874 3242 Apostolorum

372 3261 898 3345 praedicationem
928 3258 1379 3322 manifestavit.
1405 3259 1581 3322 Unde
1603 3260 1685 3321 de
1701 3257 1873 3319 Chri·

225 3390 293 3418 m
372 3370 472 3424 sto
505 3360 819 3442 scriptum
852 3366 949 3421 est
982 3378 995 3423 :
1032 3358 1295 3440 Aperuit
1326 3358 1454 3420 illis
1487 3376 1767 3433 sensum,
1804 3365 1873 3418 ut

372 3458 814 3538 intelligerent
845 3456 1226 3538 Scripturas.
1254 3457 1331 3518 Et
1359 3455 1701 3539 Apostolus
1732 3454 1820 3517 ait
1854 3472 1869 3517 ε

201 3588 341 3625 οων,
374 3557 539 3619 Deus
575 3556 690 3637 qui
720 3554 879 3617 dixit
913 3555 993 3617 de
1023 3554 1304 3617 tenebris
1338 3555 1555 3617 lumen
1587 3555 1875 3636 splende-

372 3672 576 3730 scere,
612 3652 827 3716 illuxit
876 3653 941 3715 in
992 3651 1296 3715 cordibus
1336 3651 1572 3716 nostris
1608 3653 1689 3714 ad
1730 3651 1875 3714 illu-

372 3752 801 3816 minationem
830 3751 1117 3814 scientiae
1147 3750 1455 3814 veritatis
1572 3811 1582 3818 ,

456 3853 808 3930 Sapientia
847 3872 995 3911 vero
1040 3852 1155 3910 ubi
1198 3852 1581 3911 invenitur?
1620 3859 1680 3910 et
1728 3851 1877 3929 qais

372 3960 465 4011 est
497 3954 673 4010 locus
708 3951 1205 4026 incellzyentioe?
1242 3948 1383 4010 Haec
1420 3947 1757 4027 Gregorius
1797 3947 1875 4009 de

376 4048 665 4111 increata
716 4046 1061 4130 Sapientia,
1117 4046 1180 4107 id
1230 4054 1325 4109 est
1372 4044 1712 4124 Unigenito
1762 4044 1871 4107 Dei

374 4146 652 4225 Christo,
690 4146 969 4228 exponit.
1006 4146 1093 4207 De
1120 4163 1249 4227 quo
1281 4143 1564 4224 loquitur
1588 4144 1818 4206 Paulus
1855 4163 1868 4207 :

378 4342 787 4427 sapientiam.
835 4342 975 4424 Ipse
1011 4361 1267 4423 quoque
1310 4350 1405 4403 est
1452 4340 1876 4420 intelligentia

232 4472 253 4499 v
320 4490 331 4499 .
380 4442 713 4506 increata:
754 4441 833 4503 de
880 4459 1011 4522 quo
1054 4440 1309 4522 reprobi
1353 4439 1596 4516 dicunt,
1643 4438 1744 4502 Sol
1788 4440 1877 4501 in-

380 4540 757 4622 telligentiae
788 4557 917 4602 non
956 4546 1053 4601 est
1093 4546 1269 4601 ortus
1302 4538 1509 4601 nobis.
1546 4537 1873 4618 Siquidem

379 4640 445 4701 in
498 4638 627 4701 Deo
676 4645 827 4700 sunt
876 4636 1068 4713 idem,
1124 4635 1486 4717 intelligens
1536 4644 1599 4699 et
1646 4635 1876 4699 intelli-

376 4736 616 4817 gentia,
684 4735 851 4798 sicut
908 4735 1163 4817 sapiens
1220 4742 1283 4798 et
1338 4734 1670 4816 sapientia.
1736 4734 1873 4796 Haec

379 4852 531 4915 ergo
570 4832 918 4915 Sapientia,
960 4833 1309 4896 secundum
1354 4851 1531 4893 suam
1574 4832 1875 4895 divinita-

380 4940 507 4996 tem
561 4930 826 4993 infinita
882 4937 945 4993 et
1001 4929 1694 5011 incircumscriptibilis
1746 4950 1875 4992 ma-

378 5049 561 5107 nenS,
596 5050 635 5091 a
666 5027 844 5092 nullo
876 5026 1159 5109 perfecte
1186 5028 1613 5109 cognoscitur,
1640 5028 1875 5091 nullibi

378 5126 933 5210 circumscriptive
974 5126 1339 5190 continetur
1378 5134 1490 5188 aut
1530 5126 1869 5189 clauditur.

382 5226 601 5287 Nescit
648 5228 831 5285 homo
876 5226 1165 5304 pretium
1210 5225 1350 5301 ejus
1390 5244 1413 5283 .·
1459 5222 1613 5304 quia
1659 5225 1875 5287 omnia

380 5322 645 5386 infinite
684 5323 952 5401 excedit,
998 5341 1115 5386 nec
1164 5341 1301 5385 eam
1352 5320 1496 5402 quis
1535 5322 1615 5383 de
1657 5322 1875 5384 condi-

630 5454 695 5507 T.
730 5454 780 5505 4.

1983 3178 2091 3221 cor
2122 3160 2406 3223 hominis
2437 3168 2498 3223 et
2529 3161 2965 3223 inscrutabile.
3000 3162 3068 3224 ln
3099 3162 3334 3225 talibus
3364 3178 3474 3224 au-

1986 3266 2112 3321 tem
2142 3259 2432 3322 Christus
2459 3260 2735 3340 gratiose
2767 3278 2897 3323 non
2928 3260 3316 3325 immoratur.
3337 3261 3476 3323 Pre-

1985 3366 2125 3437 pter
2154 3359 2326 3439 quod
2358 3358 2614 3440 sapiens
2643 3358 2905 3439 quidam
2937 3367 3153 3421 monet
3185 3379 3200 3422 ε
3231 3358 3474 3421 Sentite
3530 3374 3746 3432 Sap.=.1.

1985 3454 2061 3517 de
2092 3456 2362 3519 Domino
2402 3455 2469 3518 in
2509 3455 2817 3533 bonitate,
2853 3463 2917 3517 et
2955 3455 3021 3517 in
3062 3455 3474 3537 simplicitate

1983 3554 2194 3617 cordis
2237 3554 2499 3634 quaerite
2538 3554 2745 3616 illum.
2779 3554 2857 3615 Et
2892 3573 3110 3616 rursus
3147 3569 3162 3615 ε
3197 3554 3475 3636 Spiritus
3544 3570 3727 3615 mas.

1984 3662 2240 3715 sanctus
2273 3652 2631 3735 disciplinas
2660 3652 2935 3732 effugiet
2965 3652 3212 3715 fictum.
3237 3656 3322 3715 Ει
3343 3674 3477 3715 ma-

1984 3772 2051 3809 re
2103 3754 2393 3831 loquitur
2428 3771 2451 3811 .·
2483 3753 2628 3814 Non
2675 3760 2762 3811 est
2804 3770 3070 3813 meeum.
3112 3750 3225 3813 Per
3271 3769 3468 3827 mare,

1984 3850 2153 3928 quod
2191 3850 2412 3913 orbem
2453 3850 2740 3931 sequitur
2788 3850 2978 3925 lunae,
3011 3857 3075 3910 et
3113 3848 3472 3929 inquietum

1982 3955 2172 4027 atque
2217 3966 2502 4009 amarum
2551 3956 2669 4024 est,
2713 3956 2960 4009 mentes
2997 3945 3174 4009 vitiis
3222 3946 3472 4027 agitatae

1983 4052 2047 4105 et
2076 4044 2435 4108 amaricatae
2467 4046 2836 4124 signantur:
2872 4063 3015 4126 quae
3045 4044 3211 4107 facto
3243 4052 3472 4106 testan-

1986 4150 2108 4218 tur,
2152 4144 2323 4223 quod
2365 4143 2430 4205 in
2474 4144 2632 4225 ipsis
2683 4161 2810 4206 non
2863 4143 2947 4204 sit
2986 4142 3307 4224 Sapientia
3347 4141 3470 4203 ista

168 4270 301 4316 orm
332 4300 343 4317 ,
377 4244 803 4309 Praedicamus
833 4242 1159 4306 Christum
1190 4243 1299 4305 Dei
1330 4242 1631 4305 virtutem
1671 4250 1733 4305 et
1764 4240 1872 4304 Dei
1905 4245 1954 4306 D
1982 4250 2217 4303 aeterna
2246 4241 2522 4323 gratiose
2561 4240 2918 4322 quiescenS,
2953 4260 3093 4322 quae
3123 4239 3234 4317 ait,
3269 4239 3470 4321 Super
3497 4256 3757 4309 catam„

1982 4358 2176 4420 quem
2203 4338 2560 4419 requiescet
2590 4338 2864 4419 Spiritus
2895 4357 3096 4415 meus,
3123 4338 3246 4399 nisi
3279 4356 3470 4420 super
3499 4325 3539 4366 ²·

1980 4438 2271 4518 quietum
2303 4444 2368 4498 et
2400 4437 2709 4498 humilem
2723 4439 2746 4497 ‘l
2760 4436 2936 4498 Unde
2957 4436 3464 4498 Ecclesiasticus:

1980 4536 2180 4599 Homo
2211 4542 2469 4597 sanctus
2509 4533 2573 4595 in
2613 4532 2928 4615 sapientia
2965 4540 3182 4596 manet
3221 4542 3292 4595 ut
3329 4533 3462 4607 sol;
3495 4556 3761 4607 aecium-u.

1983 4653 2128 4696 nam
2181 4633 2415 4695 stultus
2463 4640 2745 4694 mutatur
2791 4638 2862 4693 ut
2921 4630 3092 4695 luna.
3147 4630 3470 4713 Sapientia
3501 4622 3565 4663 ¹²·

1982 4733 2182 4813 igitur
2239 4731 2395 4794 facit
2444 4729 2769 4796 hominem
2820 4729 3183 4793 ordinatum
3237 4737 3302 4791 et
3348 4738 3472 4791 sta-

1982 4830 2204 4893 bilem.

2066 4932 2214 4989 Non
2233 4930 2502 4989 dabitur
2521 4948 2760 4989 aarum
2781 4928 3078 4987 obrizum
3089 4945 3213 5002 pro
3235 4944 3333 4985 ea.
3357 4923 3473 4986 Per

1984 5046 2210 5089 aurum
2256 5026 2568 5102 obrizum,
2615 5025 2783 5106 quod
2831 5022 3244 5106 purissimum
3280 5021 3475 5104 preti-

1984 5125 2483 5205 osissimumque
2531 5123 2846 5199 consistit,
2888 5120 3099 5200 angeli
3151 5120 3356 5183 sancti
3405 5120 3470 5181 in

1984 5244 2099 5287 sua
2148 5223 2423 5305 puritate
2473 5228 2826 5295 manentes,
2869 5227 2934 5281 et
2983 5218 3474 5301 supernaturali-

1984 5324 2104 5386 bus
2152 5322 2338 5384 donis
2387 5320 2616 5397 ornati,
2661 5317 3158 5399 intelliguntur:
3205 5316 3317 5398 qui
3357 5334 3473 5397 pro

3157 5452 3222 5501 40
