4309 6259
870 483 987 546 156
1305 502 1651 549 mammo
1693 503 1756 548 IN
1797 503 1932 549 GAP.
1981 503 2085 548 xvl
2124 502 2284 548 LIBRI
2326 502 2495 548 mum
2535 499 3066 546 PARALIPOMENON.
3109 519 3193 530 —·
3231 501 3374 547 ΛΒΤ.
3418 499 3522 546 ΧΠ

866 672 1010 736 bala
1047 680 1441 757 pereuteret3
1489 674 1820 734 Banaiam
1862 693 2008 733 vero
2047 683 2106 734 et
2142 673 2354 734 Jaziel
2383 669 2434 732 A
2469 673 2572 732 22·oe
2593 675 3010 749 populorum,
3029 675 3252 748 afferte
3279 672 3554 733 Domino
3575 669 3862 747 yloriam
3887 678 3950 728 et

862 775 1211 834 sacerdotes
1241 792 1470 833 canere
1502 773 1651 833 tuba
1667 773 1925 850 juyiter
1953 792 2166 833 coram
2200 790 2354 832 area
2466 772 2845 847 imperium,
2873 772 3023 829 date
3061 771 3336 830 Domino
3369 770 3650 844 yloriam
3691 767 3949 826 nomini

867 874 1130 950 s'oederis
1167 874 1457 934 Domini.
1503 876 1585 932 In
1626 873 1745 931 illa
1794 873 1903 931 die
1939 872 2095 947 fecit
2134 872 2356 933 David
2462 869 2624 946 ejus.
2660 871 2894 928 Levate
2919 867 3346 944 sacrificium,
3371 876 3432 927 et
3461 867 3668 926 venite
3703 865 3776 924 in
3804 883 3950 924 con-

860 971 1228 1048 principem
1271 973 1358 1030 ad
1396 972 1833 1047 confitendum
1875 971 2258 1038 Dominum,
2289 968 2354 1030 id
2463 978 2679 1044 spectu
2708 968 2874 1044 ejus,
2902 977 2962 1028 et
2993 971 3255 1028 adorate
3284 967 3633 1028 Dominum
3673 967 3748 1025 in
3775 967 3950 1024 deeo-

865 1076 961 1131 est
991 1068 1069 1130 ad
1102 1067 1487 1130 laudandum
1520 1068 1739 1146 Deum,
1776 1067 1986 1148 ipsum
2018 1069 2268 1144 Asaph,
2295 1077 2356 1128 et
2467 1087 2536 1127 re
2553 1076 2791 1127 saneto.
2815 1069 3299 1126 Commoveatur
3327 1085 3368 1125 a
3393 1065 3565 1141 facie
3580 1065 3720 1140 ejus
3738 1065 3952 1124 omnis

863 1169 1105 1247 fratres
1133 1167 1274 1243 ejus
1304 1165 1423 1228 sub
1452 1184 1547 1229 eo.
2469 1175 2640 1226 terra
2653 1188 2682 1236 ,·
2710 1165 2843 1241 ipse
2871 1166 3046 1224 enim
3075 1165 3393 1241 fundavit
3421 1165 3630 1222 orbem
3659 1164 3951 1222 immobi-

946 1265 1187 1328 Deinde
1217 1264 1629 1347 subjungitur
1656 1265 1975 1328 canticum
1997 1264 2172 1345 quod
2194 1262 2357 1345 psal·
2467 1269 2610 1325 lem.
2657 1266 2991 1325 Loetentur
3028 1265 3194 1334 coeli,
3236 1273 3297 1322 et
3335 1265 3608 1322 eoesultet
3651 1271 3845 1334 terra,
3888 1270 3950 1322 et

868 1363 1103 1440 lebant,
1124 1371 1347 1444 estque
1366 1363 1787 1445 compositum
1810 1382 1887 1425 ex
1906 1361 2172 1444 psalmis
2203 1362 2357 1423 duo-
2465 1363 2692 1422 dicant
2719 1363 2792 1421 in
2821 1362 3196 1422 nationibus
3225 1381 3250 1420 .·
3278 1361 3593 1421 Dominus
3625 1361 3944 1436 regnavit.

576 1461 841 1565 15³³*ss
869 1463 1009 1539 buS,
1046 1471 1199 1544 puta
1242 1481 1317 1524 ex
1359 1461 1603 1543 psalmo
1643 1461 1991 1524 centesimo
2025 1468 2250 1542 quarto
2293 1467 2358 1522 et
2474 1467 2666 1523 Tonet
2713 1480 2894 1520 mare
2937 1468 2997 1518 et
3035 1460 3379 1536 plenitudo
3423 1459 3588 1534 ejus,
3629 1461 3950 1518 exsultent

577 1531 841 1643 ιὲξᾷῗῖζιίτ,
870 1561 1280 1641 nonagesimo
1302 1561 1549 1641 quinto.
1586 1560 1653 1622 In
1702 1559 1729 1621 f
1733 1560 1837 1623 ine
1874 1568 2084 1623 tamen
2121 1558 2356 1621 cantici
2467 1560 2642 1636 ayri,
2670 1568 2731 1619 et
2756 1560 2979 1618 omnia
3009 1578 3152 1637 quw
3183 1559 3254 1617 in
3284 1557 3375 1616 eis
3403 1566 3577 1617 sunt.
3603 1559 3779 1616 Tunc
3809 1559 3949 1615 lau·
4266 1619 4267 1632 2

574 1649 644 1694 ⁴⁸·
872 1661 1064 1742 hujus
1094 1658 1398 1721 inseritur
1429 1658 1673 1740 primus
1702 1678 1923 1721 versus
1954 1657 2184 1740 psalmi
2215 1677 2358 1720 een·
2465 1660 2715 1719 dabunt
2753 1659 2936 1734 liqna
2971 1659 3176 1716 saltus
3213 1675 3430 1716 coram
3461 1655 3758 1723 Domino,
3789 1656 3948 1732 quia
4266 1635 4267 1716 ἶ

870 1758 1079 1822 tesimi
1109 1756 1339 1839 quinti,
1375 1765 1439 1820 et
1468 1756 1944 1838 subjunguntur
1978 1764 2103 1819 tres
2142 1756 2352 1819 ultimi
2467 1757 2644 1818 venit
2658 1758 2972 1833 judicare
3003 1765 3262 1816 terram.
3299 1753 3710 1830 Confitemini
3737 1756 3950 1814 Domi·
4266 1811 4267 1842 ¹

866 1876 1088 1922 versus
1118 1857 1405 1938 ejusdem
1438 1855 1690 1938 psalmi.
1716 1855 1945 1937 Sieque
1974 1855 2187 1918 dicere
2219 1874 2357 1937 pos·
2392 1853 2438 1916 B
2465 1879 2575 1927 ne,
2605 1857 2916 1936 quoniam
2941 1857 3161 1927 bonus,
3195 1855 3506 1932 quoniam
3533 1853 3608 1912 in
3635 1861 3950 1916 aeternum
4266 1853 4267 1928 l

868 1975 1111 2032 sumus,
1148 1955 1319 2036 quod
1366 1973 1442 2016 ex
1488 1954 1690 2016 tribus
1733 1953 1993 2035 psalmis
2033 1954 2354 2017 canticum
2467 1955 2914 2017 misericordia
2955 1955 3116 2030 ejus,
3155 1957 3238 2015 E't
3276 1954 3474 2013 dicite
3563 1955 3766 2013 Salva
3807 1971 3944 2023 nos,

867 2055 1038 2117 istud
1058 2053 1481 2136 compositum
1503 2053 1606 2115 sit.
1626 2055 2039 2134 Confitemini
2057 2055 2350 2122 DominO,
2466 2058 2637 2116 Deus
2677 2057 2963 2114 salvator
3001 2061 3238 2122 noster,
3267 2062 3328 2112 et
3364 2069 3674 2128 conyreya
3711 2071 3850 2120 ποις,
3887 2061 3950 2112 et

864 2163 924 2214 et
944 2154 1233 2213 invocate
1262 2171 1491 2212 nomen
1522 2153 1698 2229 ejus-,⁰
1728 2161 1909 2212 notas
1937 2153 2137 2230 facite
2161 2152 2232 2212 in
2249 2171 2356 2229 po·
2464 2174 2616 2215 erue
2653 2155 2732 2213 de
2763 2153 3088 2228 mutibus,
3118 2160 3192 2210 ut
3231 2153 3652 2226 confiteamur
3690 2151 3952 2210 nomini

857 2252 1039 2329 pulis
1061 2251 1551 2311 adinventiones
1569 2251 1996 2327 ejusCantate
2014 2251 2096 2319 ei,
2112 2260 2172 2310 et
2184 2253 2356 2327 psal·
2461 2262 2680 2313 sancto
2731 2261 2860 2322 tuo,
2901 2260 2960 2310 et
3003 2252 3394 2310 eoesultemus
3433 2249 3509 2308 in
3547 2249 3952 2310 carminibus

866 2351 977 2410 lite
1014 2351 1100 2419 ei,
1140 2358 1199 2409 et
1244 2359 1510 2409 narrate
1547 2349 1772 2410 omnia
1809 2350 2147 2410 mirabilia
2187 2349 2348 2426 ejus.
2467 2353 2617 2414 tuis.
2657 2351 3040 2412 Benedictus
3069 2350 3386 2409 Dominus
3415 2349 3584 2408 Deus
3612 2347 3840 2416 Israel,
3869 2349 3952 2406 ab

864 2439 1161 2509 Laudate
1179 2466 1407 2507 nomen
1438 2457 1733 2508 sanctum
1762 2447 1938 2523 ejus;
1970 2449 2220 2507 loetetur
2248 2467 2355 2506 eor
2461 2459 2698 2512 oeterno
2725 2459 2784 2509 et
2814 2468 3012 2527 usque
3045 2448 3120 2506 in
3153 2457 3506 2517 oeternum‚·
3532 2455 3591 2506 et
3619 2447 3796 2506 dicat
3823 2467 3953 2507 om-

862 2546 1293 2625 quoerentium
1312 2545 1684 2605 Dominum.
1702 2545 1979 2612 Quoerite
1998 2545 2352 2605 Dominum
2463 2551 2568 2611 nis
2589 2551 2899 2625 populus,
2928 2550 3162 2616 Amen,
3191 2555 3252 2606 et
3280 2547 3598 2622 hymnum
3627 2547 3773 2605 Deo,

862 2653 921 2704 et
955 2644 1260 2703 virtutem
1288 2644 1450 2721 ejus,
1476 2643 1747 2722 quoerite
1773 2643 2011 2719 faciem
2040 2643 2183 2720 ejus
2199 2663 2355 2703 sem·
2543 2646 2676 2709 Non
2709 2664 2870 2727 opus
2901 2663 3042 2708 reor
3080 2644 3200 2706 hoe
3244 2643 3384 2706 loeo
3413 2640 3582 2704 istud
3612 2660 3949 2723 exponere,

858 2741 1471 2820 per.Recordamini
1491 2742 1902 2801 mirabilium
1930 2741 2070 2816 ejus
2094 2761 2238 2820 quoe
2267 2744 2355 2820 fe·
2463 2745 2614 2827 quia
2639 2742 3016 2827 jamdudum
3061 2743 3128 2804 in
3172 2741 3568 2823 expositione
3611 2740 3758 2803 libri
3787 2740 3952 2804 Psal-

862 2841 1307 2916 cit,si9norum
1328 2841 1601 2909 illius,et
1604 2839 2021 2915 judiciorum
2041 2841 2172 2900 oris
2191 2840 2346 2916 ejus.
2462 2863 2709 2907 morum
2741 2841 3004 2924 exposui
3035 2841 3269 2923 ipsum.
3302 2841 3431 2903 Hoe
3457 2849 3665 2902 tamen
3695 2849 3952 2920 tangen-

864 2942 1096 3000 Semen
1128 2941 1353 3008 Israel,
1374 2939 1545 2998 servi
1572 2939 1750 3014 ejus,·
1775 2941 1911 3015 ficii
1936 2940 2147 3009 Jacob,
2171 2940 2354 2999 electi
2462 2944 2636 3021 dum,
2689 2942 2860 3024 quod
2911 2942 3080 3004 istud
3137 2940 3512 3022 adjunctum
3569 2959 3644 3002 ex
3698 2939 3948 3002 Psalmo

862 3039 1024 3116 ejus.
1060 3040 1204 3114 Ipse
1232 3039 1551 3098 Dominus
1589 3039 1760 3097 Deus
1797 3046 2011 3098 noster
2025 3061 2054 3109 ,·
2091 3039 2166 3097 in
2203 3040 2353 3098 uni-
2387 3037 2432 3101 C
2461 3041 2810 3105 centesimo
2840 3040 3089 3122 quinto,
3120 3038 3438 3116 videlieet,
3465 3038 3542 3100 Et
3569 3037 3780 3114 dicite,
3815 3036 3950 3100 Sal·
3993 3056 4074 3098 1²2.
4089 3069 4152 3106 cv,
4167 3056 4226 3103 ιτ,
4266 3111 4267 3114 Ἴ

865 3157 1047 3197 versa
1088 3146 1260 3219 terra
1281 3137 1553 3214 judicia
1588 3137 1749 3214 ejus.
1783 3139 2247 3197 Recordamini
2277 3138 2350 3196 in
2465 3160 2542 3203 va
2587 3159 2721 3218 neS,
2757 3141 2922 3202 Deus
2955 3139 3230 3202 salvator
3262 3146 3498 3213 noster,
3532 3144 3596 3199 et
3635 3153 3949 3216 congrega
3977 3121 4048 3162 ⁴⁸·

860 3237 1325 3312 sempiternum
1366 3237 1548 3312 pacti
1592 3237 1756 3312 ejus,
1806 3237 2117 3296 sermonis
2163 3255 2350 3315 quem
2463 3257 2601 3314 noS,
2635 3245 2699 3301 et
2742 3255 2894 3300 erue
2937 3237 3015 3299 de
3046 3235 3364 3316 gentibuS,
3409 3243 3480 3296 ut
3527 3232 3952 3297 confiteamur

854 3334 1163 3412 praecepit
1192 3335 1266 3394 in
1310 3335 1487 3394 mille
1515 3335 1979 3410 yenerationes.
2020 3337 2220 3402 Quem
2245 3354 2352 3411 pe-
2462 3336 2708 3399 nomini
2740 3343 2959 3399 saneto
2991 3343 3120 3410 tuo,
3153 3341 3298 3410 ete„
3333 3332 3533 3415 aliqui
3579 3332 3800 3396 dieunt
3827 3333 3952 3397 hoe

856 3432 1031 3510 piyit
1079 3451 1228 3491 cum
1270 3433 1629 3502 Abraham,
1658 3441 1719 3492 et
1744 3433 2122 3509 juramen-ti
2164 3434 2352 3494 illius
2463 3436 2603 3499 loeo
2624 3454 2751 3499 non
2773 3434 3145 3515 adjunctum
3171 3451 3207 3494 a
3227 3432 3446 3510 David,
3473 3430 3775 3513 quoniam
3798 3440 3954 3494 tem-

862 3550 1011 3590 cum
1061 3532 1271 3591 Isaac.
1318 3532 1407 3590 Et
1454 3531 1787 3591 constituit
1828 3532 2005 3590 illud
2042 3533 2233 3591 Jacob
2278 3533 2349 3591 in
2460 3552 2614 3617 pore
2653 3533 2793 3614 ejus
2839 3531 2966 3594 filii
3013 3531 3200 3594 lsrael
3247 3550 3373 3594 non
3423 3538 3606 3593 erant
3650 3530 3946 3612 dispersi,

854 3638 1279 3707 praeceptum,
1307 3639 1367 3690 et
1396 3631 1602 3690 Israel
1630 3630 1703 3689 in
1726 3638 1995 3708 pactum
2024 3632 2353 3707 sempiter-
2460 3641 2571 3696 aut
2599 3631 2770 3713 capti
2803 3630 2870 3693 in
2902 3630 3221 3710 gentibuS,
3257 3631 3366 3692 sed
3405 3629 3485 3692 ab
3513 3630 3731 3706 Esdra‚
3764 3630 3950 3710 cujus

864 3747 1053 3797 num,
1077 3728 1295 3788 dicens
1316 3747 1339 3787 .·
1376 3729 1521 3788 Tibi
1546 3730 1710 3786 dabo
1744 3736 1979 3788 terram
2014 3729 2347 3801 Chanaan,
2399 3742 2404 3748 '
2463 3731 2858 3813 temporibus
2888 3746 3119 3808 magna
3165 3748 3310 3810 pars
3340 3728 3561 3810 populi
3590 3728 3951 3791 Judaeorum

861 3826 1244 3903 funiculum
1282 3826 1661 3886 hereditatis
1708 3834 1929 3885 vestroe
1949 3848 1977 3896 ;
2013 3844 2216 3903 quum
2262 3846 2352 3886 es-
2461 3838 2597 3892 erat
2645 3827 2813 3891 inter
2857 3835 3080 3908 gentes
3128 3827 3437 3908 dispersa,
3471 3844 3586 3908 pro
3627 3827 3810 3908 eujus
3858 3844 3954 3889 re-

861 3933 1001 3985 sent
1032 3925 1237 4002 pauci
1278 3943 1570 3996 numero,
1608 3924 1811 4001 parvi
1840 3932 1901 3984 et
1935 3925 2147 3984 coloni
2185 3925 2350 4001 ejus,
2460 3926 2764 3992 ductione
2804 3925 3033 3989 Esdras
3077 3925 3304 3990 oravit.
3337 3924 3462 3987 Alii
3501 3924 3743 4001 dicunt,
3775 3926 3950 4005 quod

862 4034 922 4084 et
972 4024 1325 4084 transirent
1371 4026 1453 4084 de
1490 4031 1678 4099 ⁴qente
1725 4024 1813 4082 ad
1847 4031 2123 4098 yentem,
2167 4032 2228 4083 et
2274 4025 2352 4083 de
2465 4026 2662 4090 David
2701 4024 2947 4088 addidit
2985 4025 3180 4102 istud,
3218 4023 3372 4107 quia
3404 4023 3700 4106 praevidit
3727 4022 3796 4085 in
3823 4023 3955 4106 spi-

865 4141 1060 4199 reqno
1099 4123 1187 4181 ad
1217 4125 1535 4197 populum
1573 4123 1873 4181 alterum.
1910 4121 2057 4184 Non
2094 4122 2352 4182 dimisit
2463 4125 2614 4202 ritu,
2647 4125 2820 4206 quod
2849 4125 3080 4187 Esdras
3111 4123 3273 4185 vidit
3301 4123 3380 4185 ad
3411 4121 3688 4186 oculum.

865 4239 1257 4299 quemquam
1284 4219 1686 4277 calumniari
1712 4238 1833 4288 eos,
1850 4222 1961 4279 sed
1991 4221 2352 4298 increpavit
2385 4222 2434 4282 D
2545 4225 2904 4304 Dereliquit
2923 4225 3142 4303 itaque
3171 4223 3265 4282 ibi
3283 4241 3498 4282 coram
3519 4242 3672 4283 arca
3689 4221 3954 4299 foederis

854 4337 978 4396 pro
1008 4319 1099 4376 eis
1119 4335 1293 4393 reyes
1308 4333 1331 4375 .·
1353 4316 1571 4377 Nolite
1595 4325 1853 4393 tangere
1872 4317 2139 4379 christos
2160 4339 2349 4391 meos,
2465 4323 2733 4385 Domini
2762 4322 2982 4400 Asaph
3001 4331 3060 4380 et
3080 4321 3319 4397 fratres
3346 4320 3512 4398 ejus,
3533 4330 3606 4382 ut
3627 4321 3760 4380 min
3769 4320 3954 4380 istra-

861 4425 921 4476 et
943 4417 1016 4476 in
1036 4414 1380 4491 Prophetis
1400 4414 1557 4472 meis
1578 4415 1777 4474 nolite
1796 4417 2177 4493 malignari.
2196 4421 2354 4479 Can·
2465 4431 2608 4482 rent
2637 4421 2712 4480 in
2743 4430 3075 4498 conspectu
3097 4439 3288 4488 arcoe,
3310 4417 3376 4480 id
3407 4426 3505 4480 est
3534 4417 3600 4480 in
3631 4418 3820 4481 domo
3839 4417 3953 4480 illa

868 4522 993 4574 tate
1024 4513 1327 4581 Domino,
1356 4513 1565 4571 omnis
1600 4522 1809 4584 terra‚·
1849 4518 2240 4578 annuntiate
2275 4521 2355 4578 de
2467 4519 2674 4582 cultus
2707 4517 2934 4596 divini,
2961 4517 3026 4580 in
3056 4536 3183 4600 qua
3203 4533 3483 4599 praesens
3511 4517 3751 4580 exstitit
3779 4535 3946 4594 area,

866 4613 974 4672 die
1005 4613 1077 4670 in
1109 4612 1281 4670 diem
1310 4614 1601 4670 salutare
1631 4612 1792 4688 ejus.
1818 4614 2101 4676 Narrate
2122 4617 2195 4676 in
2207 4636 2356 4694 qen·
2451 4621 2737 4698 juqiter,
2757 4619 2824 4681 id
2856 4625 2950 4682 est
2982 4617 3156 4682 omni
3191 4625 3475 4699 tempore
3505 4624 3861 4697 opportuno
3890 4623 3954 4679 et

869 4710 1039 4771 tibus
1072 4711 1356 4786 ,qloriam
1395 4709 1562 4785 ejus,
1602 4719 1661 4770 et
1702 4712 1775 4771 in
1814 4715 2061 4773 cunctis
2091 4717 2356 4793 populis
2469 4717 2644 4782 horis
2687 4737 2724 4780 a
2762 4717 2958 4780 David
3003 4714 3309 4800 praefixis‚
3337 4735 3458 4793 per
3493 4716 3780 4791 sinqulos
3815 4717 3954 4775 dies

868 4809 1207 4867 mirabilia
1238 4809 1399 4882 ejus.
1436 4809 1605 4876 Quia
1645 4830 1922 4887 magnus
1950 4815 2268 4874 Dominus
2298 4826 2357 4877 et
2466 4827 2526 4879 et
2555 4819 2720 4877 vices
2747 4837 2925 4885 suas,
2953 4815 3190 4898 quibus
3211 4814 3334 4877 sibi
3361 4813 3635 4877 invicem
3667 4812 3956 4876 suecede-

874 4907 1227 4966 laudabilis
1244 4907 1468 4977 nimie,
1485 4916 1545 4966 et
1564 4907 1895 4969 horribilis
1924 4931 2115 4989 super
2144 4933 2360 4974 omnes
2473 4915 2630 4977 bant
2668 4913 2733 4974 in
2782 4911 3156 4975 ministeriis
3186 4912 3318 4976 Dei.
3352 4916 3558 4974 Porro
3611 4913 3958 4973 obededom

870 5007 1039 5064 deos.
1086 5007 1313 5066 Omnes
1360 5007 1536 5067 enim
1583 5009 1686 5067 dii
1726 5013 2115 5087 populorum
2159 5013 2358 5084 idola,
2471 5023 2531 5074 et
2578 5015 2817 5092 fratres
2867 5013 3006 5089 ejus
3045 5013 3385 5088 seoeayinta
3423 5020 3578 5083 oct0,
3612 5012 3962 5074 obededom

874 5104 1194 5163 Dominus
1238 5112 1454 5163 autem
1495 5109 1675 5166 coelos
1715 5109 1891 5184 feeit.
1944 5111 2263 5188 Confessio
2303 5121 2364 5172 et
2470 5112 2694 5188 filium
2737 5111 3042 5179 Idimum
3083 5118 3141 5169 et
3173 5111 3384 5178 Hoza,
3412 5111 3744 5170 constituit
3769 5109 3964 5187 jani-

874 5202 1373 5278 maynifieentia
1406 5223 1619 5264 eoram
1650 5225 1741 5277 e0‚
1774 5207 2091 5285 fortitudo
2120 5218 2181 5267 et
2203 5228 2369 5286 yau-
2479 5221 2658 5272 tores.
2693 5212 2904 5272 Sadoc
2961 5218 3177 5270 autem
3215 5211 3600 5269 sacerdotem
3627 5218 3687 5270 et
3721 5208 3963 5286 fratres

876 5301 1065 5360 dium
1095 5301 1167 5360 in
1210 5303 1339 5362 loeo
1376 5303 1537 5380 ejus.
1569 5305 1811 5382 Afferte
1839 5307 2137 5378 Domin0,
2169 5308 2369 5386 fami·
2476 5309 2617 5387 ejus
2645 5311 2994 5370 sacerdotes
3024 5305 3376 5384 constituit,
3402 5313 3465 5368 et
3493 5325 3632 5369 esse
3660 5305 3966 5388 praecepit
