4309 6259
866 492 985 556 158

1272 510 1619 560 mannum
1660 509 1723 555 m
1764 509 1903 554 CAP-
1948 506 2077 556 xvn
2114 507 2274 552 unm
2314 507 2486 554 mm
2525 507 3056 556 Pmmonmox.
3101 529 3182 540 -·
3222 511 3365 557 AM.
3411 511 3540 560 xv11

934 685 1153 758 Iqitur
1176 693 1355 744 nocte
1381 684 1503 742 illa
1532 684 1747 761 sactus
1772 689 1865 740 est
1892 697 2095 740 sermo
2124 678 2346 740 Domi·
2377 675 2430 737 A
2460 697 2588 738 nes.
2613 680 3073 742 DomineDeus
3091 703 3292 752 meus,
3313 685 3476 762 quid
3504 687 3679 744 ultra
3705 684 3948 744 addere

846 782 925 840 ni
967 784 1057 841 ad
1104 781 1399 850 Nathan,
1446 781 1665 840 dicens
1701 797 1725 840 .·
1762 781 1933 839 Vade
1978 785 2039 838 et
2092 780 2345 856 loquere

844 879 1065 940 David
1080 900 1259 940 servo
1282 899 1437 940 meo,
1454 881 1607 940 Hoec
1626 878 1789 938 dicit
1807 877 2129 938 Dominus
2152 892 2178 934 .·
2195 876 2344 936 Non

838 980 1188 1055 oedificabis
1208 987 1280 1039 tu
1300 979 1469 1038 mihi
1486 980 1752 1039 domum
1772 979 1861 1036 ad
1882 976 2338 1038 habitandum.

842 1076 1065 1156 Neque
1090 1079 1271 1137 enim
1290 1077 1507 1137 mansi
1536 1077 1609 1135 in
1628 1078 1842 1144 domo,
1862 1094 1946 1134 ea:
1964 1093 2032 1134 eo
2056 1083 2342 1148 tempore

846 1193 969 1254 quo
1005 1177 1211 1235 edua-i
1237 1178 1446 1237 Israel
1482 1177 1562 1234 de
1609 1183 1779 1234 terra
1808 1173 2109 1250 AEqypti,
2142 1189 2342 1250 usque

846 1273 919 1333 in
950 1275 1124 1336 diem
1150 1276 1321 1334 hanc
1338 1299 1365 1346 ,·
1403 1277 1514 1334 sed
1541 1273 1653 1350 sui
1686 1291 1933 1348 semper
1960 1279 2226 1331 mutans
2257 1271 2344 1328 lo-

848 1391 925 1432 ca
955 1373 1384 1441 tabernaculi,
1402 1382 1462 1432 et
1490 1373 1565 1432 in
1598 1373 1867 1431 tentorio
1898 1389 2164 1430 manens
2192 1387 2342 1427 cum

848 1471 1031 1530 omni
1059 1473 1285 1531 Israel.
1313 1471 1657 1549 Numquid
1678 1473 1923 1528 locutus
1950 1488 2095 1528 sum
2112 1469 2342 1526 saltem

850 1570 975 1628 uni
978 1569 1291 1645 judicum
1309 1570 1537 1639 Israel,
1560 1569 1793 1647 quibus
1806 1585 2242 1646 praeceperam
2267 1571 2342 1624 ut

844 1676 1179 1745 pascerent
1202 1669 1519 1744 populum
1564 1685 1800 1736 meum,
1832 1675 1891 1724 et
1918 1665 2097 1732 dimi,
2130 1665 2344 1732 Quare

852 1785 980 1825 non
1020 1767 1364 1843 aedificasti
1414 1767 1581 1825 mihi
1627 1767 1891 1825 domum
1938 1764 2272 1823 cedrinam
2313 1764 2344 1822 Ρ

2444 786 2649 852 potest
2677 781 2916 850 David,
2947 801 3152 859 quum
3193 782 3290 840 ita
3311 782 3780 858 qlorificaveris
3805 801 3942 840 ser-

2455 895 2608 934 vum
2653 885 2866 945 tuum,
2891 888 2952 937 et
2991 881 3358 955 coqnoveris
3395 883 3596 940 eum?
3635 881 3940 948 Domine,

2445 983 2709 1052 propter
2749 976 3084 1051 famulum
3127 987 3342 1048 tuum,
3353 979 3564 1055 juxta
3589 999 3696 1039 cor
3725 989 3942 1048 tuum,

2445 1073 2664 1148 fecisti
2715 1093 2968 1135 omnem
3015 1079 3573 1153 magnificentiam
3635 1079 3824 1146 hanc,
3883 1087 3946 1137 et

2447 1179 2598 1230 nota
2625 1191 2752 1230 esse
2781 1174 3046 1232 voluisti
3075 1176 3382 1235 universa
3415 1177 3778 1252 maynalia.
3805 1177 3942 1236 Do-

2447 1271 2645 1340 mine,
2679 1289 2808 1331 non
2838 1281 2930 1331 est
2965 1274 3208 1333 similis
3237 1276 3364 1344 tui,
3391 1284 3452 1336 et
3491 1295 3622 1336 non
3647 1283 3736 1334 est
3763 1276 3941 1334 alius

2449 1369 2620 1428 Deus
2659 1370 2894 1449 absque
2924 1380 3007 1440 te,
3037 1391 3120 1430 ex
3146 1373 3442 1433 omnibus
3485 1393 3639 1452 quos
3681 1374 3939 1433 audivi-

2453 1486 2598 1525 mus
2634 1469 2906 1528 auribus
2947 1471 3205 1530 nostris.
3241 1473 3399 1539 Quis
3427 1473 3604 1530 enim
3641 1481 3731 1530 est
3765 1473 3943 1530 alius

2453 1575 2527 1624 ut
2565 1569 2848 1642 populus
2897 1577 3046 1626 tuus
3077 1571 3304 1639 Israel,
3331 1588 3489 1645 qens
3531 1591 3664 1630 una
3703 1571 3776 1630 in
3825 1579 3943 1628 ter-

2451 1683 2558 1731 ra,
2587 1666 2676 1723 ad
2705 1685 2902 1743 quam
2925 1668 3219 1742 perrexit
3235 1670 3408 1728 Deus
3437 1677 3510 1727 ut
3539 1669 3862 1736 liberaret,
3879 1675 3942 1726 et

2451 1763 2694 1838 faceret
2715 1767 3036 1840 populum
3063 1767 3212 1836 sibi,
3244 1775 3304 1825 et
3337 1767 3792 1842 maqnitudine
3819 1787 3940 1826 sua

856 1865 1051 1924 Nunc
1079 1866 1299 1943 itaque
1314 1865 1408 1923 sic
1429 1865 1704 1942 loqueris
1723 1866 1813 1922 ad
1834 1882 2091 1922 servum
2125 1881 2336 1921 meum
2379 1861 2428 1922 B
2453 1870 2647 1940 atque
2679 1864 3029 1922 terroribus
3069 1864 3325 1940 ejiceret
3366 1866 3658 1924 nationes
3685 1886 3730 1925 a
3767 1867 3942 1944 facie

852 1963 1073 2023 David
1106 1983 1129 2021 .·
1150 1965 1305 2024 Hoec
1330 1963 1494 2022 dicit
1523 1963 1839 2022 Dominus
1880 1961 2286 2021 exercituum
2317 1979 2340 2019 .·

854 2063 991 2136 qu
1033 2063 1161 2122 tuli
1208 2071 1290 2130 te,
1329 2081 1532 2140 quum
1576 2061 1649 2120 in
1684 2061 1945 2136 pascuis
1990 2059 2342 2138 sequereris

842 2178 1129 2237 qreqem,
1150 2169 1224 2220 ut
1249 2180 1407 2220 esses
1428 2161 1573 2218 dua>
1600 2159 1827 2236 populi
1856 2159 1984 2216 mei
2009 2160 2220 2218 Israel
2229 2181 2256 2227 ,·
2283 2166 2343 2215 et

848 2257 961 2333 fui
991 2268 1195 2318 tecum
1223 2277 1618 2338 quocumque
1657 2257 2024 2333 perrexisti,
2054 2265 2113 2316 et
2145 2257 2344 2314 inter-

849 2356 980 2432 feci
1006 2376 1221 2416 omnes
1242 2357 1541 2416 inimicos
1564 2365 1702 2415 tuos
1730 2373 1946 2414 coram
1969 2363 2046 2413 te.
2070 2355 2344 2432 Fecique

852 2455 973 2513 tibi
1014 2475 1266 2525 nomen,
1300 2455 1491 2534 quasi
1548 2455 1748 2513 unius
1794 2471 2178 2528 magnorum
2219 2453 2339 2531 qui

850 2554 1253 2613 celebrantur
1281 2555 1351 2612 in
1388 2561 1581 2612 terra.
1605 2554 1692 2613 Et
1720 2551 1875 2610 dedi
1906 2553 2113 2610 locum
2133 2569 2342 2628 popu-

850 2655 910 2710 lo
944 2671 1073 2710 meo
1094 2654 1321 2711 Israel.
1349 2651 1795 2721 Plantabitur,
1826 2658 1887 2709 et
1918 2649 2236 2708 habitabit
2267 2650 2334 2707 in

848 2770 939 2820 e0,
985 2759 1047 2810 et
1087 2754 1268 2810 ultra
1304 2769 1435 2808 non
1482 2749 1976 2808 commovebitur
1994 2771 2019 2818 ,·
2048 2767 2164 2808 nec
2207 2749 2342 2826 filii

850 2849 1227 2928 iniquitatis
1264 2856 1537 2908 attere-nt
1565 2866 1687 2918 eos,
1718 2848 1886 2906 sicut
1914 2867 1955 2906 a
1974 2847 2332 2925 principio,

2451 1959 2614 2034 ejus,
2649 1980 2839 2038 quem
2887 1963 2968 2020 de
2994 1964 3278 2038 AEyypto
3323 1963 3678 2023 liberarat?
3713 1965 3800 2024 Ec
3829 1982 3942 2040 po-

2449 2059 2644 2116 suisti
2671 2062 2992 2136 populum
3021 2069 3208 2120 tuum
3235 2062 3441 2121 Israel
3473 2062 3592 2120 tibi
3632 2063 3704 2120 in
3739 2080 3942 2138 popu-

2451 2159 2590 2215 lum
2621 2176 2821 2235 usque
2850 2159 2920 2217 in
2949 2168 3290 2228 aeternum,
3309 2169 3370 2218 ct
3401 2169 3496 2228 tu,
3525 2160 3817 2230 Domine,
3840 2162 3942 2239 fa-

2449 2263 2588 2314 ctus
2631 2275 2695 2314 es
2736 2257 2910 2316 Deus
2943 2256 3107 2332 ejus.
3145 2259 3339 2316 Nunc
3377 2259 3608 2334 iqitur,
3639 2259 3940 2326 Domine,

2448 2373 2652 2414 sermo
2671 2373 2858 2433 quem
2890 2359 3136 2416 locutus
3153 2375 3216 2416 es
3233 2357 3488 2433 famulo
3513 2366 3640 2426 tuo,
3659 2366 3719 2417 et
3745 2375 3940 2433 super

2449 2453 2713 2512 domum
2733 2453 2895 2529 ejus,
2918 2458 3339 2530 confirmetur
3358 2457 3432 2516 in
3447 2465 3858 2534 perpetuum,
3877 2465 3938 2515 et

2450 2551 2562 2627 fac
2585 2553 2755 2611 sicut
2788 2555 3034 2612 locutus
3061 2573 3145 2613 es.
3179 2556 3690 2634 Permaneatque
3713 2565 3774 2614 et
3805 2575 3939 2614 ma-

2443 2650 2796 2725 gnificetur
2842 2670 3070 2710 nomen
3117 2660 3302 2712 tuum
3351 2673 3552 2732 usque
3593 2654 3664 2711 in
3707 2654 3938 2728 sempi-

2455 2755 2733 2818 ternum,
2766 2758 2826 2809 et
2855 2751 3120 2809 dicatur
3141 2769 3164 2810 .·
3192 2751 3509 2810 Dominus
3535 2753 3936 2810 exercituum

2453 2847 2622 2904 Deus
2663 2847 2894 2917 Israel,
2941 2855 3000 2906 et
3039 2849 3274 2934 ‘domus
3321 2849 3539 2908 David
3581 2849 3753 2907 servi
3796 2847 3938 2924 ejus

847 2967 929 3006 ex
956 2948 1181 3006 diebus
1209 2947 1443 3026 quibus
1472 2947 1627 3005 dedi
1638 2945 1899 3022 judices
1934 2947 2171 3022 populo
2203 2964 2339 3006 meo
2447 2961 2832 3019 permanens
2873 2964 3093 3005 coram
3140 2964 3232 3005 eo.
3281 2949 3376 3006 Tu
3424 2948 3621 3015 enim,
3659 2947 3937 3007 Domine

848 3047 1055 3106 Israel
1073 3067 1101 3115 ,⁰
1144 3053 1205 3104 et
1253 3044 1610 3105 humiliavi
1656 3045 1989 3104 universos
2038 3044 2339 3104 inimicos
2375 3047 2420 3112 C
2449 3045 2621 3104 Deus
2650 3063 2853 3114 meus,
2884 3045 3190 3104 revelasti
3207 3045 3580 3106 auriculam
3605 3045 3778 3104 servi
3811 3047 3936 3114 tui,

852 3153 1011 3203 tuos.
1044 3145 1389 3204 Annuntio
1418 3163 1566 3220 erqo
1608 3144 1750 3212 tibi,
1780 3144 1952 3222 quod
1980 3144 2342 3220 oedificatu·
2449 3150 2522 3200 ut
2548 3142 2904 3218 aedificares
2931 3143 2994 3200 ei
3019 3145 3310 3212 domum,
3329 3144 3650 3202 etidcirco
3679 3143 3936 3203 invenit

848 3262 967 3301 rus
1008 3242 1094 3301 sit
1143 3242 1261 3301 tibi
1307 3242 1623 3302 Dominus
1669 3243 1955 3302 domum.
2002 3243 2340 3320 Quumque
2445 3259 2666 3299 servus
2707 3249 2859 3300 tuus
2903 3241 3248 3316 fiduciam,
3288 3251 3361 3301 ut
3407 3251 3540 3302 oret
3586 3261 3802 3301 coram
3853 3250 3934 3302 te.

850 3341 1221 3417 impleveris
1256 3341 1395 3400 dies
1436 3349 1595 3410 tuos,
1626 3349 1701 3400 ut
1751 3341 1950 3399 vadas
1988 3340 2076 3399 ad
2116 3348 2337 3414 patres
2451 3338 2646 3398 Nunc
2671 3357 2840 3414 erqo,
2875 3340 3169 3409 Domine,
3197 3347 3268 3398 tu
3295 3360 3358 3398 es
3379 3342 3570 3410 Deus,
3603 3349 3662 3400 et
3691 3343 3940 3400 locutus

852 3447 1010 3509 tuos,
1044 3439 1358 3498 suscitabo
1395 3457 1606 3496 semen
1647 3447 1831 3497 tuum
1869 3447 2012 3514 post
2058 3447 2137 3506 te,
2170 3440 2341 3516 quod
2447 3455 2510 3494 es
2539 3438 2627 3496 ad
2653 3457 2910 3497 servu-m
2949 3446 3134 3498 tuum
3177 3447 3360 3498 tanta
3393 3440 3716 3516 beneficia,
3749 3449 3809 3499 et
3830 3459 3944 3500 ca*-

846 3537 1070 3595 eritde
1085 3537 1249 3613 filiis
1270 3537 1420 3606 tuis,
1444 3536 1852 3596 etstabiliam
1872 3554 2143 3612 reqnum
2164 3535 2327 3611 ejus.
2443 3536 2608 3613 pisti
2655 3537 3018 3595 benedicere
3071 3538 3298 3596 domui
3343 3538 3515 3596 servi
3564 3539 3684 3608 tui,
3737 3548 3810 3597 ut
3853 3541 3940 3597 sit

850 3638 992 3711 Ipse
1032 3635 1382 3711 (edificabit
1430 3635 1596 3695 mihi
1632 3637 1920 3704 domum,
1962 3643 2022 3693 et
2057 3635 2331 3711 firmabo
2445 3653 2694 3710 semper
2738 3654 2950 3694 coram
3003 3644 3080 3694 te.
3122 3637 3202 3695 Te
3226 3637 3484 3705 etenim,
3517 3637 3812 3708 Domine,
3847 3637 3942 3696 be-

845 3733 1083 3792 solium
1129 3734 1269 3809 ejus
1315 3753 1513 3812 usque
1560 3733 1632 3792 in
1680 3742 2017 3794 oeternum.
2054 3733 2193 3808 qu
2231 3751 2336 3792 ero
2449 3735 2800 3802 nedicente,
2826 3734 3154 3792 benedicta
3172 3735 3299 3792 erit
3332 3735 3404 3792 in
3421 3743 3822 3810 perpetuum.

847 3832 910 3890 ei
948 3832 1021 3891 in
1044 3841 1321 3909 patrem,
1362 3840 1422 3891 et
1451 3832 1587 3909 ipse
1613 3833 1738 3891 erit
1768 3831 1937 3890 mihi
1974 3831 2047 3889 in
2088 3831 2330 3908 filium.
2536 3829 2898 3911 Capitulum
2947 3849 3226 3913 praesens
3275 3849 3440 3912 pene
3486 3831 3577 3893 nil
3625 3831 3936 3910 continet,

848 3933 936 3992 Et
964 3931 1478 3990 misericordiam
1506 3949 1715 3990 meam
1752 3949 1879 3988 non
1925 3929 2230 4006 auferam
2260 3930 2341 3989 ab
2449 3929 2618 4010 quod
2651 3929 2929 3992 secundo
2959 3929 3197 4010 Regum
3223 3929 3390 3993 libro
3418 3930 3772 4012 expositum
3805 3945 3936 3994 non

846 4049 939 4102 eo,
978 4031 1145 4090 sicut
1186 4030 1427 4090 abstuli
1473 4030 1553 4088 ab
1598 4047 1693 4097 eo,
1732 4029 1850 4108 qui
1888 4037 2039 4088 ante
2083 4037 2140 4088 te
2166 4028 2330 4105 fuit.
2450 4027 2554 4104 sit,
2600 4027 2838 4090 idcirco
2886 4029 3487 4109 pertranseundum.
3533 4028 3610 4090 Et
3647 4029 3940 4092 conside-

850 4131 934 4190 E't
960 4137 1245 4188 statuam
1272 4147 1420 4187 eum
1452 4128 1524 4186 in
1550 4128 1737 4187 domo
1768 4145 1910 4186 mea
1937 4135 1997 4186 et
2026 4128 2099 4186 in
2141 4145 2336 4202 reqno
2453 4126 2648 4189 randa
2673 4134 2770 4189 est
2797 4126 3024 4208 optimi
3057 4126 3224 4206 regis
3254 4126 3528 4204 devotio,
3554 4128 3665 4209 qui
3695 4136 3936 4209 quanto

848 4245 1009 4295 mec,
1047 4245 1247 4302 usque
1297 4226 1369 4284 in
1416 4225 1904 4301 sempiternum,
1954 4233 2015 4285 et
2067 4224 2336 4285 thronus
2369 4225 2419 4288 D
2450 4225 2596 4307 plus
2617 4223 3109 4306 prosperabatur
3128 4243 3202 4287 ac
3222 4225 3932 4307 promovebaturaDeo,

846 4324 987 4400 ejus
1016 4324 1142 4382 erit
1178 4323 1593 4400 firmissimus
1624 4323 1697 4380 in
1730 4332 2138 4399 perpetuum.
2179 4325 2337 4384 Jux-

849 4431 915 4484 ta
941 4423 1165 4483 omnia
1194 4422 1385 4481 verba
1423 4420 1579 4489 hcec,
1607 4429 1667 4480 et
1688 4421 1897 4497 juoeta
1946 4423 2325 4483 universam

847 4521 1161 4582 visionem
1189 4520 1407 4589 istam,
1436 4520 1530 4578 sic
1558 4521 1802 4580 locutus
1828 4528 1917 4580 est
1950 4519 2220 4582 Nathan
2249 4523 2336 4582 ad

846 4621 1086 4682 David.

2451 4331 2628 4386 tanto
2657 4323 2802 4406 plus
2833 4323 3079 4384 studuit
3109 4341 3248 4385 csse
3284 4331 3502 4404 gratus
3539 4343 3611 4387 ac
3641 4324 3936 4386 subditus

2449 4421 2532 4485 ei.
2583 4421 3050 4485 Consideranda
3102 4431 3198 4484 est
3244 4441 3500 4503 quoque
3543 4423 3934 4504 dispensatio

2450 4518 2682 4580 summi
2727 4527 2790 4582 et
2827 4518 3281 4601 sapientissimi
3319 4519 3450 4596 Dei,
3487 4520 3704 4582 omnia
3748 4520 3932 4601 juxta

2449 4617 2738 4680 ordinem
2769 4617 3096 4698 sapientiae
3137 4637 3267 4679 suae
3309 4619 3694 4681 moderantis
3735 4638 3808 4682 ac
3841 4619 3936 4681 l'a-

2448 4715 2675 4779 cientis
2702 4732 2716 4776 :
2751 4714 2863 4796 qui
2893 4715 3187 4796 quamvis
3215 4715 3418 4778 multa
3445 4725 3686 4779 secreta
3715 4724 3778 4780 et
3807 4737 3936 4780 ma-

2445 4831 2570 4894 gna
2600 4832 2716 4896 per
2745 4833 2814 4878 se
2849 4813 3058 4896 ipsum
3092 4833 3204 4877 seu
3234 4833 3349 4897 per
3378 4815 3724 4894 angelicam
3761 4835 3936 4879 reve·

2447 4912 2748 4975 lationem
2805 4911 3310 4977 manifestaverit
3365 4913 3560 4975 David
3623 4922 3928 4995 tanquam

2377 5023 2384 5030 ·
2443 5011 2770 5092 Prophetae
2800 5010 3055 5089 eximio,
3081 5011 3296 5092 aliqua
3327 5019 3536 5074 tamen
3568 5011 3934 5075 manifesta-

2447 5108 2540 5170 vit
2569 5108 2774 5172 eidem
2797 5128 2912 5191 per
2940 5109 3100 5171 alios
3121 5117 3374 5172 sanctos
3391 5109 3754 5191 Prophetae,
3778 5129 3934 5192 prae-

2448 5207 2668 5268 sertim
2706 5226 2820 5289 per
2861 5207 3104 5269 Nathan
3148 5215 3211 5270 et
3237 5207 3389 5270 Gad.
3423 5207 3600 5270 Unde
3642 5217 3705 5271 et
3735 5209 3930 5272 David

2449 5323 2578 5368 non
2637 5305 2938 5386 ignorans
3001 5323 3194 5387 quam
3256 5305 3928 5388 incomprehensibilia

934 4721 1271 4795 Quumque
1298 4718 1567 4778 venisset
1595 4737 1711 4777 rex
1731 4719 1973 4787 David,
1992 4727 2053 4778 et
2078 4720 2336 4778 sedisset

847 4834 1063 4875 coram
1093 4816 1391 4886 Domino,
1422 4817 1598 4876 dia-it
1630 4836 1653 4874 .·
1674 4816 1831 4884 Quis
1863 4834 1973 4891 eqo
2004 4835 2177 4886 sum,
2214 4819 2338 4877 Do-

846 4913 1023 4974 mine
1050 4913 1243 4982 Deus,
1268 4921 1328 4971 et
1354 4931 1497 4990 quae
1523 4913 1750 4972 domus
1777 4931 1939 4982 mea,
1963 4922 2038 4972 ut
2062 4922 2339 4989 praesta-

846 5033 945 5072 res
986 5011 1157 5072 mihi
1196 5011 1357 5071 talia
1379 5013 1410 5070 ,9
1439 5011 1568 5071 Sed
1593 5020 1652 5070 et
1690 5013 1804 5070 hoc
1824 5030 2071 5086 parum
2122 5011 2334 5072 visum

846 5120 935 5170 est
966 5111 1037 5172 in
1059 5117 1393 5187 conspectu
1426 5117 1553 5169 tuo.
1578 5109 1851 5188 Ideoque
1883 5111 2131 5168 locutus
2157 5127 2220 5168 es
2237 5127 2340 5168 su-

841 5229 962 5287 per
989 5212 1253 5270 domum
1274 5209 1448 5268 servi
1477 5209 1577 5268 tui
1594 5208 1793 5268 etiam
1812 5209 1886 5267 in
1914 5206 2253 5283 futurum,
2278 5215 2338 5266 et

848 5309 1063 5385 fecisti
1091 5327 1190 5367 me
1215 5306 1618 5384 spectabilem
1652 5323 1845 5382 super
1879 5325 2093 5366 omnes
2133 5305 2334 5364 homi-

3985 3946 4020 3988 ΙΙ
4043 3949 4158 4002 Beq.
4177 3963 4250 3992 ιιι.

3993 5031 4158 5090 lim-9.
4175 5051 4246 5082 vn,

3961 5098 4086 5145 ⁴⁵¹7}
4113 5111 4186 5145 ηε,
4213 5103 4251 5140 1-

3965 5161 4036 5208 14;
4055 5165 4248 5209 xxivdi-

3967 5223 4038 5272 ¹3.
4065 5227 4136 5266 18.

3961 5326 4244 5378 Romanu.
