4309 6259
758 507 1111 555 malumno
1153 509 1214 554 m
1257 509 1394 554 CAP.
1441 508 1504 553 lx
1548 507 1706 553 unm
1747 508 1999 553 saeuum
2039 508 2567 555 PAuAthOUENON.
2613 529 2693 539 -
2735 510 2877 557 ART.
2925 510 2991 556 lx

3296 492 3415 555 209

323 676 461 735 illis
481 696 604 753 pro
635 679 846 739 nihilo
874 681 1318 756 reputabatur.
1344 680 1687 759 Siquidem
1707 698 1817 739 na·
1845 677 1896 738 A
1927 678 2161 759 Regum
2198 680 2276 741 de
2306 680 2501 742 hastis
2533 680 2867 759 omittitur,
2904 682 3007 745 hic
3051 682 3405 764 suppletur.

321 793 422 831 ves
449 776 620 851 reqis
649 776 834 837 ibant
874 778 948 837 in
989 779 1248 837 Marsis
1276 797 1424 837 cum
1466 778 1666 836 servis
1695 778 1816 837 Hi-

319 892 490 941 ram,
516 877 710 933 semel
741 876 814 935 in
843 877 1040 935 annis
1070 876 1276 935 tribus
1293 899 1322 947 ,·
1357 884 1416 935 et
1443 876 1813 951 deferebant

319 971 468 1029 inde
494 992 742 1033 aurum
769 982 830 1033 et
857 983 1201 1051 arqentum
1229 984 1288 1035 et
1315 976 1472 1034 ebur
1497 983 1556 1033 et
1589 974 1814 1033 simias

313 1078 372 1128 et
393 1087 699 1145 pavones.

395 1174 868 1250 Maynificatus
894 1184 983 1235 est
1026 1177 1235 1252 iqitur
1279 1178 1584 1237 Salomon
1623 1194 1816 1252 super

314 1290 528 1331 omnes
573 1291 746 1349 reyes
791 1284 976 1335 terrce
993 1295 1150 1351 proe-
1175 1276 1434 1334 divitiis
1471 1284 1530 1334 et
1569 1275 1809 1350 qloria.

321 1371 674 1450 Omnesque
700 1391 874 1449 reyes
907 1382 1234 1433 terrarum
1251 1374 1703 1432 desiderabant
1726 1373 1816 1431 vi-

315 1469 462 1527 dere
479 1469 724 1546 faciem
739 1472 1130 1542 Salomonis,
1151 1480 1224 1531 ut
1245 1472 1551 1531 audirent
1566 1471 1815 1546 sapien-

319 1568 500 1637 tiam,
533 1587 736 1647 quam
757 1571 1022 1629 dederat
1041 1572 1212 1630 Deus
1234 1570 1305 1629 in
1333 1572 1520 1629 corde
1545 1568 1708 1646 ejus.
1731 1571 1814 1630 Ec

315 1666 691 1744 deferebant
716 1669 780 1726 ei
801 1688 1100 1739 munera,
1121 1688 1274 1728 vasa
1295 1678 1599 1744 arqentea
1624 1676 1683 1727 et
1703 1687 1816 1727 au-

315 1783 448 1833 rea,
491 1774 692 1825 vestes
725 1775 788 1826 et
825 1786 1014 1827 arma
1057 1775 1117 1826 et
1158 1776 1476 1836 aromata,
1521 1784 1708 1845 equos
1753 1775 1813 1825 et

1924 774 2250 855 Similiter,
2286 779 2455 859 quod
2484 778 2575 840 ibi
2608 780 2685 842 dc
2717 780 3012 843 trecentis
3045 780 3235 862 peltis
3270 800 3413 843 nar-

1924 883 2118 951 ratur,
2169 876 2289 939 hoc
2340 876 2479 939 loco
2528 877 2773 940 siletur.
2818 879 2941 942 Nec
2991 880 3409 942 contradictio

1923 981 2020 1034 est
2051 973 2116 1035 in
2147 993 2245 1051 eo,
2280 976 2451 1056 quod
2485 975 2573 1037 ibi
2617 977 2910 1053 ducenta,
2948 978 3051 1040 hic
3092 996 3243 1041 vcro
3288 987 3411 1041 trc-

1923 1081 2106 1135 centa
2136 1083 2314 1135 scuta
2341 1094 2531 1137 aurea
2571 1076 3013 1158 exprimuntur
3052 1095 3065 1139 :
3104 1079 3409 1160 quoniam

1923 1189 2227 1234 numerus
2258 1173 2459 1255 major
2487 1174 2799 1237 minorem
2832 1175 3123 1253 includit,
3160 1178 3276 1240 nec
3298 1177 3411 1238 mi-

1925 1288 2041 1333 nor
2089 1270 2376 1334 absolute
2425 1273 2692 1354 posituS‚
2743 1293 3077 1338 numerum
3133 1275 3411 1338 excludit

1923 1368 2253 1449 majorem.
2280 1370 2406 1432 Hoc
2435 1389 2691 1453 quoque
2722 1372 3073 1450 sciendum,
3099 1375 3269 1456 quod
3294 1392 3410 1437 nec

1923 1464 2140 1541 hastae,
2164 1486 2278 1530 nec
2310 1476 2508 1546 scuta,
2530 1488 2647 1532 nec
2669 1471 2853 1551 peltae
2882 1479 3062 1533 erant
3083 1471 3146 1532 in
3173 1480 3301 1535 toto
3332 1491 3409 1536 ex

1923 1584 2098 1642 aur0,
2127 1567 2238 1628 sed
2272 1567 2443 1629 intus
2466 1577 2647 1631 erant
2666 1568 2744 1631 de
2775 1570 3041 1633 materia
3068 1570 3214 1647 alia,
3234 1578 3300 1633 et
3324 1569 3411 1633 fo-

1925 1663 2010 1724 ris
2032 1665 2242 1727 aureis
2266 1666 2521 1728 laminis
2554 1667 2849 1749 pretiosis
2883 1677 2945 1732 et
2972 1669 3209 1749 grossis
3236 1688 3411 1751 oper-

1923 1768 1986 1821 ta
2018 1780 2031 1824 :
2069 1771 2328 1845 propter
2346 1765 2517 1846 quod
2550 1784 2677 1827 non
2709 1766 2913 1828 solum
2947 1768 3268 1843 deaurata,
3288 1768 3397 1830 sed

315 1866 544 1931 mulos,
567 1884 690 1941 per
713 1867 1001 1942 sinqulos
1031 1885 1256 1925 annos.
1290 1866 1538 1926 Habuit
1568 1884 1812 1944 quoque
1850 1864 1895 1924 B
1923 1869 1983 1922 et
2016 1880 2207 1923 aurea
2238 1873 2707 1945 nuncupantur.
2732 1865 2807 1927 Et
2839 1866 2958 1929 hoc
2986 1885 3061 1929 ex
3086 1874 3260 1933 textu
3287 1867 3407 1929 isto

315 1962 620 2022 Salomon
652 1964 1096 2041 quadraqinta
1138 1965 1353 2023 millia
1395 1982 1706 2041 equorum
1737 1963 1810 2021 in

1923 1960 2299 2037 ostenditur,
2334 1980 2460 2042 quo
2491 1962 2759 2025 habetur
2790 1981 2802 2024 τ
2836 1968 3133 2025 Trecenta
3166 1986 3412 2045 quoque

309 2060 601 2129 stabulis,
616 2070 679 2121 et
696 2082 1015 2122 curruum
1035 2064 1452 2141 equitumque
1471 2062 1810 2120 duodecim
1920 2069 2100 2119 scuta
2121 2080 2321 2119 aurea
2346 2070 2767 2141 trecentorum
2787 2084 3153 2131 aureorum,
3178 2067 3413 2143 quibus

317 2159 554 2219 millia.
597 2161 1074 2240 Constituitque
1100 2180 1200 2219 eos
1229 2162 1302 2219 in
1341 2161 1610 2219 urbibus
1653 2180 1814 2237 qua-

312 2256 696 2334 driqarum,
724 2268 785 2318 et
826 2260 940 2319 ubi
979 2269 1119 2320 erat
1157 2279 1276 2318 reoe
1316 2260 1388 2319 in
1428 2260 1808 2319 Jerusalem.

318 2356 634 2417 Exercuit
672 2360 872 2418 etiam
903 2366 1278 2436 potestatem
1325 2376 1518 2434 super
1558 2365 1814 2416 cunctos

315 2473 486 2532 reyes
527 2477 570 2517 a
609 2457 894 2533 flumine
940 2458 1277 2533 Euphrate
1317 2476 1516 2534 usque
1564 2458 1651 2515 ad
1697 2464 1816 2515 ter-

313 2572 455 2614 ram
481 2556 1032 2626 Philistinorum,
1075 2557 1148 2614 id
1183 2564 1272 2615 est
1323 2574 1519 2633 usque
1558 2557 1647 2614 ad
1695 2562 1814 2613 ter-

315 2656 522 2713 minos
561 2656 867 2731 AEyypti.
909 2656 1310 2732 Tantamque
1356 2654 1607 2729 copiam
1650 2671 1817 2728 proe-

313 2752 450 2811 buit
469 2752 738 2829 arqenti
764 2753 838 2812 in
853 2754 1233 2823 Jerusalem,
1258 2752 1448 2829 quasi
1475 2751 1770 2827 lapidum
1789 2772 1817 2821 ,-

309 2858 368 2910 et
407 2854 758 2911 cedrorum
808 2858 1060 2911 tantam
1118 2850 1639 2918 multitudinem,
1688 2850 1816 2907 vel-

315 2959 384 3008 ut
415 2968 836 3027 sycomorum
870 2968 1014 3028 quoe
1042 2950 1418 3026 ¹qimiuntur
1457 2948 1526 3007 in
1568 2966 1817 3024 campe-

1927 2159 2298 2232 teqebantur
2316 2160 2579 2235 sinyula
2605 2171 2805 2221 scuta.
2834 2160 3139 2223 Similiter
3169 2162 3247 2226 de
3280 2163 3414 2225 has·

1927 2253 2006 2315 tis
2028 2254 2131 2317 hic
2157 2254 2357 2318 fertur
2377 2274 2390 2317 ε
2417 2260 2588 2318 Fecit
2606 2262 2907 2320 ducentas
2927 2264 3142 2321 hastas
3158 2281 3412 2331 aureas,

1923 2354 2001 2411 de
2027 2374 2282 2415 summa
2312 2366 2751 2416 sexcentorum
2780 2378 3156 2428 aureorum,
3187 2362 3305 2439 qui
3338 2362 3409 2419 in

1922 2452 2202 2528 sinqulis
2244 2455 2444 2514 hastis
2480 2458 3024 2531 expendebantur.
3068 2456 3193 2520 Nec
3234 2458 3405 2521 enim

1925 2566 2000 2611 ex
2021 2550 2231 2611 aureis
2254 2549 2381 2612 illis
2402 2559 2534 2613 tota
2553 2552 2819 2615 materia
2838 2552 3035 2616 hastae
3056 2555 3410 2619 constabat.

1983 2649 2261 2725 Reliqua
2282 2666 2430 2710 vero
2450 2669 2711 2726 operum
2730 2653 3093 2711 Salomonis
3108 2654 3415 2729 priorum

1923 2756 1982 2807 et
2031 2750 2547 2821 novissimorum,
2594 2752 2837 2827 scripta
2886 2762 3039 2812 sunt
3086 2754 3159 2813 in
3208 2756 3414 2814 verbis

1929 2848 2194 2907 Nathan
2206 2850 2555 2925 prophetae,
2578 2858 2637 2909 et
2662 2851 2731 2908 in
2754 2852 2940 2909 libris
2960 2851 3152 2911 Aliioe
3174 2853 3358 2913 Silon
3370 2854 3417 2910 i-

1929 2945 2035 3013 tis,
2065 2944 2179 3024 qui
2225 2943 2351 3005 ruit
2384 2945 2462 3007 de
2512 2945 2651 3009 loco
2696 2966 2807 3009 seu
2852 2947 3091 3030 oppido
3137 2948 3306 3023 Silo;
3345 2952 3415 3011 in
3443 2959 3704 3015 umen-m.

310 3050 577 3109 stribus.
617 3048 1133 3109 Adducebantur
1180 3056 1396 3106 autem
1442 3047 1504 3103 ei
1541 3046 1692 3123 equi
1739 3047 1816 3104 de
1849 3040 1895 3105 C
1927 3043 2173 3101 visione
2200 3062 2447 3121 quoque
2476 3046 2665 3105 Addo
2702 3047 3007 3116 videntis,
3039 3046 3102 3108 id
3142 3055 3241 3109 est
3278 3066 3419 3129 pro·
3442 3024 3483 3066 ι

311 3146 627 3223 AEqypto,
654 3147 1028 3224 cunctisque
1056 3146 1450 3223 reqionibus.

1927 3138 2148 3221 phetae,
2167 3139 2279 3220 qui
2296 3140 2678 3203 vaticinatus
2703 3150 2795 3205 est
2822 3155 3042 3205 contra
3060 3147 3412 3216 Jeroboam‚

389 3245 680 3324 Reliqua
707 3253 925 3303 autem
955 3262 1219 3320 operum
1251 3243 1618 3304 Salomonis
1644 3243 1819 3317 prio-
1923 3237 2199 3319 qualiter
2229 3237 2365 3320 ipse
2386 3246 2446 3301 et
2468 3259 2584 3301 sua
2604 3241 2943 3321 posteritas
2974 3243 3257 3324 perirent
3278 3263 3419 3326 pro-

313 3362 464 3403 rum
492 3353 558 3403 et
586 3344 1116 3412 novissimorum,
1134 3343 1380 3419 scripta
1409 3350 1561 3401 sunt
1593 3342 1664 3401 in
1686 3361 1819 3400 ver-

315 3442 406 3501 bis
430 3443 707 3503 Nathan
733 3442 1089 3519 prophetat,
1109 3450 1170 3499 et
1198 3442 1272 3500 in
1305 3441 1488 3498 libris
1508 3440 1698 3500 Akiae
1717 3440 1820 3499 Si·

316 3542 584 3613 lonitis,·
621 3541 697 3599 in
727 3540 974 3599 visione
1011 3558 1260 3619 quoque
1287 3540 1476 3600 Addo
1511 3538 1814 3608 videntis,

314 3648 538 3699 contra
573 3640 914 3699 Jeroboam
943 3639 1166 3715 filium
1207 3638 1445 3699 Nabat.
1490 3637 1817 3713 Regnavit

317 3748 531 3797 autem
571 3740 886 3799 Salomon
937 3738 1006 3797 in
1047 3739 1407 3797 Jerusalem
1451 3754 1644 3812 super
1687 3756 1820 3794 om-

319 3854 460 3896 nem
489 3838 706 3896 Israel
735 3836 1181 3915 quadrayinta
1213 3835 1408 3894 anuis
1429 3857 1453 3904 ;
1479 3834 1820 3893 dormivit-

319 3954 436 4011 que
461 3954 618 3995 cum
637 3936 948 4011 patribus
965 3934 1127 3993 suis.
1160 3934 1239 3993 Ει
1257 3934 1646 4017 sepelierunt
1671 3952 1814 3992 eum

1927 3343 2066 3417 ptcr
2108 3335 2348 3398 scelera
2396 3356 2530 3400 sua.
2581 3337 2968 3420 Praeallcgati
3006 3350 3215 3404 autem
3268 3341 3415 3404 libri

1929 3452 2056 3497 non
2107 3443 2451 3516 supersunt
2497 3438 2665 3518 apud
2712 3438 3030 3516 HebraeOS,
3087 3459 3204 3503 nec
3250 3440 3418 3522 apud

1926 3532 2302 3595 Catholicos.
2326 3532 2451 3597 Nec
2471 3554 2693 3597 verum
2723 3544 2819 3599 est
2849 3538 3022 3619 quod
3044 3538 3245 3601 Rabbi
3268 3538 3422 3601 Pau-

1929 3630 2027 3692 lus
2049 3631 2158 3707 ait,
2178 3651 2291 3713 per
2311 3632 2547 3694 librum
2568 3634 2810 3697 Nathan
2832 3636 3254 3717 probabiliter
3277 3656 3421 3719 pos-

1930 3749 1997 3793 se
2028 3730 2299 3811 intelligi
2329 3733 2680 3795 secundum
2710 3742 2773 3796 et
2804 3734 3063 3797 tertium
3084 3735 3281 3798 libros
3302 3736 3422 3798 Re·-

1929 3848 2097 3911 gum,
2113 3837 2185 3891 ut
2207 3830 2272 3890 in
2293 3830 2687 3911 expositione
2708 3832 2897 3914 primi
2922 3832 3073 3894 libri
3095 3842 3419 3896 ostensum

1932 3935 2025 3990 est
2061 3945 2075 3989 :
2109 3928 2459 4009 praesertim
2507 3930 2811 4010 quoniam
2864 3932 3055 3994 tertio
3102 3931 3266 3995 libro
3311 3932 3421 3994 Re—

1930 4044 2080 4105 gum
2129 4026 2380 4105 legitur,
2429 4026 2763 4109 Reliquum
2808 4038 3020 4091 autem
3070 4029 3417 4092 verborum
3449 4047 3706 4100 maxtin.

1933 4124 2287 4187 Salomonis
2317 4132 2381 4187 et
2410 4126 2623 4188 omnia
2642 4146 2786 4208 quae
2816 4127 2991 4204 fecit,
3010 4137 3073 4190 et
3104 4128 3421 4210 sapientia

399 4229 737 4293 Sententia
766 4228 950 4290 istius
993 4227 1257 4310 capituli
1293 4234 1422 4290 tota
1460 4226 1822 4289 continetur
1851 4222 1900 4285 D
1932 4225 2096 4304 ejuS‚
2129 4223 2365 4305 scripta
2394 4232 2543 4285 sunt
2573 4224 2639 4286 in
2672 4226 2835 4289 libro
2864 4226 3217 4289 Verborum
3249 4226 3422 4290 Salo-

109 4335 148 4379 111
163 4340 298 4397 ηιμ.
326 4336 516 4410 atque
549 4328 842 4411 exposita
870 4336 966 4389 est
997 4326 1184 4389 tertio
1213 4325 1380 4388 libro
1402 4326 1674 4403 Regum:
1697 4324 1821 4385 nisi
1934 4324 2164 4387 monis,
2200 4323 2263 4386 Si
2296 4332 2505 4386 autem
2537 4324 2779 4387 Nathan
2823 4326 3059 4388 librum
3092 4326 3275 4388 illum
3309 4327 3426 4390 Rc-

97 4434 302 4493 num-1.
327 4428 496 4508 quod
529 4426 624 4489 ibi
653 4426 909 4502 dicitur,
934 4425 1109 4488 Fecit
1137 4444 1244 4487 rex
1265 4424 1561 4487 Salomon
1591 4424 1824 4485 ducen-
1931 4440 2082 4503 gum
2113 4422 2367 4485 tertium
2412 4422 2735 4500 edidisset,
2770 4443 2899 4487 non
2942 4423 3265 4488 diceretur
3302 4427 3423 4489 hoc

332 4534 388 4587 ta
415 4535 604 4589 scuta
630 4526 712 4588 de
739 4543 894 4588 auro
934 4541 1119 4606 puro,
1153 4530 1216 4586 et
1260 4530 1572 4586 trecentas
1621 4522 1822 4604 peltas
1935 4522 2096 4598 loct),
2116 4522 2287 4602 quod
2312 4521 2609 4585 universa
2626 4541 2821 4604 opera
2839 4523 2977 4605 ejus
3010 4524 3259 4606 reliqua
3279 4524 3428 4587 scri·

329 4624 406 4687 de
431 4643 596 4687 auro
622 4623 893 4706 probato
919 4646 935 4697 3
969 4622 1075 4685 hic
1100 4630 1310 4685 autem
1333 4620 1624 4697 habetur,
1649 4622 1825 4681 Fecit
1935 4628 2044 4702 pta
2071 4620 2202 4682 sint
2231 4619 2296 4681 in
2320 4619 2531 4682 verbis
2560 4621 2826 4699 Nathan,
2846 4642 3047 4704 quum
3070 4633 3134 4686 et
3153 4623 3421 4698 Nathan,

329 4744 444 4783 rex
473 4726 788 4786 Salomon
819 4726 1132 4783 ducentas
1163 4724 1378 4782 hastas
1411 4740 1671 4791 aureas,
1709 4729 1828 4780 tre-
1935 4718 2287 4781 secundum
2317 4717 2505 4780 istam
2534 4719 2924 4801 opinionem,
2960 4721 3129 4784 dicat
3172 4740 3245 4784 ea
3276 4720 3429 4782 scri-

330 4831 511 4883 centa
543 4841 793 4902 quoque
819 4830 1002 4881 scuta
1031 4840 1254 4881 aurea.
1291 4818 1507 4899 ltaque
1541 4819 1711 4899 quod
1759 4818 1824 4879 in
1937 4824 2044 4899 pta
2074 4816 2138 4878 in
2173 4816 2339 4880 libro
2360 4816 2709 4881 Verborum
2741 4819 3123 4882 Salomonis.

323 4036 388 4093 in
436 4035 711 4094 civitate
763 4032 996 4093 David.
1044 4032 1494 4109 Reynavitque
1539 4031 1820 4091 Roboam

319 4135 502 4207 filius
525 4134 673 4209 ejus
693 4150 818 4209 pro
840 4152 930 4191 eo,

3086 5369 3145 5419 14

590 5442 652 5496 Τ.
682 5446 730 5495 4.
