4309 6259
643 3059 664 3080 ⁶
687 3061 823 3104 Joeue

860 499 941 563 88
1390 520 1736 566 ΕΝΑΒΒΑΤῙΟ
1778 521 1839 565 ΙΝ
1881 521 2019 566 cAP.
2063 519 2219 567 xxm
2261 520 2416 566 LIBRI
2458 520 2682 575 QuAnTl
2722 521 2946 567 REGUM.
2991 539 3072 550 -
3110 519 3254 566 ΛΒΤ.
3301 519 3424 566 XXV

865 689 1120 752 castrati
1150 699 1503 753 asserentes
1534 690 1686 753 talia
1716 691 1841 753 diis
1872 691 2146 772 placere,
2172 698 2352 753 erant
2381 690 2434 752 A
2462 692 2597 768 filii
2629 694 2882 753 Ennom
2906 709 2929 752 .·
2949 690 3102 772 quia
3132 690 3196 752 in
3231 689 3398 752 valle
3441 688 3532 751 sic
3572 687 3742 752 dicta
3784 687 3950 752 cole-

868 789 1251 870 impotentes
1281 790 1360 852 ad
1400 809 1475 852 ea
1516 792 1778 870 agenda,
1816 790 1958 853 ideo
1989 790 2081 852 eis
2120 790 2186 851 in
2231 791 2351 852 hoc
2463 788 2649 850 batur
2699 790 2940 852 Moloch
2990 789 3234 852 idolum
3279 787 3823 864 Ammonitarum3
3877 797 3950 848 ut

867 886 1261 965 credebatur,
1297 888 1451 970 quia
1482 889 1857 952 videbantur
1888 890 2131 951 inducti
2164 890 2245 952 ad
2263 897 2354 950 ta-
2464 908 2647 948 nemo
2690 897 3081 949 consecraret
3107 890 3330 965 filiu-m
3359 907 3554 947 suum
3591 896 3707 947 aut
3733 889 3954 963 filiam

866 986 993 1048 lem
1041 987 1479 1065 assertionem,
1531 1007 1659 1052 non
1710 1009 1783 1052 ex
1835 989 2355 1071 concupiscentia
2457 1007 2578 1064 per
2623 989 2836 1065 iynem
2882 986 3051 1050 idolo
3091 989 3340 1048 Moloclz
3379 1007 3401 1046 .·
3443 986 3628 1066 cujus
3675 985 3955 1048 cultores

866 1084 1698 1166 propriatqucmadmodum
1718 1087 2078 1150 Aristoteles
2101 1087 2168 1149 in
2189 1086 2357 1149 Ethi-
2468 1084 2756 1147 solebant
2799 1084 3076 1176 infantes
3117 1102 3263 1147 suos
3305 1085 3382 1146 ad
3411 1084 3717 1146 honorem
3750 1082 3956 1166 ipsius

868 1183 960 1246 cis
995 1183 1215 1246 recitat
1236 1185 1315 1247 de
1338 1185 1592 1248 Eudoxo
1615 1186 2013 1268 philosophe,
2034 1205 2354 1248 summum
2467 1183 2709 1246 Moloch
2741 1203 2852 1264 per
2884 1183 3094 1263 ignem
3128 1182 3474 1245 transferre
3506 1201 3577 1244 ac
3605 1182 3860 1258 ducere,
3885 1189 3960 1242 ut

865 1280 1106 1343 honum
1141 1281 1207 1343 in
1251 1283 1776 1346 delectationibus
1808 1283 2095 1348 venereis
2128 1284 2358 1346 consti·
2471 1291 2892 1363 purgarentur
2923 1282 2989 1344 in
3023 1282 3190 1363 igne.
3216 1282 3345 1344 lmo
3377 1281 3699 1343 interdum
3729 1278 3960 1342 offere-

868 1388 1107 1456 tuente,
1141 1381 1313 1461 quod
1360 1381 1482 1442 sibi
1515 1400 1589 1444 eo
1619 1382 1763 1464 plus
1794 1382 2189 1459 credebatur,
2228 1401 2357 1463 quo
2466 1379 2622 1442 hant
2667 1379 3016 1443 infantulos
3059 1399 3206 1443 suos
3239 1380 3362 1462 ipsi
3393 1380 3634 1442 Moloch
3668 1379 3732 1440 in
3779 1377 3961 1441 holo-

869 1477 1083 1540 minus
1103 1477 1438 1541 videbatur
1460 1480 1857 1563 voluptatum
1891 1490 2168 1555 amator3
2195 1481 2358 1544 sicut
2471 1485 2783 1555 caustum,
2819 1479 3115 1560 ponendo
3155 1478 3468 1541 infantem
3501 1478 3666 1540 inter
3694 1476 3962 1541 brachia

871 1583 934 1638 et
963 1576 1277 1657 Epicurus
1321 1578 1432 1659 qui
1476 1577 1844 1642 felicitatem
1886 1579 1952 1641 in
1996 1579 2359 1643 delectatio·
2474 1576 2629 1639 idoli
2675 1577 2835 1640 oenei
2882 1577 3054 1639 intus
3089 1577 3356 1651 incensi3
3393 1578 3485 1640 sic
3527 1576 3701 1658 quod
3739 1595 3814 1638 ex
3867 1595 3964 1637 ar-

873 1673 1064 1736 nibus
1094 1684 1317 1755 gustus
1348 1678 1701 1754 constituit,
1727 1679 1981 1740 easdem
2012 1678 2259 1755 vitavit,
2296 1687 2359 1741 et
2471 1676 2623 1738 dore
2673 1674 2838 1754 ignis
2884 1675 2994 1756 qui
3039 1675 3196 1738 arsit
3241 1676 3306 1738 in
3351 1675 3544 1752 idolo,
3572 1673 3787 1736 infans
3833 1692 3966 1737 mo-

875 1771 1211 1853 frugaliter
1240 1775 1485 1852 vivenS,
1522 1776 1802 1839 oleribus
1837 1775 1960 1839 fuit
1992 1786 2352 1854 contentuS,

874 1879 945 1932 ut
970 1880 1225 1934 sanctus
1255 1891 1511 1954 quoque
1542 1873 1739 1936 refert
1768 1875 2206 1956 Hieronymus

958 1973 1499 2050 Conyreyavitque
1541 1993 1754 2033 omnes
1781 1977 2129 2034 sacerdotes
2160 1977 2238 2034 de
2279 1977 2361 2034 ci-

874 2070 1184 2128 vitatibus
1209 2071 1415 2139 Iuda,
1442 2081 1501 2130 et
1542 2070 1633 2132 eis
1676 2071 2117 2153 praesentibus,
2152 2083 2362 2132 conta-

873 2168 1156 2227 minavit
1182 2172 1426 2228 eoecelsa
1460 2171 1573 2227 ubi
1599 2172 1773 2230 sacri
1772 2172 2055 2246 ficabant
2080 2174 2364 2230 sacerdo-

878 2274 987 2334 tes,
1020 2263 1082 2327 id
1128 2272 1226 2326 est
1270 2264 1406 2327 loca
1444 2265 1767 2342 sublimia,
1804 2267 1869 2328 in
1900 2267 2136 2347 quibus
2168 2267 2362 2329 etiam

876 2361 1113 2444 templo
1152 2371 1514 2427 constructo
1564 2373 2032 2427 consueverunt
2080 2367 2364 2428 sacerdo·

876 2468 969 2522 tes
993 2461 1117 2523 Deo
1147 2479 1297 2522 vero
1330 2460 1716 2540 sacrificare,
1750 2466 1829 2522 de
1863 2465 2081 2523 Gabaa
2106 2463 2364 2526 civitate

876 2579 1073 2639 usque
1103 2561 1414 2620 Bersabee
1444 2559 1789 2636 civitatem,
1826 2579 1969 2640 quae
2014 2580 2050 2622 a
2092 2580 2163 2623 se
2201 2561 2365 2624 invi-

875 2674 1013 2719 cem
1064 2655 1249 2719 valde
1299 2655 1621 2719 distabant
1664 2674 1678 2718 ε
1721 2657 1906 2739 quasi
1955 2658 2225 2736 dicatur,
2277 2660 2364 2722 De

876 2774 1005 2816 una
1033 2753 1214 2834 regni
1248 2753 1347 2815 sui
1377 2755 1773 2817 extremitate
1816 2775 2017 2838 usque
2048 2758 2126 2819 ad
2173 2757 2364 2819 aliam

880 2852 1034 2915 fecit
1076 2852 1219 2914 hoc.
1258 2856 1339 2913 Et
1369 2856 1695 2914 destruoeit
1726 2875 1875 2914 aras
1899 2866 2268 2931 portarum,
2300 2856 2362 2918 id

876 2958 974 3013 est
1001 2949 1225 3013 altaria
1256 2949 1375 3012 sita
1405 2950 1471 3012 in
1504 2951 1726 3032 portis,
1756 2955 1826 3012 in
1850 2954 2150 3022 introitu,
2176 2953 2239 3014 id
2269 2963 2365 3016 est

2473 1773 2795 1848 riebatur3
2849 1781 2996 1836 tunc
3045 1775 3403 1837 sacerdotes
3443 1772 3685 1836 Moloch
3729 1791 3962 1835 sonum

2398 1872 2444 1933 B
2470 1872 2775 1951 grandem
2822 1871 3110 1935 fecerunt
3153 1891 3298 1934 cum
3341 1871 3682 1954 tympaniS,
3733 1891 3814 1933 ne
3855 1889 3968 1952 pa-

2474 1978 2682 2032 rentes
2715 1970 3032 2032 audiendo
3055 1971 3384 2052 planctum
3403 1978 3463 2033 et
3485 1970 3828 2032 clamorem
3852 1987 3969 2050 pu-

2472 2068 2563 2130 eri
2595 2068 2805 2130 taliter
2842 2069 3196 2145 morientiS‚
3232 2077 3640 2132 moverentur
3670 2068 3749 2129 ad
3793 2085 3970 2130 com-

2473 2166 2856 2248 passionem,
2883 2175 2992 2228 aut
3022 2167 3102 2229 de
3141 2166 3252 2228 tali
3291 2166 3616 2229 oblatione
3646 2165 3962 2228 dolerent.

2563 2267 2849 2326 Abstulit
2897 2285 3142 2344 quoque
3188 2285 3399 2343 equos,
3449 2285 3606 2343 quos
3649 2267 3970 2324 dederant

2473 2382 2648 2439 reyes
2675 2366 2848 2423 Juda
2881 2365 3003 2422 soli
3034 2365 3105 2423 in
3140 2365 3418 2448 introitu
3443 2364 3667 2440 templi
3695 2363 3973 2422 Domini

2459 2462 2667 2538 juoeta
2717 2464 3043 2531 exedram,
3097 2460 3160 2523 id
3221 2469 3318 2523 est
3371 2462 3552 2542 juxta
3602 2460 3802 2523 aedem
3853 2478 3972 2522 scu

2475 2559 2894 2634 mansionem,
2941 2563 3450 2623 Nutha-amelech,
3493 2561 3801 2630 eunuchi,
3849 2560 3975 2638 qui

2473 2667 2612 2718 erat
2643 2659 2714 2717 in
2745 2659 3110 2718 Plearurim
3141 2677 3164 2716 .·
3192 2657 3307 2738 qui
3337 2658 3438 2736 (ut
3469 2656 3701 2736 fertur)
3727 2655 3975 2737 janitor

2477 2753 2622 2816 fuit.
2658 2755 2886 2817 Dicunt
2925 2754 3139 2835 aliqui,
3175 2756 3347 2836 quod
3393 2763 3576 2817 erant
3617 2754 3747 2817 veri
3783 2763 3848 2817 et
3878 2753 3976 2816 vi·

2477 2862 2696 2916 ventes
2745 2853 2917 2934 equi,
2961 2871 3122 2934 quos
3163 2853 3426 2934 quidam
3475 2871 3655 2934 reges
3707 2851 3975 2916 idolola-

2477 2960 2588 3013 trae
2609 2951 2978 3014 obtulerunt
3009 2952 3149 3028 soli,
3174 2960 3496 3034 quatenus
3524 2951 3660 3014 sole
3679 2951 3974 3014 diluculo

875 3048 1053 3130 juxta
1086 3048 1467 3128 ingressum,
1499 3051 1653 3110 ostii
1679 3052 1870 3112 Josioe
1890 3052 1913 3075 *
1934 3054 2263 3129 principis
2283 3056 2363 3112 ci-
2401 3050 2444 3113 C
2475 3048 2738 3126 oriente,
2763 3050 3023 3130 quidam
3055 3051 3330 3113 cultores
3359 3050 3514 3114 solis
3545 3069 3740 3132 super
3771 3069 3974 3131 equos

876 3149 1125 3216 vitati&
1158 3146 1221 3208 id
1254 3155 1369 3223 est,
1404 3147 1515 3227 qui
1548 3147 1975 3229 principatum
2021 3151 2362 3230 quemdam

873 3244 1100 3306 habuit
1131 3243 1197 3305 in
1225 3243 1569 3306 Jerusalem
1597 3269 1611 3319 3
1648 3246 1747 3310 vel
1781 3246 1847 3307 in
1892 3247 2015 3308 alia
2048 3247 2205 3310 urbe
2239 3247 2365 3311 for-

873 3361 987 3403 san
1038 3348 1171 3404 erat
1230 3340 1589 3423 praefectuS,
1651 3343 1831 3424 juxta
1888 3345 2069 3425 cujus
2126 3346 2361 3408 ostium

873 3448 1053 3502 erant
1084 3439 1390 3519 sacrilega
1421 3440 1533 3503 illa
1561 3441 1807 3518 altaria,
1838 3461 2029 3524 super
2060 3463 2202 3523 quae
2234 3463 2362 3507 non

874 3538 1059 3601 licuit
1102 3537 1431 3600 immolare
1458 3563 1473 3613 3
1505 3543 1678 3619 quod
1716 3541 1949 3602 ostium
1998 3541 2184 3604 Josiae
2224 3554 2363 3603 erat

874 3637 1067 3698 situm
1098 3639 1189 3696 ad
1216 3638 1554 3697 sinistram
1574 3647 1773 3713 portoe
1803 3640 2112 3709 civitati-3,
2139 3639 2205 3700 in
2238 3658 2366 3719 qua

873 3742 1163 3816 praeerat.
1208 3737 1659 3795 Verumtamen
1678 3754 1809 3795 non
1830 3739 2252 3797 ascendebant
2269 3760 2365 3798 sa-

871 3835 1150 3893 cerdotes
1178 3837 1597 3902 excelsorum,
1628 3832 1737 3912 qui
1777 3832 1905 3895 Deo
1952 3833 2018 3895 in
2064 3834 2222 3897 locis
2266 3855 2363 3898 ex-

873 3930 1061 3993 celsis
1092 3933 1193 4011 (ut
1220 3931 1460 3993 dictum
1492 3933 1615 4011 est)
1646 3928 2119 4010 sacrificabant,
2154 3937 2243 3993 ad
2268 3939 2364 3994 al-

874 4040 1010 4091 tare
1052 4031 1320 4090 Domini
1368 4031 1441 4089 in
1480 4033 1861 4099 Jerusalem,
1898 4030 1959 4091 id
2010 4038 2127 4107 est,
2173 4051 2362 4113 super

874 4129 1071 4190 altare
1132 4126 1488 4190 holocausti
1542 4127 1820 4208 positum
1873 4127 1941 4189 in
1998 4130 2161 4192 atrio
2211 4138 2364 4192 tem-

2476 3165 2619 3210 cum
2655 3167 2843 3210 curru
2884 3148 3246 3229 equitarent
3289 3167 3402 3230 per
3435 3149 3713 3230 spatium
3747 3167 3974 3212 versus

2477 3245 2809 3322 orientem,
2846 3246 3026 3326 quasi
3060 3246 3393 3309 obviantes
3425 3247 3544 3309 soli
3575 3248 3655 3309 ad
3688 3247 3832 3327 ejus
3861 3247 3978 3310 ho-

2479 3361 2720 3406 norem.
2774 3343 2897 3405 Alii
2948 3344 3192 3421 dicunt,
3245 3344 3417 3425 quod
3467 3353 3653 3406 erant
3701 3344 3978 3426 depictae

2477 3448 2585 3502 aut
2632 3441 2896 3522 sculptae
2927 3460 3237 3522 equorum
3273 3443 3606 3522 imagineS‚
3641 3441 3801 3523 quia
3845 3442 3982 3505 ido-

2479 3538 2718 3600 lolatrae
2763 3539 2960 3602 solem
3001 3540 3304 3618 colenteS,
3341 3539 3634 3603 fecerunt
3677 3539 3983 3602 similitu·

2477 3636 2690 3698 dinem
2725 3637 2862 3717 ejus
2893 3657 3022 3699 una
3049 3657 3194 3699 cum
3225 3639 3409 3720 equis
3440 3648 3504 3701 et
3531 3638 3855 3702 curribuS.
3893 3639 3981 3701 De

2477 3732 2599 3795 hoc
2636 3733 2703 3795 in
2751 3733 3137 3797 Scholastica
3181 3735 3449 3799 historia
3491 3737 3582 3799 sic
3623 3744 3922 3799 narratur
3961 3753 3976 3798 :

2478 3832 2688 3912 Equos
2733 3841 2797 3894 et
2845 3851 3066 3895 currus
3115 3833 3270 3896 solis
3327 3853 3490 3916 quos
3549 3835 3978 3916 depinxerant

2478 3949 2656 4010 reges
2696 3931 2854 3993 Juda
2895 3931 2959 3993 in
3015 3931 3278 3994 introitu
3332 3932 3556 4013 templi
3609 3933 3792 4013 juxta
3834 3952 3982 3996 exe-

2475 4028 2653 4090 dram
2676 4029 3190 4105 Nathanmelech‚
3217 4031 3481 4094 omnino
3501 4031 3841 4094 destruxit.
3867 4032 3980 4094 Fe.-

2476 4136 2692 4189 cerant
2724 4147 2998 4209 namque
3032 4129 3338 4192 ibiJudaei
3361 4129 3604 4192 idolum
3638 4130 3794 4193 solis
3824 4150 3981 4212 qua-

871 4226 963 4309 pli
1003 4245 1131 4288 non
1154 4224 1686 4307 permittebantur
1707 4223 1969 4302 offerre,
1994 4226 2076 4288 ob
2106 4227 2359 4309 culpam
2392 4226 2441 4288 D
2475 4225 2527 4286 si
2587 4244 2853 4306 puerum
2917 4226 3289 4304 imberbem,
3345 4229 3501 4309 quia
3561 4229 3654 4291 sol
3719 4229 3978 4292 nullum

871 4343 1000 4405 qua
1031 4332 1253 4387 contra
1283 4323 1489 4404 legem
1520 4329 1697 4384 extra
1729 4322 2035 4402 templum
2069 4343 2365 4404 praesum-

872 4429 1139 4504 pserunt
1186 4419 1459 4495 offerre3
1504 4423 1615 4480 sed
1666 4429 1921 4482 tantum
1961 4425 2363 4484 comedebant

872 4539 1113 4597 azyma
1143 4522 1215 4580 in
1260 4522 1467 4579 medio
1497 4523 1791 4598 fratrum
1820 4539 2115 4588 suorum,
2146 4520 2210 4582 id
2241 4529 2357 4599 est,

871 4618 1037 4680 inter
1080 4616 1244 4680 alios
1276 4617 1634 4679 sacerdotes
1686 4635 1797 4678 seu
1837 4616 2148 4678 Israelitas
2198 4618 2363 4682 sine-

868 4716 1103 4778 bantur
1136 4715 1467 4777 comedere
1500 4732 1751 4795 azymos
1784 4733 2001 4795 pancS,
2037 4715 2138 4776 vel
2170 4716 2358 4778 etiam

868 4814 1085 4896 aliqua
1114 4815 1193 4876 de
1221 4812 1475 4890 oblatiS,
1511 4813 1590 4875 ad
1622 4830 1896 4893 quorum
1929 4831 2107 4874 esum
2139 4814 2362 4875 admit-

867 4914 1183 4990 tebantur,
1229 4912 1395 4975 sicut
1425 4911 1491 4974 in
1532 4911 1813 4974 Levitico
1844 4917 2018 4992 patet
2047 4912 2125 4973 de
2153 4911 2362 4973 dome-

602 5033 709 5077 Lev.
734 5048 833 5084 xm,
865 5012 1045 5076 sticis
1077 5010 1445 5074 sacerdotis

568 5097 636 5139 1¹.

950 5110 1436 5172 Contaminavit
1484 5128 1750 5186 quoque,
1802 5106 1867 5168 id
1919 5113 2021 5168 est.
2065 5102 2354 5180 foedavit,

862 5207 1424 5288 abominabileque
1482 5205 1883 5279 monstravit,
1946 5205 2249 5281 Toplzeth,
2293 5202 2355 5264 id

860 5317 959 5372 est
1007 5307 1251 5370 idolum
1300 5304 1565 5381 Moloch,
1601 5307 1773 5383 quod
1810 5311 1901 5362 est
1944 5305 2017 5362 in
2066 5305 2356 5361 convalle

2473 4323 2712 4404 patitur
2740 4325 3010 4402 senium,
3041 4327 3149 4388 sed
3182 4326 3472 4405 quotidie
3503 4336 3872 4404 renovatur,
3911 4329 3978 4392 id

2473 4429 2589 4498 est,
2619 4422 2697 4484 de
2740 4441 2906 4486 novo
2948 4424 3134 4505 quasi
3178 4443 3402 4486 recens
3440 4426 3749 4489 exoritur.
3786 4427 3982 4492 Fece-

2471 4527 2614 4580 rant
2643 4519 2832 4580 etiam
2855 4538 3052 4600 equos
3074 4530 3134 4583 et
3157 4541 3440 4598 currum,
3465 4531 3769 4604 putantes
3800 4527 3978 4606 quod

2470 4617 2562 4679 sol
2613 4615 2676 4677 in
2728 4616 2899 4680 hunc
2951 4620 3210 4680 modum
3262 4620 3696 4684 transtulisse-t
3739 4622 3976 4685 Eliam.

2469 4715 2610 4776 Haec
2639 4714 2754 4777 ibi.
2801 4714 2920 4776 Sed
2952 4724 3172 4778 contra
3211 4718 3332 4780 hoc
3379 4719 3682 4781 ultimum
3726 4719 3980 4784 dictum

2470 4811 2661 4892 objici
2704 4821 2932 4894 potest,
2967 4815 3137 4894 quod
3181 4815 3370 4877 etiam
3421 4817 3680 4898 pagani,
3728 4818 3843 4899 qui
3895 4819 3982 4882 de

2469 4907 2622 4970 Eliae
2665 4911 3082 4975 translatione
3109 4913 3202 4974 nil
3250 4914 3539 4978 sciebant
3581 4935 3796 4997 neque
3839 4937 3983 4981 cre-

2472 5006 2728 5082 debant,
2794 5008 3084 5071 t'ecerunt
3143 5010 3386 5073 idolum
3445 5032 3560 5076 seu
3621 5015 3978 5094 imaginem

2471 5102 2623 5165 solis
2668 5123 2812 5165 cum
2863 5125 3052 5168 curru
3099 5118 3162 5171 et
3209 5111 3515 5190 equiS,ut
3567 5112 3636 5174 in
3679 5113 3984 5192 Legenda

2469 5208 2738 5281 quatuor
2765 5201 3220 5268 Coronatorum
3267 5207 3590 5288 refertur3
3641 5221 3840 5294 atque
3879 5217 3984 5293 (ut

2468 5297 2666 5378 aliqui
2715 5299 3131 5379 probabiliter
3175 5303 3429 5387 dicunt)
3454 5307 3662 5372 Judaei
3713 5310 3984 5377 idolola—
