<?xml version="1.0" encoding="UTF-8"?>
<!DOCTYPE html PUBLIC "-//W3C//DTD XHTML 1.0 Transitional//EN"
    "http://www.w3.org/TR/xhtml1/DTD/xhtml1-transitional.dtd">
<html xmlns="http://www.w3.org/1999/xhtml" xml:lang="en" lang="en">
 <head>
  <title>
</title>
<meta http-equiv="Content-Type" content="text/html;charset=utf-8" />
  <meta name='ocr-system' content='tesseract 3.04.00' />
  <meta name='ocr-capabilities' content='ocr_page ocr_carea ocr_par ocr_line ocrx_word'/>
</head>
<body>
  <div class='ocr_page' id='page_1' title='image "./doctorisecstati06unkngoog_0715.png"; bbox 0 0 4309 6259; ppageno 0'>
   <div class='ocr_carea' id='block_1_1' title="bbox 76 1185 354 1290">
    <p class='ocr_par' dir='ltr' id='par_1_1' title="bbox 76 1185 354 1290">
     <span class='ocr_line' id='line_1_1' title="bbox 90 1185 354 1234; baseline 0.008 -10"><span class='ocrx_word' id='word_1_1' title='bbox 90 1185 244 1228; x_wconf 63' lang='lat' dir='ltr'><strong>Secti.</strong></span> <span class='ocrx_word' id='word_1_2' title='bbox 262 1199 354 1234; x_wconf 70' lang='lat' dir='ltr'><strong>xix,</strong></span> 
     </span>
     <span class='ocr_line' id='line_1_2' title="bbox 76 1249 139 1290; baseline 0.032 -2"><span class='ocrx_word' id='word_1_3' title='bbox 76 1249 139 1290; x_wconf 71' lang='lat'><strong>2³.</strong></span> 
     </span>
    </p>
   </div>
   <div class='ocr_carea' id='block_1_2' title="bbox 78 2568 349 2680">
    <p class='ocr_par' dir='ltr' id='par_1_2' title="bbox 78 2568 349 2680">
     <span class='ocr_line' id='line_1_3' title="bbox 126 2568 305 2611; baseline 0.017 -3"><span class='ocrx_word' id='word_1_4' title='bbox 126 2568 305 2611; x_wconf 64' lang='lat' dir='ltr'><strong>Macen.</strong></span> 
     </span>
     <span class='ocr_line' id='line_1_4' title="bbox 78 2633 349 2680; baseline 0.011 -10"><span class='ocrx_word' id='word_1_5' title='bbox 78 2645 189 2678; x_wconf 75' lang='lat' dir='ltr'><strong>nui,</strong></span> <span class='ocrx_word' id='word_1_6' title='bbox 203 2633 349 2680; x_wconf 65' lang='grc'>2738.</span> 
     </span>
    </p>
   </div>
   <div class='ocr_carea' id='block_1_3' title="bbox 82 3256 345 3358">
    <p class='ocr_par' dir='ltr' id='par_1_3' title="bbox 82 3256 345 3358">
     <span class='ocr_line' id='line_1_5' title="bbox 109 3256 345 3308; baseline 0.021 -14"><span class='ocrx_word' id='word_1_7' title='bbox 109 3256 240 3298; x_wconf 79' lang='lat' dir='ltr'><strong>Prov.</strong></span> <span class='ocrx_word' id='word_1_8' title='bbox 258 3270 345 3308; x_wconf 73' lang='lat' dir='ltr'><strong>xiv,</strong></span> 
     </span>
     <span class='ocr_line' id='line_1_6' title="bbox 82 3321 143 3358; baseline 0.033 -2"><span class='ocrx_word' id='word_1_9' title='bbox 82 3321 143 3358; x_wconf 72' lang='lat'><strong>¹7.</strong></span> 
     </span>
    </p>
   </div>
   <div class='ocr_carea' id='block_1_4' title="bbox 1186 501 3478 566">
    <p class='ocr_par' dir='ltr' id='par_1_4' title="bbox 1186 501 3478 566">
     <span class='ocr_line' id='line_1_7' title="bbox 1186 501 3478 566; baseline 0.003 -7"><span class='ocrx_word' id='word_1_10' title='bbox 1186 515 1533 560; x_wconf 64' lang='lat' dir='ltr'><strong>manuario</strong></span> <span class='ocrx_word' id='word_1_11' title='bbox 1577 517 1638 560; x_wconf 77' lang='lat' dir='ltr'><strong>m</strong></span> <span class='ocrx_word' id='word_1_12' title='bbox 1682 518 1817 562; x_wconf 64' lang='lat' dir='ltr'><strong>car.</strong></span> <span class='ocrx_word' id='word_1_13' title='bbox 1864 516 2054 563; x_wconf 76' lang='lat' dir='ltr'><strong>xxxvl</strong></span> <span class='ocrx_word' id='word_1_14' title='bbox 2095 516 2222 562; x_wconf 75' lang='lat' dir='ltr'><strong>son.</strong></span> <span class='ocrx_word' id='word_1_15' title='bbox 2266 537 2348 546; x_wconf 91' lang='lat'><em>-</em></span> <span class='ocrx_word' id='word_1_16' title='bbox 2387 519 2529 563; x_wconf 66' lang='lat' dir='ltr'><strong>aar.</strong></span> <span class='ocrx_word' id='word_1_17' title='bbox 2575 519 2714 564; x_wconf 68' lang='lat' dir='ltr'><strong>cxlv</strong></span> <span class='ocrx_word' id='word_1_18' title='bbox 3365 501 3478 566; x_wconf 76' lang='lat'><strong>681</strong></span> 
     </span>
    </p>
   </div>
   <div class='ocr_carea' id='block_1_5' title="bbox 388 680 3477 769">
    <p class='ocr_par' dir='ltr' id='par_1_5' title="bbox 388 680 3477 769">
     <span class='ocr_line' id='line_1_8' title="bbox 388 680 3477 769; baseline 0.005 -30"><span class='ocrx_word' id='word_1_19' title='bbox 388 680 604 760; x_wconf 88' lang='lat' dir='ltr'><strong>potius</strong></span> <span class='ocrx_word' id='word_1_20' title='bbox 636 683 879 744; x_wconf 88' lang='lat' dir='ltr'><strong>versuti</strong></span> <span class='ocrx_word' id='word_1_21' title='bbox 909 692 973 746; x_wconf 85' lang='lat' dir='ltr'><strong>et</strong></span> <span class='ocrx_word' id='word_1_22' title='bbox 1002 703 1303 766; x_wconf 77' lang='lat' dir='ltr'><strong>nequam,</strong></span> <span class='ocrx_word' id='word_1_23' title='bbox 1331 687 1443 767; x_wconf 92' lang='lat' dir='ltr'><strong>qui</strong></span> <span class='ocrx_word' id='word_1_24' title='bbox 1477 687 1733 767; x_wconf 91' lang='lat' dir='ltr'><strong>ingenio</strong></span> <span class='ocrx_word' id='word_1_25' title='bbox 1770 707 1885 751; x_wconf 91' lang='lat' dir='ltr'><strong>suo</strong></span> <span class='ocrx_word' id='word_1_26' title='bbox 1913 688 1964 748; x_wconf 80' lang='grc' dir='ltr'>Α</span> <span class='ocrx_word' id='word_1_27' title='bbox 2078 693 2398 751; x_wconf 80' lang='lat' dir='ltr'><em>Morietur</em></span> <span class='ocrx_word' id='word_1_28' title='bbox 2447 694 2520 750; x_wconf 80' lang='lat' dir='ltr'><strong>in</strong></span> <span class='ocrx_word' id='word_1_29' title='bbox 2566 701 2926 769; x_wconf 75' lang='lat' dir='ltr'><em>tempestate</em></span> <span class='ocrx_word' id='word_1_30' title='bbox 2965 696 3190 753; x_wconf 76' lang='lat' dir='ltr'><strong>ani-ma</strong></span> <span class='ocrx_word' id='word_1_31' title='bbox 3233 713 3477 754; x_wconf 85' lang='lat' dir='ltr'><strong>eorum.</strong></span> 
     </span>
    </p>
   </div>
   <div class='ocr_carea' id='block_1_6' title="bbox 386 777 1887 1848">
    <p class='ocr_par' dir='ltr' id='par_1_6' title="bbox 386 777 1887 1848">
     <span class='ocr_line' id='line_1_9' title="bbox 388 777 1887 864; baseline 0.007 -27"><span class='ocrx_word' id='word_1_32' title='bbox 388 777 559 839; x_wconf 87' lang='lat' dir='ltr'><strong>male</strong></span> <span class='ocrx_word' id='word_1_33' title='bbox 588 787 881 857; x_wconf 88' lang='lat' dir='ltr'><strong>utuntur,</strong></span> <span class='ocrx_word' id='word_1_34' title='bbox 902 781 1223 846; x_wconf 88' lang='lat' dir='ltr'><strong>subtiliter</strong></span> <span class='ocrx_word' id='word_1_35' title='bbox 1242 785 1657 864; x_wconf 85' lang='lat' dir='ltr'><strong>excogitando</strong></span> <span class='ocrx_word' id='word_1_36' title='bbox 1678 787 1887 848; x_wconf 88' lang='lat' dir='ltr'><strong>media</strong></span> 
     </span>
     <span class='ocr_line' id='line_1_10' title="bbox 389 875 1886 965; baseline 0.007 -29"><span class='ocrx_word' id='word_1_37' title='bbox 389 875 623 938; x_wconf 87' lang='lat' dir='ltr'><strong>vitiosa</strong></span> <span class='ocrx_word' id='word_1_38' title='bbox 682 877 1017 942; x_wconf 89' lang='lat' dir='ltr'><strong>obtinendi</strong></span> <span class='ocrx_word' id='word_1_39' title='bbox 1068 899 1179 944; x_wconf 88' lang='lat' dir='ltr'><strong>seu</strong></span> <span class='ocrx_word' id='word_1_40' title='bbox 1228 882 1622 965; x_wconf 89' lang='lat' dir='ltr'><strong>adimplendi</strong></span> <span class='ocrx_word' id='word_1_41' title='bbox 1681 884 1886 946; x_wconf 87' lang='lat' dir='ltr'><strong>inten-</strong></span> 
     </span>
     <span class='ocr_line' id='line_1_11' title="bbox 390 977 1881 1062; baseline 0.007 -28"><span class='ocrx_word' id='word_1_42' title='bbox 390 982 525 1035; x_wconf 91' lang='lat' dir='ltr'><strong>tum</strong></span> <span class='ocrx_word' id='word_1_43' title='bbox 565 993 579 1036; x_wconf 92' lang='lat'>:</span> <span class='ocrx_word' id='word_1_44' title='bbox 616 984 689 1037; x_wconf 89' lang='lat' dir='ltr'><strong>ut</strong></span> <span class='ocrx_word' id='word_1_45' title='bbox 718 977 978 1056; x_wconf 89' lang='lat' dir='ltr'><strong>quidam</strong></span> <span class='ocrx_word' id='word_1_46' title='bbox 1010 979 1357 1057; x_wconf 86' lang='lat' dir='ltr'><strong>ambitiosi,</strong></span> <span class='ocrx_word' id='word_1_47' title='bbox 1378 982 1488 1061; x_wconf 91' lang='lat' dir='ltr'><strong>qui</strong></span> <span class='ocrx_word' id='word_1_48' title='bbox 1519 1001 1633 1062; x_wconf 89' lang='lat' dir='ltr'><strong>per</strong></span> <span class='ocrx_word' id='word_1_49' title='bbox 1664 981 1881 1044; x_wconf 88' lang='lat' dir='ltr'><strong>fictam</strong></span> 
     </span>
     <span class='ocr_line' id='line_1_12' title="bbox 386 1072 1878 1160; baseline 0.007 -28"><span class='ocrx_word' id='word_1_50' title='bbox 386 1072 819 1136; x_wconf 88' lang='lat' dir='ltr'><strong>humilitatem</strong></span> <span class='ocrx_word' id='word_1_51' title='bbox 842 1085 1155 1138; x_wconf 89' lang='lat' dir='ltr'><strong>conantur</strong></span> <span class='ocrx_word' id='word_1_52' title='bbox 1183 1078 1394 1140; x_wconf 88' lang='lat' dir='ltr'><strong>sortiri</strong></span> <span class='ocrx_word' id='word_1_53' title='bbox 1429 1080 1878 1160; x_wconf 84' lang='lat' dir='ltr'><strong>praelationem.</strong></span> 
     </span>
     <span class='ocr_line' id='line_1_13' title="bbox 386 1170 1885 1260; baseline 0.007 -29"><span class='ocrx_word' id='word_1_54' title='bbox 386 1170 633 1244; x_wconf 88' lang='lat' dir='ltr'><strong>Quibus</strong></span> <span class='ocrx_word' id='word_1_55' title='bbox 684 1173 843 1235; x_wconf 92' lang='lat' dir='ltr'><strong>illud</strong></span> <span class='ocrx_word' id='word_1_56' title='bbox 892 1174 1319 1239; x_wconf 86' lang='lat' dir='ltr'><strong>Ecclesiastici</strong></span> <span class='ocrx_word' id='word_1_57' title='bbox 1368 1181 1673 1260; x_wconf 88' lang='lat' dir='ltr'><strong>competit</strong></span> <span class='ocrx_word' id='word_1_58' title='bbox 1715 1197 1729 1240; x_wconf 91' lang='lat'><strong>:</strong></span> <span class='ocrx_word' id='word_1_59' title='bbox 1775 1180 1885 1241; x_wconf 88' lang='lat' dir='ltr'><strong>Est</strong></span> 
     </span>
     <span class='ocr_line' id='line_1_14' title="bbox 386 1269 1882 1357; baseline 0.005 -27"><span class='ocrx_word' id='word_1_60' title='bbox 386 1269 505 1350; x_wconf 90' lang='lat' dir='ltr'><strong>qui</strong></span> <span class='ocrx_word' id='word_1_61' title='bbox 540 1271 834 1352; x_wconf 89' lang='lat' dir='ltr'><strong>nequiter</strong></span> <span class='ocrx_word' id='word_1_62' title='bbox 866 1291 933 1335; x_wconf 90' lang='lat' dir='ltr'><strong>se</strong></span> <span class='ocrx_word' id='word_1_63' title='bbox 963 1274 1281 1352; x_wconf 84' lang='lat' dir='ltr'><strong>humiliat,</strong></span> <span class='ocrx_word' id='word_1_64' title='bbox 1315 1285 1377 1338; x_wconf 88' lang='lat' dir='ltr'><strong>et</strong></span> <span class='ocrx_word' id='word_1_65' title='bbox 1412 1276 1715 1340; x_wconf 88' lang='lat' dir='ltr'><strong>interiora</strong></span> <span class='ocrx_word' id='word_1_66' title='bbox 1745 1277 1882 1357; x_wconf 87' lang='lat' dir='ltr'><strong>ejus</strong></span> 
     </span>
     <span class='ocr_line' id='line_1_15' title="bbox 390 1368 1885 1454; baseline 0.006 -25"><span class='ocrx_word' id='word_1_67' title='bbox 390 1368 582 1448; x_wconf 89' lang='lat' dir='ltr'><strong>plena</strong></span> <span class='ocrx_word' id='word_1_68' title='bbox 614 1378 764 1431; x_wconf 83' lang='lat' dir='ltr'><strong>sunt</strong></span> <span class='ocrx_word' id='word_1_69' title='bbox 801 1370 969 1434; x_wconf 93' lang='lat' dir='ltr'><strong>dolo.</strong></span> <span class='ocrx_word' id='word_1_70' title='bbox 1005 1372 1078 1432; x_wconf 87' lang='lat' dir='ltr'><strong>Hi</strong></span> <span class='ocrx_word' id='word_1_71' title='bbox 1117 1392 1268 1454; x_wconf 88' lang='lat' dir='ltr'><strong>ergo</strong></span> <span class='ocrx_word' id='word_1_72' title='bbox 1310 1375 1467 1436; x_wconf 90' lang='lat' dir='ltr'><strong>iram</strong></span> <span class='ocrx_word' id='word_1_73' title='bbox 1514 1376 1621 1438; x_wconf 91' lang='lat' dir='ltr'><strong>Dei</strong></span> <span class='ocrx_word' id='word_1_74' title='bbox 1664 1385 1885 1440; x_wconf 90' lang='lat' dir='ltr'><strong>contra</strong></span> 
     </span>
     <span class='ocr_line' id='line_1_16' title="bbox 388 1471 1877 1556; baseline 0.007 -30"><span class='ocrx_word' id='word_1_75' title='bbox 388 1486 459 1529; x_wconf 90' lang='lat' dir='ltr'><strong>se</strong></span> <span class='ocrx_word' id='word_1_76' title='bbox 509 1477 879 1548; x_wconf 87' lang='lat' dir='ltr'><strong>provocant,</strong></span> <span class='ocrx_word' id='word_1_77' title='bbox 934 1471 1085 1550; x_wconf 89' lang='lat' dir='ltr'><strong>quia</strong></span> <span class='ocrx_word' id='word_1_78' title='bbox 1132 1473 1508 1552; x_wconf 89' lang='lat' dir='ltr'><strong>gravissime</strong></span> <span class='ocrx_word' id='word_1_79' title='bbox 1555 1483 1819 1556; x_wconf 88' lang='lat' dir='ltr'><strong>peccant</strong></span> <span class='ocrx_word' id='word_1_80' title='bbox 1863 1492 1877 1552; x_wconf 91' lang='grc'><strong>;</strong></span> 
     </span>
     <span class='ocr_line' id='line_1_17' title="bbox 390 1568 1883 1650; baseline 0.006 -24"><span class='ocrx_word' id='word_1_81' title='bbox 390 1574 699 1646; x_wconf 88' lang='lat' dir='ltr'><strong>tantoque</strong></span> <span class='ocrx_word' id='word_1_82' title='bbox 733 1568 1015 1645; x_wconf 79' lang='lat' dir='ltr'><strong>graviuS,</strong></span> <span class='ocrx_word' id='word_1_83' title='bbox 1048 1579 1288 1650; x_wconf 88' lang='lat' dir='ltr'><strong>quanto</strong></span> <span class='ocrx_word' id='word_1_84' title='bbox 1329 1571 1779 1634; x_wconf 84' lang='lat' dir='ltr'><strong>industriosius</strong></span> <span class='ocrx_word' id='word_1_85' title='bbox 1818 1581 1883 1635; x_wconf 88' lang='lat' dir='ltr'><strong>et</strong></span> 
     </span>
     <span class='ocr_line' id='line_1_18' title="bbox 388 1663 1882 1751; baseline 0.007 -28"><span class='ocrx_word' id='word_1_86' title='bbox 388 1663 595 1742; x_wconf 86' lang='lat' dir='ltr'><strong>magis</strong></span> <span class='ocrx_word' id='word_1_87' title='bbox 634 1664 929 1741; x_wconf 76' lang='lat' dir='ltr'><strong>scienter,</strong></span> <span class='ocrx_word' id='word_1_88' title='bbox 964 1676 1201 1747; x_wconf 83' lang='lat' dir='ltr'><strong>quanto</strong></span> <span class='ocrx_word' id='word_1_89' title='bbox 1240 1669 1432 1730; x_wconf 86' lang='lat' dir='ltr'><strong>etiam</strong></span> <span class='ocrx_word' id='word_1_90' title='bbox 1478 1688 1695 1732; x_wconf 89' lang='lat' dir='ltr'><strong>eorum</strong></span> <span class='ocrx_word' id='word_1_91' title='bbox 1743 1689 1882 1751; x_wconf 90' lang='lat' dir='ltr'><strong>pec-</strong></span> 
     </span>
     <span class='ocr_line' id='line_1_19' title="bbox 386 1763 1881 1848; baseline 0.004 -25"><span class='ocrx_word' id='word_1_92' title='bbox 386 1771 529 1824; x_wconf 86' lang='lat' dir='ltr'><strong>cata</strong></span> <span class='ocrx_word' id='word_1_93' title='bbox 558 1763 761 1840; x_wconf 85' lang='lat' dir='ltr'><strong>magis</strong></span> <span class='ocrx_word' id='word_1_94' title='bbox 791 1763 1030 1827; x_wconf 88' lang='lat' dir='ltr'><strong>directe</strong></span> <span class='ocrx_word' id='word_1_95' title='bbox 1067 1766 1536 1828; x_wconf 87' lang='lat' dir='ltr'><strong>contrariantur</strong></span> <span class='ocrx_word' id='word_1_96' title='bbox 1580 1767 1881 1848; x_wconf 88' lang='lat' dir='ltr'><strong>simplici-</strong></span> 
     </span>
    </p>
   </div>
   <div class='ocr_carea' id='block_1_7' title="bbox 1992 786 3484 1362">
    <p class='ocr_par' dir='ltr' id='par_1_7' title="bbox 1992 786 3484 1362">
     <span class='ocr_line' id='line_1_20' title="bbox 1996 786 3484 868; baseline 0.003 -22"><span class='ocrx_word' id='word_1_97' title='bbox 1996 786 2243 868; x_wconf 85' lang='lat' dir='ltr'><strong>Duplici</strong></span> <span class='ocrx_word' id='word_1_98' title='bbox 2279 797 2482 850; x_wconf 88' lang='lat' dir='ltr'><strong>morte</strong></span> <span class='ocrx_word' id='word_1_99' title='bbox 2513 788 2782 850; x_wconf 89' lang='lat' dir='ltr'><strong>moritur</strong></span> <span class='ocrx_word' id='word_1_100' title='bbox 2809 789 3039 865; x_wconf 90' lang='lat' dir='ltr'><strong>anima,</strong></span> <span class='ocrx_word' id='word_1_101' title='bbox 3061 791 3303 853; x_wconf 88' lang='lat' dir='ltr'><strong>scilicet</strong></span> <span class='ocrx_word' id='word_1_102' title='bbox 3325 808 3484 853; x_wconf 85' lang='lat' dir='ltr'><strong>mor-</strong></span> 
     </span>
     <span class='ocr_line' id='line_1_21' title="bbox 1998 885 3478 970; baseline 0.003 -26"><span class='ocrx_word' id='word_1_103' title='bbox 1998 891 2056 946; x_wconf 92' lang='lat' dir='ltr'><strong>te</strong></span> <span class='ocrx_word' id='word_1_104' title='bbox 2088 885 2332 966; x_wconf 88' lang='lat' dir='ltr'><strong>peccati</strong></span> <span class='ocrx_word' id='word_1_105' title='bbox 2364 886 2430 947; x_wconf 91' lang='lat' dir='ltr'><strong>in</strong></span> <span class='ocrx_word' id='word_1_106' title='bbox 2463 887 2782 967; x_wconf 79' lang='lat' dir='ltr'><strong>praesenti‚</strong></span> <span class='ocrx_word' id='word_1_107' title='bbox 2809 897 2871 948; x_wconf 88' lang='lat' dir='ltr'><strong>et</strong></span> <span class='ocrx_word' id='word_1_108' title='bbox 2903 897 3103 950; x_wconf 86' lang='lat' dir='ltr'><strong>morte</strong></span> <span class='ocrx_word' id='word_1_109' title='bbox 3134 907 3338 970; x_wconf 81' lang='lat' dir='ltr'><strong>poenae</strong></span> <span class='ocrx_word' id='word_1_110' title='bbox 3369 906 3478 950; x_wconf 90' lang='lat' dir='ltr'><strong>seu</strong></span> 
     </span>
     <span class='ocr_line' id='line_1_22' title="bbox 1993 983 3480 1067; baseline 0.002 -22"><span class='ocrx_word' id='word_1_111' title='bbox 1993 993 2244 1045; x_wconf 81' lang='lat' dir='ltr'><strong>aeternae</strong></span> <span class='ocrx_word' id='word_1_112' title='bbox 2272 984 2544 1046; x_wconf 85' lang='lat' dir='ltr'><strong>miseriae</strong></span> <span class='ocrx_word' id='word_1_113' title='bbox 2576 983 2642 1045; x_wconf 92' lang='lat' dir='ltr'><strong>in</strong></span> <span class='ocrx_word' id='word_1_114' title='bbox 2676 983 3013 1048; x_wconf 89' lang='lat' dir='ltr'><strong>futuro.De</strong></span> <span class='ocrx_word' id='word_1_115' title='bbox 3045 988 3249 1067; x_wconf 89' lang='lat' dir='ltr'><strong>prima</strong></span> <span class='ocrx_word' id='word_1_116' title='bbox 3277 995 3480 1050; x_wconf 89' lang='lat' dir='ltr'><strong>morte</strong></span> 
     </span>
     <span class='ocr_line' id='line_1_23' title="bbox 1994 1082 3479 1164; baseline 0.001 -21"><span class='ocrx_word' id='word_1_117' title='bbox 1994 1082 2229 1144; x_wconf 87' lang='lat' dir='ltr'><strong>dicitur</strong></span> <span class='ocrx_word' id='word_1_118' title='bbox 2270 1082 2334 1144; x_wconf 90' lang='lat' dir='ltr'><strong>in</strong></span> <span class='ocrx_word' id='word_1_119' title='bbox 2378 1083 2717 1164; x_wconf 67' lang='lat' dir='ltr'><strong>Sapientiae</strong></span> <span class='ocrx_word' id='word_1_120' title='bbox 2751 1084 2912 1146; x_wconf 88' lang='lat' dir='ltr'><strong>libro</strong></span> <span class='ocrx_word' id='word_1_121' title='bbox 2949 1101 2962 1144; x_wconf 75' lang='grc' dir='ltr'>ε</span> <span class='ocrx_word' id='word_1_122' title='bbox 2993 1084 3072 1147; x_wconf 91' lang='lat' dir='ltr'><strong>Os</strong></span> <span class='ocrx_word' id='word_1_123' title='bbox 3102 1086 3271 1164; x_wconf 89' lang='lat' dir='ltr'><strong>quod</strong></span> <span class='ocrx_word' id='word_1_124' title='bbox 3303 1103 3479 1146; x_wconf 89' lang='lat' dir='ltr'><strong>men-</strong></span> 
     </span>
     <span class='ocr_line' id='line_1_24' title="bbox 1995 1176 3478 1263; baseline 0.004 -24"><span class='ocrx_word' id='word_1_125' title='bbox 1995 1176 2170 1255; x_wconf 86' lang='lat' dir='ltr'><strong>titur,</strong></span> <span class='ocrx_word' id='word_1_126' title='bbox 2195 1181 2428 1244; x_wconf 88' lang='lat' dir='ltr'><strong>occidit</strong></span> <span class='ocrx_word' id='word_1_127' title='bbox 2457 1183 2758 1244; x_wconf 88' lang='lat' dir='ltr'><strong>animam.</strong></span> <span class='ocrx_word' id='word_1_128' title='bbox 2788 1181 2872 1243; x_wconf 88' lang='lat' dir='ltr'><strong>De</strong></span> <span class='ocrx_word' id='word_1_129' title='bbox 2904 1183 3201 1259; x_wconf 80' lang='lat' dir='ltr'><strong>secunda,</strong></span> <span class='ocrx_word' id='word_1_130' title='bbox 3225 1183 3291 1243; x_wconf 90' lang='lat' dir='ltr'><strong>in</strong></span> <span class='ocrx_word' id='word_1_131' title='bbox 3322 1183 3478 1263; x_wconf 86' lang='lat' dir='ltr'><strong>Apo-</strong></span> 
     </span>
     <span class='ocr_line' id='line_1_25' title="bbox 1992 1277 3476 1362; baseline 0.004 -24"><span class='ocrx_word' id='word_1_132' title='bbox 1992 1277 2232 1358; x_wconf 86' lang='lat' dir='ltr'><strong>calypsi</strong></span> <span class='ocrx_word' id='word_1_133' title='bbox 2289 1299 2302 1342; x_wconf 92' lang='lat'><strong>:</strong></span> <span class='ocrx_word' id='word_1_134' title='bbox 2355 1280 2502 1341; x_wconf 88' lang='lat' dir='ltr'><strong>Pars</strong></span> <span class='ocrx_word' id='word_1_135' title='bbox 2563 1280 2906 1362; x_wconf 88' lang='lat' dir='ltr'><strong>impiorum</strong></span> <span class='ocrx_word' id='word_1_136' title='bbox 2954 1281 3075 1342; x_wconf 90' lang='lat' dir='ltr'><strong>erit</strong></span> <span class='ocrx_word' id='word_1_137' title='bbox 3131 1280 3195 1341; x_wconf 91' lang='lat' dir='ltr'><strong>in</strong></span> <span class='ocrx_word' id='word_1_138' title='bbox 3255 1289 3476 1360; x_wconf 86' lang='lat' dir='ltr'><strong>stagno</strong></span> 
     </span>
    </p>
   </div>
   <div class='ocr_carea' id='block_1_8' title="bbox 1991 1375 3546 1458">
    <p class='ocr_par' dir='ltr' id='par_1_8' title="bbox 1991 1375 3546 1458">
     <span class='ocr_line' id='line_1_26' title="bbox 1991 1375 3546 1458; baseline 0.004 -22"><span class='ocrx_word' id='word_1_139' title='bbox 1991 1375 2238 1437; x_wconf 78' lang='lat' dir='ltr'><strong>ardenti</strong></span> <span class='ocrx_word' id='word_1_140' title='bbox 2272 1377 2405 1457; x_wconf 86' lang='lat' dir='ltr'><strong>igni</strong></span> <span class='ocrx_word' id='word_1_141' title='bbox 2447 1387 2510 1438; x_wconf 89' lang='lat' dir='ltr'><strong>et</strong></span> <span class='ocrx_word' id='word_1_142' title='bbox 2541 1376 2807 1452; x_wconf 89' lang='lat' dir='ltr'><strong>sulfure,</strong></span> <span class='ocrx_word' id='word_1_143' title='bbox 2841 1378 3011 1458; x_wconf 90' lang='lat' dir='ltr'><strong>quod</strong></span> <span class='ocrx_word' id='word_1_144' title='bbox 3051 1386 3148 1439; x_wconf 89' lang='lat' dir='ltr'><strong>est</strong></span> <span class='ocrx_word' id='word_1_145' title='bbox 3181 1396 3350 1440; x_wconf 89' lang='lat' dir='ltr'><strong>mors</strong></span> <span class='ocrx_word' id='word_1_146' title='bbox 3391 1397 3478 1442; x_wconf 86' lang='lat' dir='ltr'><strong>se-</strong></span> <span class='ocrx_word' id='word_1_147' title='bbox 3535 1403 3546 1414; x_wconf 94' lang='lat'>·</span> 
     </span>
    </p>
   </div>
   <div class='ocr_carea' id='block_1_9' title="bbox 1991 1473 3478 1854">
    <p class='ocr_par' dir='ltr' id='par_1_9' title="bbox 1991 1473 3478 1854">
     <span class='ocr_line' id='line_1_27' title="bbox 1992 1473 3477 1558; baseline 0.004 -25"><span class='ocrx_word' id='word_1_148' title='bbox 1992 1474 2219 1536; x_wconf 88' lang='lat' dir='ltr'><strong>cunda.</strong></span> <span class='ocrx_word' id='word_1_149' title='bbox 2273 1473 2726 1542; x_wconf 88' lang='lat' dir='ltr'><strong>Simulatorum</strong></span> <span class='ocrx_word' id='word_1_150' title='bbox 2777 1493 2926 1554; x_wconf 88' lang='lat' dir='ltr'><strong>ergo</strong></span> <span class='ocrx_word' id='word_1_151' title='bbox 2971 1476 3477 1558; x_wconf 87' lang='lat' dir='ltr'><strong>callidorumque</strong></span> 
     </span>
     <span class='ocr_line' id='line_1_28' title="bbox 1991 1571 3473 1656; baseline 0.004 -25"><span class='ocrx_word' id='word_1_152' title='bbox 1991 1571 2204 1633; x_wconf 89' lang='lat' dir='ltr'><strong>anima</strong></span> <span class='ocrx_word' id='word_1_153' title='bbox 2251 1573 2315 1634; x_wconf 89' lang='lat' dir='ltr'><strong>in</strong></span> <span class='ocrx_word' id='word_1_154' title='bbox 2359 1574 2488 1636; x_wconf 87' lang='lat' dir='ltr'><strong>vita</strong></span> <span class='ocrx_word' id='word_1_155' title='bbox 2528 1574 2645 1637; x_wconf 88' lang='lat' dir='ltr'><strong>hac</strong></span> <span class='ocrx_word' id='word_1_156' title='bbox 2691 1574 2960 1637; x_wconf 90' lang='lat' dir='ltr'><strong>moritur</strong></span> <span class='ocrx_word' id='word_1_157' title='bbox 2999 1583 3202 1637; x_wconf 88' lang='lat' dir='ltr'><strong>morte</strong></span> <span class='ocrx_word' id='word_1_158' title='bbox 3247 1575 3473 1656; x_wconf 87' lang='lat' dir='ltr'><strong>culpae,</strong></span> 
     </span>
     <span class='ocr_line' id='line_1_29' title="bbox 1992 1670 3478 1754; baseline 0.003 -24"><span class='ocrx_word' id='word_1_159' title='bbox 1992 1670 2058 1730; x_wconf 88' lang='lat' dir='ltr'><strong>iu</strong></span> <span class='ocrx_word' id='word_1_160' title='bbox 2111 1677 2509 1752; x_wconf 77' lang='lat' dir='ltr'><strong>tempestate,</strong></span> <span class='ocrx_word' id='word_1_161' title='bbox 2564 1673 2628 1734; x_wconf 90' lang='lat' dir='ltr'><strong>id</strong></span> <span class='ocrx_word' id='word_1_162' title='bbox 2675 1681 2772 1734; x_wconf 89' lang='lat' dir='ltr'><strong>est</strong></span> <span class='ocrx_word' id='word_1_163' title='bbox 2822 1672 3161 1754; x_wconf 82' lang='lat' dir='ltr'><strong>multiplici</strong></span> <span class='ocrx_word' id='word_1_164' title='bbox 3210 1673 3478 1754; x_wconf 89' lang='lat' dir='ltr'><strong>strepitu</strong></span> 
     </span>
     <span class='ocr_line' id='line_1_30' title="bbox 1994 1770 3477 1854; baseline 0.003 -24"><span class='ocrx_word' id='word_1_165' title='bbox 1994 1770 2437 1847; x_wconf 81' lang='lat' dir='ltr'><strong>tentationum,</strong></span> <span class='ocrx_word' id='word_1_166' title='bbox 2488 1772 2730 1854; x_wconf 89' lang='lat' dir='ltr'><strong>impetu</strong></span> <span class='ocrx_word' id='word_1_167' title='bbox 2781 1771 3172 1853; x_wconf 84' lang='lat' dir='ltr'><strong>passionum,</strong></span> <span class='ocrx_word' id='word_1_168' title='bbox 3227 1772 3477 1852; x_wconf 88' lang='lat' dir='ltr'><strong>inquie-</strong></span> 
     </span>
    </p>
   </div>
   <div class='ocr_carea' id='block_1_10' title="bbox 390 1860 3479 1952">
    <p class='ocr_par' dir='ltr' id='par_1_10' title="bbox 390 1860 3479 1952">
     <span class='ocr_line' id='line_1_31' title="bbox 390 1860 3479 1952; baseline 0.003 -30"><span class='ocrx_word' id='word_1_169' title='bbox 390 1860 525 1936; x_wconf 81' lang='lat' dir='ltr'><strong>tati,</strong></span> <span class='ocrx_word' id='word_1_170' title='bbox 561 1862 815 1924; x_wconf 86' lang='lat' dir='ltr'><strong>veritati</strong></span> <span class='ocrx_word' id='word_1_171' title='bbox 862 1870 924 1925; x_wconf 88' lang='lat' dir='ltr'><strong>et</strong></span> <span class='ocrx_word' id='word_1_172' title='bbox 974 1865 1259 1944; x_wconf 81' lang='lat' dir='ltr'><strong>aequitati</strong></span> <span class='ocrx_word' id='word_1_173' title='bbox 1305 1865 1561 1928; x_wconf 85' lang='lat' dir='ltr'><strong>divinae.</strong></span> <span class='ocrx_word' id='word_1_174' title='bbox 1597 1866 1753 1929; x_wconf 88' lang='lat' dir='ltr'><strong>Hinc</strong></span> <span class='ocrx_word' id='word_1_175' title='bbox 1798 1867 1880 1929; x_wconf 89' lang='lat' dir='ltr'><strong>si·</strong></span> <span class='ocrx_word' id='word_1_176' title='bbox 1916 1866 1963 1927; x_wconf 92' lang='lat' dir='ltr'>B</span> <span class='ocrx_word' id='word_1_177' title='bbox 1995 1867 2212 1929; x_wconf 86' lang='lat' dir='ltr'><strong>tudine</strong></span> <span class='ocrx_word' id='word_1_178' title='bbox 2244 1867 2568 1945; x_wconf 90' lang='lat' dir='ltr'><strong>vitiorum,</strong></span> <span class='ocrx_word' id='word_1_179' title='bbox 2604 1870 2839 1952; x_wconf 89' lang='lat' dir='ltr'><strong>quibus</strong></span> <span class='ocrx_word' id='word_1_180' title='bbox 2881 1869 3336 1942; x_wconf 90' lang='lat' dir='ltr'><strong>succumbunt;</strong></span> <span class='ocrx_word' id='word_1_181' title='bbox 3372 1871 3479 1932; x_wconf 91' lang='lat' dir='ltr'><strong>de-</strong></span> 
     </span>
    </p>
   </div>
   <div class='ocr_carea' id='block_1_11' title="bbox 380 1960 1881 3027">
    <p class='ocr_par' dir='ltr' id='par_1_11' title="bbox 380 1960 1881 3027">
     <span class='ocr_line' id='line_1_32' title="bbox 385 1960 1878 2046; baseline 0.005 -26"><span class='ocrx_word' id='word_1_182' title='bbox 385 1960 629 2020; x_wconf 88' lang='lat' dir='ltr'><strong>mulata</strong></span> <span class='ocrx_word' id='word_1_183' title='bbox 648 1960 915 2040; x_wconf 84' lang='lat' dir='ltr'><strong>aequitas</strong></span> <span class='ocrx_word' id='word_1_184' title='bbox 944 1973 1072 2024; x_wconf 90' lang='lat' dir='ltr'><strong>non</strong></span> <span class='ocrx_word' id='word_1_185' title='bbox 1098 1971 1193 2024; x_wconf 85' lang='lat' dir='ltr'><strong>est</strong></span> <span class='ocrx_word' id='word_1_186' title='bbox 1212 1965 1494 2044; x_wconf 81' lang='lat' dir='ltr'><strong>aequitaS,</strong></span> <span class='ocrx_word' id='word_1_187' title='bbox 1514 1965 1622 2026; x_wconf 90' lang='lat' dir='ltr'><strong>sed</strong></span> <span class='ocrx_word' id='word_1_188' title='bbox 1646 1965 1878 2046; x_wconf 82' lang='lat' dir='ltr'><strong>duplex</strong></span> 
     </span>
     <span class='ocr_line' id='line_1_33' title="bbox 386 2058 1881 2141; baseline 0.005 -23"><span class='ocrx_word' id='word_1_189' title='bbox 386 2058 719 2139; x_wconf 83' lang='lat' dir='ltr'><strong>iniquitaS‚</strong></span> <span class='ocrx_word' id='word_1_190' title='bbox 752 2059 903 2139; x_wconf 88' lang='lat' dir='ltr'><strong>quia</strong></span> <span class='ocrx_word' id='word_1_191' title='bbox 941 2067 1005 2121; x_wconf 89' lang='lat' dir='ltr'><strong>et</strong></span> <span class='ocrx_word' id='word_1_192' title='bbox 1043 2061 1349 2141; x_wconf 90' lang='lat' dir='ltr'><strong>iniquitas</strong></span> <span class='ocrx_word' id='word_1_193' title='bbox 1389 2071 1485 2125; x_wconf 89' lang='lat' dir='ltr'><strong>est</strong></span> <span class='ocrx_word' id='word_1_194' title='bbox 1523 2072 1586 2126; x_wconf 92' lang='lat' dir='ltr'><strong>et</strong></span> <span class='ocrx_word' id='word_1_195' title='bbox 1630 2063 1881 2125; x_wconf 87' lang='lat' dir='ltr'><strong>simula-</strong></span> 
     </span>
     <span class='ocr_line' id='line_1_34' title="bbox 388 2155 1879 2224; baseline 0.003 -6"><span class='ocrx_word' id='word_1_196' title='bbox 388 2157 499 2219; x_wconf 92' lang='lat' dir='ltr'><strong>tio.</strong></span> <span class='ocrx_word' id='word_1_197' title='bbox 528 2155 940 2220; x_wconf 88' lang='lat' dir='ltr'><strong>Simulatores</strong></span> <span class='ocrx_word' id='word_1_198' title='bbox 972 2168 1183 2221; x_wconf 89' lang='lat' dir='ltr'><strong>autem</strong></span> <span class='ocrx_word' id='word_1_199' title='bbox 1214 2167 1275 2222; x_wconf 90' lang='lat' dir='ltr'><strong>et</strong></span> <span class='ocrx_word' id='word_1_200' title='bbox 1304 2161 1519 2223; x_wconf 88' lang='lat' dir='ltr'><strong>callidi</strong></span> <span class='ocrx_word' id='word_1_201' title='bbox 1550 2181 1587 2224; x_wconf 88' lang='lat' dir='ltr'><strong>a</strong></span> <span class='ocrx_word' id='word_1_202' title='bbox 1618 2162 1879 2224; x_wconf 89' lang='lat' dir='ltr'><strong>sinceri-</strong></span> 
     </span>
     <span class='ocr_line' id='line_1_35' title="bbox 386 2254 1879 2340; baseline 0.005 -25"><span class='ocrx_word' id='word_1_203' title='bbox 386 2262 515 2317; x_wconf 89' lang='lat' dir='ltr'><strong>tate</strong></span> <span class='ocrx_word' id='word_1_204' title='bbox 544 2262 609 2316; x_wconf 91' lang='lat' dir='ltr'><strong>et</strong></span> <span class='ocrx_word' id='word_1_205' title='bbox 639 2254 1049 2335; x_wconf 82' lang='lat' dir='ltr'><strong>simplicitate</strong></span> <span class='ocrx_word' id='word_1_206' title='bbox 1078 2258 1309 2320; x_wconf 89' lang='lat' dir='ltr'><strong>mentis</strong></span> <span class='ocrx_word' id='word_1_207' title='bbox 1351 2259 1587 2322; x_wconf 81' lang='lat' dir='ltr'><strong>divinae</strong></span> <span class='ocrx_word' id='word_1_208' title='bbox 1626 2278 1879 2340; x_wconf 82' lang='lat' dir='ltr'><strong>praeser-</strong></span> 
     </span>
     <span class='ocr_line' id='line_1_36' title="bbox 386 2353 1872 2439; baseline 0.005 -25"><span class='ocrx_word' id='word_1_209' title='bbox 386 2353 503 2415; x_wconf 89' lang='lat' dir='ltr'><strong>tim</strong></span> <span class='ocrx_word' id='word_1_210' title='bbox 564 2354 891 2429; x_wconf 87' lang='lat' dir='ltr'><strong>recedunt,</strong></span> <span class='ocrx_word' id='word_1_211' title='bbox 955 2363 1232 2437; x_wconf 86' lang='lat' dir='ltr'><strong>suntque</strong></span> <span class='ocrx_word' id='word_1_212' title='bbox 1290 2357 1581 2439; x_wconf 79' lang='lat' dir='ltr'><strong>duplices</strong></span> <span class='ocrx_word' id='word_1_213' title='bbox 1637 2358 1872 2436; x_wconf 89' lang='lat' dir='ltr'><strong>anim0,</strong></span> 
     </span>
     <span class='ocr_line' id='line_1_37' title="bbox 383 2451 1875 2537; baseline 0.003 -23"><span class='ocrx_word' id='word_1_214' title='bbox 383 2459 727 2534; x_wconf 85' lang='lat' dir='ltr'><strong>sequentes</strong></span> <span class='ocrx_word' id='word_1_215' title='bbox 761 2451 1011 2514; x_wconf 81' lang='lat' dir='ltr'><strong>Scribas</strong></span> <span class='ocrx_word' id='word_1_216' title='bbox 1042 2463 1105 2516; x_wconf 90' lang='lat' dir='ltr'><strong>et</strong></span> <span class='ocrx_word' id='word_1_217' title='bbox 1133 2455 1500 2533; x_wconf 80' lang='lat' dir='ltr'><strong>PharisaeOS,</strong></span> <span class='ocrx_word' id='word_1_218' title='bbox 1538 2457 1771 2537; x_wconf 89' lang='lat' dir='ltr'><strong>quibus</strong></span> <span class='ocrx_word' id='word_1_219' title='bbox 1810 2458 1875 2519; x_wconf 91' lang='lat' dir='ltr'><strong>in</strong></span> 
     </span>
     <span class='ocr_line' id='line_1_38' title="bbox 384 2548 1871 2632; baseline 0.004 -22"><span class='ocrx_word' id='word_1_220' title='bbox 384 2548 734 2628; x_wconf 77' lang='lat' dir='ltr'><strong>Evangelio</strong></span> <span class='ocrx_word' id='word_1_221' title='bbox 780 2549 1067 2630; x_wconf 88' lang='lat' dir='ltr'><strong>loquitur</strong></span> <span class='ocrx_word' id='word_1_222' title='bbox 1112 2552 1399 2615; x_wconf 88' lang='lat' dir='ltr'><strong>Christus</strong></span> <span class='ocrx_word' id='word_1_223' title='bbox 1450 2572 1464 2616; x_wconf 91' lang='lat'><strong>:</strong></span> <span class='ocrx_word' id='word_1_224' title='bbox 1512 2555 1618 2617; x_wconf 77' lang='lat' dir='ltr'><strong>Vae</strong></span> <span class='ocrx_word' id='word_1_225' title='bbox 1670 2555 1871 2632; x_wconf 87' lang='lat' dir='ltr'><strong>vobis,</strong></span> 
     </span>
     <span class='ocr_line' id='line_1_39' title="bbox 382 2647 1875 2734; baseline 0.006 -26"><span class='ocrx_word' id='word_1_226' title='bbox 382 2648 495 2728; x_wconf 92' lang='lat' dir='ltr'><strong>qui</strong></span> <span class='ocrx_word' id='word_1_227' title='bbox 539 2647 783 2709; x_wconf 86' lang='lat' dir='ltr'><strong>similes</strong></span> <span class='ocrx_word' id='word_1_228' title='bbox 822 2649 976 2710; x_wconf 90' lang='lat' dir='ltr'><strong>estis</strong></span> <span class='ocrx_word' id='word_1_229' title='bbox 1016 2650 1327 2731; x_wconf 81' lang='lat' dir='ltr'><strong>sepulcris</strong></span> <span class='ocrx_word' id='word_1_230' title='bbox 1367 2652 1701 2730; x_wconf 80' lang='lat' dir='ltr'><strong>dealbatiS,</strong></span> <span class='ocrx_word' id='word_1_231' title='bbox 1732 2673 1875 2734; x_wconf 82' lang='lat' dir='ltr'><strong>quae</strong></span> 
     </span>
     <span class='ocr_line' id='line_1_40' title="bbox 380 2745 1874 2832; baseline 0.005 -26"><span class='ocrx_word' id='word_1_232' title='bbox 380 2765 418 2806; x_wconf 85' lang='lat' dir='ltr'><strong>a</strong></span> <span class='ocrx_word' id='word_1_233' title='bbox 464 2745 621 2808; x_wconf 89' lang='lat' dir='ltr'><strong>foris</strong></span> <span class='ocrx_word' id='word_1_234' title='bbox 671 2754 897 2828; x_wconf 89' lang='lat' dir='ltr'><strong>parent</strong></span> <span class='ocrx_word' id='word_1_235' title='bbox 942 2747 1311 2811; x_wconf 89' lang='lat' dir='ltr'><strong>hominibus</strong></span> <span class='ocrx_word' id='word_1_236' title='bbox 1361 2751 1669 2832; x_wconf 87' lang='lat' dir='ltr'><strong>speciosa,</strong></span> <span class='ocrx_word' id='word_1_237' title='bbox 1703 2753 1874 2814; x_wconf 90' lang='lat' dir='ltr'><strong>intus</strong></span> 
     </span>
     <span class='ocr_line' id='line_1_41' title="bbox 384 2845 1874 2926; baseline 0.005 -20"><span class='ocrx_word' id='word_1_238' title='bbox 384 2864 535 2908; x_wconf 86' lang='lat' dir='ltr'><strong>vero</strong></span> <span class='ocrx_word' id='word_1_239' title='bbox 554 2845 745 2926; x_wconf 91' lang='lat' dir='ltr'><strong>plena</strong></span> <span class='ocrx_word' id='word_1_240' title='bbox 778 2854 927 2907; x_wconf 91' lang='lat' dir='ltr'><strong>sunt</strong></span> <span class='ocrx_word' id='word_1_241' title='bbox 955 2845 1205 2908; x_wconf 89' lang='lat' dir='ltr'><strong>ossibus</strong></span> <span class='ocrx_word' id='word_1_242' title='bbox 1236 2857 1631 2912; x_wconf 88' lang='lat' dir='ltr'><strong>mortuorum</strong></span> <span class='ocrx_word' id='word_1_243' title='bbox 1663 2859 1725 2913; x_wconf 89' lang='lat' dir='ltr'><strong>et</strong></span> <span class='ocrx_word' id='word_1_244' title='bbox 1750 2870 1874 2913; x_wconf 91' lang='lat' dir='ltr'><strong>om-</strong></span> 
     </span>
     <span class='ocr_line' id='line_1_42' title="bbox 380 2943 1874 3027; baseline 0.004 -23"><span class='ocrx_word' id='word_1_245' title='bbox 380 2943 446 3004; x_wconf 93' lang='lat' dir='ltr'><strong>ni</strong></span> <span class='ocrx_word' id='word_1_246' title='bbox 498 2943 830 3024; x_wconf 86' lang='lat' dir='ltr'><strong>spurcitia.</strong></span> <span class='ocrx_word' id='word_1_247' title='bbox 885 2943 986 3006; x_wconf 88' lang='lat' dir='ltr'><strong>Sic</strong></span> <span class='ocrx_word' id='word_1_248' title='bbox 1044 2953 1107 3008; x_wconf 89' lang='lat' dir='ltr'><strong>et</strong></span> <span class='ocrx_word' id='word_1_249' title='bbox 1156 2964 1267 3008; x_wconf 90' lang='lat' dir='ltr'><strong>vos</strong></span> <span class='ocrx_word' id='word_1_250' title='bbox 1325 2947 1585 3027; x_wconf 82' lang='lat' dir='ltr'><strong>quidem</strong></span> <span class='ocrx_word' id='word_1_251' title='bbox 1630 2968 1667 3010; x_wconf 90' lang='lat' dir='ltr'><strong>a</strong></span> <span class='ocrx_word' id='word_1_252' title='bbox 1716 2948 1874 3010; x_wconf 89' lang='lat' dir='ltr'><strong>foris</strong></span> 
     </span>
    </p>
   </div>
   <div class='ocr_carea' id='block_1_12' title="bbox 1986 1965 3477 3024">
    <p class='ocr_par' dir='ltr' id='par_1_12' title="bbox 1986 1965 3477 3024">
     <span class='ocr_line' id='line_1_43' title="bbox 1991 1965 3475 2049; baseline 0.003 -23"><span class='ocrx_word' id='word_1_253' title='bbox 1991 1965 2139 2028; x_wconf 91' lang='lat' dir='ltr'><strong>inde</strong></span> <span class='ocrx_word' id='word_1_254' title='bbox 2181 1968 2449 2029; x_wconf 88' lang='lat' dir='ltr'><strong>moritur</strong></span> <span class='ocrx_word' id='word_1_255' title='bbox 2487 1969 2553 2030; x_wconf 93' lang='lat' dir='ltr'><strong>in</strong></span> <span class='ocrx_word' id='word_1_256' title='bbox 2599 1969 2876 2046; x_wconf 88' lang='lat' dir='ltr'><strong>inferno,</strong></span> <span class='ocrx_word' id='word_1_257' title='bbox 2913 1969 2978 2030; x_wconf 92' lang='lat' dir='ltr'><strong>in</strong></span> <span class='ocrx_word' id='word_1_258' title='bbox 3019 1968 3195 2031; x_wconf 86' lang='lat' dir='ltr'><strong>vario</strong></span> <span class='ocrx_word' id='word_1_259' title='bbox 3237 1969 3475 2049; x_wconf 89' lang='lat' dir='ltr'><strong>impetu</strong></span> 
     </span>
     <span class='ocr_line' id='line_1_44' title="bbox 1987 2064 3474 2148; baseline 0.001 -22"><span class='ocrx_word' id='word_1_260' title='bbox 1987 2064 2440 2143; x_wconf 84' lang='lat' dir='ltr'><strong>gehennalium</strong></span> <span class='ocrx_word' id='word_1_261' title='bbox 2475 2075 2949 2130; x_wconf 89' lang='lat' dir='ltr'><strong>tormentorum.</strong></span> <span class='ocrx_word' id='word_1_262' title='bbox 2968 2067 3147 2130; x_wconf 89' lang='lat' dir='ltr'><strong>Tales</strong></span> <span class='ocrx_word' id='word_1_263' title='bbox 3179 2067 3474 2148; x_wconf 89' lang='lat' dir='ltr'><strong>equidem</strong></span> 
     </span>
     <span class='ocr_line' id='line_1_45' title="bbox 1991 2163 3477 2247; baseline 0.003 -25"><span class='ocrx_word' id='word_1_264' title='bbox 1991 2163 2056 2223; x_wconf 89' lang='lat' dir='ltr'><strong>in</strong></span> <span class='ocrx_word' id='word_1_265' title='bbox 2101 2163 2230 2226; x_wconf 89' lang='lat' dir='ltr'><strong>vita</strong></span> <span class='ocrx_word' id='word_1_266' title='bbox 2276 2164 2392 2226; x_wconf 87' lang='lat' dir='ltr'><strong>hac</strong></span> <span class='ocrx_word' id='word_1_267' title='bbox 2436 2165 3013 2227; x_wconf 88' lang='lat' dir='ltr'><strong>innumerabilibus</strong></span> <span class='ocrx_word' id='word_1_268' title='bbox 3051 2166 3223 2227; x_wconf 84' lang='lat' dir='ltr'><strong>vitiis</strong></span> <span class='ocrx_word' id='word_1_269' title='bbox 3265 2165 3477 2247; x_wconf 86' lang='lat' dir='ltr'><strong>impli-</strong></span> 
     </span>
     <span class='ocr_line' id='line_1_46' title="bbox 1988 2264 3476 2340; baseline 0.001 -18"><span class='ocrx_word' id='word_1_270' title='bbox 1988 2269 2233 2323; x_wconf 86' lang='lat' dir='ltr'><strong>cantur.</strong></span> <span class='ocrx_word' id='word_1_271' title='bbox 2283 2265 2368 2323; x_wconf 76' lang='lat' dir='ltr'><strong>Et</strong></span> <span class='ocrx_word' id='word_1_272' title='bbox 2413 2264 2548 2322; x_wconf 82' lang='lat' dir='ltr'><strong>vita</strong></span> <span class='ocrx_word' id='word_1_273' title='bbox 2595 2283 2815 2324; x_wconf 82' lang='lat' dir='ltr'><strong>eorum</strong></span> <span class='ocrx_word' id='word_1_274' title='bbox 2863 2265 3036 2323; x_wconf 76' lang='lat' dir='ltr'><strong>inter</strong></span> <span class='ocrx_word' id='word_1_275' title='bbox 3079 2266 3476 2340; x_wconf 81' lang='lat' dir='ltr'><strong>effeminatos</strong></span> 
     </span>
     <span class='ocr_line' id='line_1_47' title="bbox 1990 2359 3474 2450; baseline 0.001 -31"><span class='ocrx_word' id='word_1_276' title='bbox 1990 2359 2410 2440; x_wconf 88' lang='lat' dir='ltr'><strong>reputabitur,</strong></span> <span class='ocrx_word' id='word_1_277' title='bbox 2458 2360 2520 2421; x_wconf 93' lang='lat' dir='ltr'><strong>id</strong></span> <span class='ocrx_word' id='word_1_278' title='bbox 2563 2368 2678 2436; x_wconf 89' lang='lat' dir='ltr'><strong>est,</strong></span> <span class='ocrx_word' id='word_1_279' title='bbox 2715 2359 3107 2422; x_wconf 84' lang='lat' dir='ltr'><strong>effeminatis</strong></span> <span class='ocrx_word' id='word_1_280' title='bbox 3150 2379 3474 2450; x_wconf 73' lang='lat' dir='ltr'><strong>compara-</strong></span> 
     </span>
     <span class='ocr_line' id='line_1_48' title="bbox 1988 2457 3471 2530; baseline 0.001 -12"><span class='ocrx_word' id='word_1_281' title='bbox 1988 2457 2248 2519; x_wconf 90' lang='lat' dir='ltr'><strong>buntur.</strong></span> <span class='ocrx_word' id='word_1_282' title='bbox 2295 2457 2836 2530; x_wconf 85' lang='lat' dir='ltr'><strong>Quemadmodum</strong></span> <span class='ocrx_word' id='word_1_283' title='bbox 2887 2459 3058 2520; x_wconf 91' lang='lat' dir='ltr'><strong>enim</strong></span> <span class='ocrx_word' id='word_1_284' title='bbox 3111 2457 3471 2520; x_wconf 85' lang='lat' dir='ltr'><strong>effeminati</strong></span> 
     </span>
     <span class='ocr_line' id='line_1_49' title="bbox 1989 2554 3471 2636; baseline 0.001 -20"><span class='ocrx_word' id='word_1_285' title='bbox 1989 2555 2444 2636; x_wconf 88' lang='lat' dir='ltr'><strong>ferientur,qui</strong></span> <span class='ocrx_word' id='word_1_286' title='bbox 2477 2556 2554 2618; x_wconf 90' lang='lat' dir='ltr'><strong>ad</strong></span> <span class='ocrx_word' id='word_1_287' title='bbox 2589 2554 2926 2618; x_wconf 76' lang='lat' dir='ltr'><strong>femineam</strong></span> <span class='ocrx_word' id='word_1_288' title='bbox 2961 2555 3293 2619; x_wconf 89' lang='lat' dir='ltr'><strong>mollitiem</strong></span> <span class='ocrx_word' id='word_1_289' title='bbox 3326 2565 3471 2617; x_wconf 89' lang='lat' dir='ltr'><strong>sunt</strong></span> 
     </span>
     <span class='ocr_line' id='line_1_50' title="bbox 1986 2653 3474 2734; baseline 0 -20"><span class='ocrx_word' id='word_1_290' title='bbox 1986 2653 2264 2727; x_wconf 87' lang='lat' dir='ltr'><strong>deducti,</strong></span> <span class='ocrx_word' id='word_1_291' title='bbox 2313 2653 2488 2716; x_wconf 92' lang='lat' dir='ltr'><strong>omni</strong></span> <span class='ocrx_word' id='word_1_292' title='bbox 2534 2662 2790 2734; x_wconf 88' lang='lat' dir='ltr'><strong>peccato</strong></span> <span class='ocrx_word' id='word_1_293' title='bbox 2835 2661 2897 2716; x_wconf 97' lang='lat' dir='ltr'><strong>et</strong></span> <span class='ocrx_word' id='word_1_294' title='bbox 2940 2653 3474 2734; x_wconf 74' lang='lat' dir='ltr'><strong>concupiscentiae</strong></span> 
     </span>
     <span class='ocr_line' id='line_1_51' title="bbox 1986 2750 3470 2827; baseline -0.001 -14"><span class='ocrx_word' id='word_1_295' title='bbox 1986 2751 2495 2827; x_wconf 81' lang='lat' dir='ltr'><strong>succumbenteS‚</strong></span> <span class='ocrx_word' id='word_1_296' title='bbox 2543 2761 2613 2812; x_wconf 89' lang='lat' dir='ltr'><strong>ut</strong></span> <span class='ocrx_word' id='word_1_297' title='bbox 2663 2751 2884 2813; x_wconf 88' lang='lat' dir='ltr'><strong>molles</strong></span> <span class='ocrx_word' id='word_1_298' title='bbox 2935 2759 2997 2812; x_wconf 88' lang='lat' dir='ltr'><strong>et</strong></span> <span class='ocrx_word' id='word_1_299' title='bbox 3045 2750 3354 2812; x_wconf 75' lang='lat' dir='ltr'><strong>habituali</strong></span> <span class='ocrx_word' id='word_1_300' title='bbox 3405 2751 3470 2812; x_wconf 91' lang='lat' dir='ltr'><strong>in</strong></span> 
     </span>
     <span class='ocr_line' id='line_1_52' title="bbox 1988 2848 3472 2930; baseline -0.001 -19"><span class='ocrx_word' id='word_1_301' title='bbox 1988 2848 2162 2911; x_wconf 90' lang='lat' dir='ltr'><strong>vitiis</strong></span> <span class='ocrx_word' id='word_1_302' title='bbox 2215 2849 2424 2911; x_wconf 89' lang='lat' dir='ltr'><strong>carnis</strong></span> <span class='ocrx_word' id='word_1_303' title='bbox 2474 2859 2538 2912; x_wconf 86' lang='lat' dir='ltr'><strong>et</strong></span> <span class='ocrx_word' id='word_1_304' title='bbox 2585 2849 2888 2930; x_wconf 84' lang='lat' dir='ltr'><strong>spiritus;</strong></span> <span class='ocrx_word' id='word_1_305' title='bbox 2937 2848 3028 2910; x_wconf 90' lang='lat' dir='ltr'><strong>sic</strong></span> <span class='ocrx_word' id='word_1_306' title='bbox 3079 2848 3172 2910; x_wconf 89' lang='lat' dir='ltr'><strong>illi</strong></span> <span class='ocrx_word' id='word_1_307' title='bbox 3223 2849 3472 2912; x_wconf 88' lang='lat' dir='ltr'><strong>cunctis</strong></span> 
     </span>
     <span class='ocr_line' id='line_1_53' title="bbox 1986 2945 3472 3024; baseline 0.001 -18"><span class='ocrx_word' id='word_1_308' title='bbox 1986 2946 2252 3024; x_wconf 78' lang='lat' dir='ltr'><strong>flagitiis</strong></span> <span class='ocrx_word' id='word_1_309' title='bbox 2293 2947 2610 3009; x_wconf 85' lang='lat' dir='ltr'><strong>enerviter</strong></span> <span class='ocrx_word' id='word_1_310' title='bbox 2648 2948 2904 3023; x_wconf 89' lang='lat' dir='ltr'><strong>cedunt,</strong></span> <span class='ocrx_word' id='word_1_311' title='bbox 2939 2955 3000 3008; x_wconf 88' lang='lat' dir='ltr'><strong>ct</strong></span> <span class='ocrx_word' id='word_1_312' title='bbox 3040 2946 3301 3008; x_wconf 90' lang='lat' dir='ltr'><strong>rationis</strong></span> <span class='ocrx_word' id='word_1_313' title='bbox 3347 2945 3472 3010; x_wconf 90' lang='lat' dir='ltr'><strong>for-</strong></span> 
     </span>
    </p>
   </div>
   <div class='ocr_carea' id='block_1_13' title="bbox 380 3040 3464 3127">
    <p class='ocr_par' dir='ltr' id='par_1_13' title="bbox 380 3040 3464 3127">
     <span class='ocr_line' id='line_1_54' title="bbox 380 3040 3464 3127; baseline 0.001 -24"><span class='ocrx_word' id='word_1_314' title='bbox 380 3041 617 3123; x_wconf 87' lang='lat' dir='ltr'><strong>paretis</strong></span> <span class='ocrx_word' id='word_1_315' title='bbox 661 3040 1029 3105; x_wconf 88' lang='lat' dir='ltr'><strong>hominibus</strong></span> <span class='ocrx_word' id='word_1_316' title='bbox 1064 3043 1261 3122; x_wconf 82' lang='lat' dir='ltr'><strong>justi3</strong></span> <span class='ocrx_word' id='word_1_317' title='bbox 1297 3044 1470 3105; x_wconf 89' lang='lat' dir='ltr'><strong>intus</strong></span> <span class='ocrx_word' id='word_1_318' title='bbox 1508 3065 1659 3108; x_wconf 86' lang='lat' dir='ltr'><strong>vero</strong></span> <span class='ocrx_word' id='word_1_319' title='bbox 1700 3047 1872 3127; x_wconf 90' lang='lat' dir='ltr'><strong>pleni</strong></span> <span class='ocrx_word' id='word_1_320' title='bbox 1908 3048 1952 3112; x_wconf 90' lang='lat' dir='ltr'>C</span> <span class='ocrx_word' id='word_1_321' title='bbox 1988 3045 2324 3106; x_wconf 86' lang='lat' dir='ltr'><strong>titudinem</strong></span> <span class='ocrx_word' id='word_1_322' title='bbox 2375 3043 2588 3106; x_wconf 83' lang='lat' dir='ltr'><strong>viliter</strong></span> <span class='ocrx_word' id='word_1_323' title='bbox 2627 3045 2950 3119; x_wconf 88' lang='lat' dir='ltr'><strong>deserunt,</strong></span> <span class='ocrx_word' id='word_1_324' title='bbox 3000 3044 3218 3124; x_wconf 90' lang='lat' dir='ltr'><strong>sicque</strong></span> <span class='ocrx_word' id='word_1_325' title='bbox 3264 3045 3464 3127; x_wconf 90' lang='lat' dir='ltr'><strong>pusil-</strong></span> 
     </span>
    </p>
   </div>
   <div class='ocr_carea' id='block_1_14' title="bbox 369 3140 1873 4202">
    <p class='ocr_par' dir='ltr' id='par_1_14' title="bbox 369 3140 1873 4106">
     <span class='ocr_line' id='line_1_55' title="bbox 378 3140 1873 3223; baseline 0.002 -21"><span class='ocrx_word' id='word_1_326' title='bbox 378 3140 533 3202; x_wconf 86' lang='lat' dir='ltr'><strong>estis</strong></span> <span class='ocrx_word' id='word_1_327' title='bbox 576 3140 901 3222; x_wconf 84' lang='lat' dir='ltr'><strong>hypocrisi</strong></span> <span class='ocrx_word' id='word_1_328' title='bbox 942 3149 1005 3202; x_wconf 88' lang='lat' dir='ltr'><strong>et</strong></span> <span class='ocrx_word' id='word_1_329' title='bbox 1046 3141 1407 3223; x_wconf 89' lang='lat' dir='ltr'><strong>iniquitate.</strong></span> <span class='ocrx_word' id='word_1_330' title='bbox 1443 3141 1600 3205; x_wconf 89' lang='lat' dir='ltr'><strong>Hinc</strong></span> <span class='ocrx_word' id='word_1_331' title='bbox 1634 3144 1700 3204; x_wconf 90' lang='lat' dir='ltr'><strong>in</strong></span> <span class='ocrx_word' id='word_1_332' title='bbox 1728 3145 1873 3206; x_wconf 92' lang='lat' dir='ltr'><strong>Pro-</strong></span> 
     </span>
     <span class='ocr_line' id='line_1_56' title="bbox 377 3237 1867 3305; baseline 0.001 -4"><span class='ocrx_word' id='word_1_333' title='bbox 377 3237 618 3301; x_wconf 83' lang='lat' dir='ltr'><strong>verbiis</strong></span> <span class='ocrx_word' id='word_1_334' title='bbox 650 3237 885 3300; x_wconf 85' lang='lat' dir='ltr'><strong>dicitur</strong></span> <span class='ocrx_word' id='word_1_335' title='bbox 918 3255 933 3300; x_wconf 92' lang='lat'><strong>:</strong></span> <span class='ocrx_word' id='word_1_336' title='bbox 966 3239 1079 3300; x_wconf 88' lang='lat' dir='ltr'><strong>Vir</strong></span> <span class='ocrx_word' id='word_1_337' title='bbox 1117 3246 1411 3302; x_wconf 87' lang='lat' dir='ltr'><strong>versutus</strong></span> <span class='ocrx_word' id='word_1_338' title='bbox 1450 3240 1706 3304; x_wconf 90' lang='lat' dir='ltr'><strong>odiosus</strong></span> <span class='ocrx_word' id='word_1_339' title='bbox 1751 3251 1867 3305; x_wconf 87' lang='lat' dir='ltr'><strong>est.</strong></span> 
     </span>
     <span class='ocr_line' id='line_1_57' title="bbox 379 3336 1870 3420; baseline 0.003 -22"><span class='ocrx_word' id='word_1_340' title='bbox 379 3336 645 3398; x_wconf 88' lang='lat' dir='ltr'><strong>Tantam</strong></span> <span class='ocrx_word' id='word_1_341' title='bbox 694 3355 844 3416; x_wconf 87' lang='lat' dir='ltr'><strong>ergo</strong></span> <span class='ocrx_word' id='word_1_342' title='bbox 894 3336 1286 3418; x_wconf 83' lang='lat' dir='ltr'><strong>impietatem</strong></span> <span class='ocrx_word' id='word_1_343' title='bbox 1334 3338 1631 3416; x_wconf 78' lang='lat' dir='ltr'><strong>vitemu5‚</strong></span> <span class='ocrx_word' id='word_1_344' title='bbox 1682 3348 1870 3420; x_wconf 87' lang='lat' dir='ltr'><strong>atque</strong></span> 
     </span>
     <span class='ocr_line' id='line_1_58' title="bbox 378 3434 1873 3500; baseline 0.002 -4"><span class='ocrx_word' id='word_1_345' title='bbox 378 3435 442 3496; x_wconf 92' lang='lat' dir='ltr'><strong>in</strong></span> <span class='ocrx_word' id='word_1_346' title='bbox 474 3434 776 3497; x_wconf 90' lang='lat' dir='ltr'><strong>omnibus</strong></span> <span class='ocrx_word' id='word_1_347' title='bbox 804 3453 1017 3497; x_wconf 89' lang='lat' dir='ltr'><strong>coram</strong></span> <span class='ocrx_word' id='word_1_348' title='bbox 1052 3435 1177 3498; x_wconf 88' lang='lat' dir='ltr'><strong>Deo</strong></span> <span class='ocrx_word' id='word_1_349' title='bbox 1218 3436 1552 3499; x_wconf 86' lang='lat' dir='ltr'><strong>sinceriter</strong></span> <span class='ocrx_word' id='word_1_350' title='bbox 1590 3437 1873 3500; x_wconf 86' lang='lat' dir='ltr'><strong>ambule-</strong></span> 
     </span>
     <span class='ocr_line' id='line_1_59' title="bbox 376 3532 1873 3615; baseline 0.001 -21"><span class='ocrx_word' id='word_1_351' title='bbox 376 3553 539 3608; x_wconf 86' lang='lat' dir='ltr'><strong>mus,</strong></span> <span class='ocrx_word' id='word_1_352' title='bbox 575 3532 848 3596; x_wconf 85' lang='lat' dir='ltr'><strong>scientes</strong></span> <span class='ocrx_word' id='word_1_353' title='bbox 877 3535 1048 3614; x_wconf 92' lang='lat' dir='ltr'><strong>quod</strong></span> <span class='ocrx_word' id='word_1_354' title='bbox 1089 3533 1227 3615; x_wconf 89' lang='lat' dir='ltr'><strong>ipse</strong></span> <span class='ocrx_word' id='word_1_355' title='bbox 1264 3533 1699 3596; x_wconf 88' lang='lat' dir='ltr'><strong>indesinenter</strong></span> <span class='ocrx_word' id='word_1_356' title='bbox 1735 3554 1873 3598; x_wconf 89' lang='lat' dir='ltr'><strong>cor-</strong></span> 
     </span>
     <span class='ocr_line' id='line_1_60' title="bbox 373 3632 1865 3713; baseline 0 -18"><span class='ocrx_word' id='word_1_357' title='bbox 373 3632 555 3695; x_wconf 90' lang='lat' dir='ltr'><strong>dium</strong></span> <span class='ocrx_word' id='word_1_358' title='bbox 609 3639 973 3695; x_wconf 89' lang='lat' dir='ltr'><strong>nostrorum</strong></span> <span class='ocrx_word' id='word_1_359' title='bbox 1030 3632 1354 3713; x_wconf 90' lang='lat' dir='ltr'><strong>inspector</strong></span> <span class='ocrx_word' id='word_1_360' title='bbox 1402 3641 1465 3694; x_wconf 85' lang='lat' dir='ltr'><strong>et</strong></span> <span class='ocrx_word' id='word_1_361' title='bbox 1509 3633 1703 3713; x_wconf 85' lang='lat' dir='ltr'><strong>judex</strong></span> <span class='ocrx_word' id='word_1_362' title='bbox 1748 3641 1865 3695; x_wconf 88' lang='lat' dir='ltr'><strong>est.</strong></span> 
     </span>
     <span class='ocr_line' id='line_1_61' title="bbox 370 3728 1870 3811; baseline 0.001 -21"><span class='ocrx_word' id='word_1_363' title='bbox 370 3731 586 3805; x_wconf 89' lang='lat' dir='ltr'><strong>Porr0,</strong></span> <span class='ocrx_word' id='word_1_364' title='bbox 635 3728 900 3792; x_wconf 89' lang='lat' dir='ltr'><strong>verbum</strong></span> <span class='ocrx_word' id='word_1_365' title='bbox 949 3730 1068 3791; x_wconf 92' lang='lat' dir='ltr'><strong>hoc</strong></span> <span class='ocrx_word' id='word_1_366' title='bbox 1117 3730 1258 3791; x_wconf 86' lang='lat' dir='ltr'><strong>Eliu</strong></span> <span class='ocrx_word' id='word_1_367' title='bbox 1307 3731 1595 3811; x_wconf 89' lang='lat' dir='ltr'><strong>protulit,</strong></span> <span class='ocrx_word' id='word_1_368' title='bbox 1647 3732 1722 3792; x_wconf 89' lang='lat' dir='ltr'><strong>ad</strong></span> <span class='ocrx_word' id='word_1_369' title='bbox 1774 3731 1870 3792; x_wconf 91' lang='lat' dir='ltr'><strong>in-</strong></span> 
     </span>
     <span class='ocr_line' id='line_1_62' title="bbox 374 3828 1869 3908; baseline 0.001 -18"><span class='ocrx_word' id='word_1_370' title='bbox 374 3829 702 3890; x_wconf 88' lang='lat' dir='ltr'><strong>nuendum</strong></span> <span class='ocrx_word' id='word_1_371' title='bbox 760 3828 933 3908; x_wconf 91' lang='lat' dir='ltr'><strong>quod</strong></span> <span class='ocrx_word' id='word_1_372' title='bbox 992 3828 1109 3890; x_wconf 87' lang='lat' dir='ltr'><strong>Job</strong></span> <span class='ocrx_word' id='word_1_373' title='bbox 1158 3846 1286 3891; x_wconf 92' lang='lat' dir='ltr'><strong>non</strong></span> <span class='ocrx_word' id='word_1_374' title='bbox 1339 3847 1488 3892; x_wconf 89' lang='lat' dir='ltr'><strong>vere</strong></span> <span class='ocrx_word' id='word_1_375' title='bbox 1543 3831 1869 3892; x_wconf 86' lang='lat' dir='ltr'><strong>exstiterat</strong></span> 
     </span>
     <span class='ocr_line' id='line_1_63' title="bbox 369 3925 1868 4010; baseline 0.003 -23"><span class='ocrx_word' id='word_1_376' title='bbox 369 3927 606 4007; x_wconf 80' lang='lat' dir='ltr'><strong>justuS,</strong></span> <span class='ocrx_word' id='word_1_377' title='bbox 640 3927 748 3988; x_wconf 89' lang='lat' dir='ltr'><strong>sed</strong></span> <span class='ocrx_word' id='word_1_378' title='bbox 789 3925 1124 3989; x_wconf 87' lang='lat' dir='ltr'><strong>simulator</strong></span> <span class='ocrx_word' id='word_1_379' title='bbox 1163 3935 1225 3988; x_wconf 91' lang='lat' dir='ltr'><strong>et</strong></span> <span class='ocrx_word' id='word_1_380' title='bbox 1268 3927 1561 4004; x_wconf 81' lang='lat' dir='ltr'><strong>calliduS,</strong></span> <span class='ocrx_word' id='word_1_381' title='bbox 1597 3928 1868 4010; x_wconf 90' lang='lat' dir='ltr'><strong>ideoque</strong></span> 
     </span>
     <span class='ocr_line' id='line_1_64' title="bbox 370 4024 1071 4106; baseline 0 -20"><span class='ocrx_word' id='word_1_382' title='bbox 370 4044 407 4086; x_wconf 88' lang='lat' dir='ltr'><strong>a</strong></span> <span class='ocrx_word' id='word_1_383' title='bbox 437 4025 565 4087; x_wconf 89' lang='lat' dir='ltr'><strong>Deo</strong></span> <span class='ocrx_word' id='word_1_384' title='bbox 596 4042 939 4106; x_wconf 86' lang='lat' dir='ltr'><strong>percussus</strong></span> <span class='ocrx_word' id='word_1_385' title='bbox 968 4024 1071 4086; x_wconf 90' lang='lat' dir='ltr'><strong>sit.</strong></span> 
     </span>
    </p>

    <p class='ocr_par' dir='ltr' id='par_1_15' title="bbox 452 4122 1867 4202">
     <span class='ocr_line' id='line_1_65' title="bbox 452 4122 1867 4202; baseline 0.001 -17"><span class='ocrx_word' id='word_1_386' title='bbox 452 4125 677 4202; x_wconf 79' lang='lat' dir='ltr'><strong>Neque</strong></span> <span class='ocrx_word' id='word_1_387' title='bbox 706 4125 1102 4194; x_wconf 78' lang='lat' dir='ltr'><strong>clamabunt,</strong></span> <span class='ocrx_word' id='word_1_388' title='bbox 1138 4122 1201 4184; x_wconf 92' lang='lat' dir='ltr'><strong>id</strong></span> <span class='ocrx_word' id='word_1_389' title='bbox 1231 4131 1349 4198; x_wconf 90' lang='lat' dir='ltr'><strong>est,</strong></span> <span class='ocrx_word' id='word_1_390' title='bbox 1386 4123 1579 4185; x_wconf 86' lang='lat' dir='ltr'><strong>Deum</strong></span> <span class='ocrx_word' id='word_1_391' title='bbox 1610 4141 1736 4186; x_wconf 90' lang='lat' dir='ltr'><strong>non</strong></span> <span class='ocrx_word' id='word_1_392' title='bbox 1772 4125 1867 4187; x_wconf 91' lang='lat' dir='ltr'><strong>in-</strong></span> 
     </span>
    </p>
   </div>
   <div class='ocr_carea' id='block_1_15' title="bbox 1978 3140 3474 4203">
    <p class='ocr_par' dir='ltr' id='par_1_16' title="bbox 1979 3140 3474 3812">
     <span class='ocr_line' id='line_1_66' title="bbox 1986 3140 3472 3224; baseline 0.001 -21"><span class='ocrx_word' id='word_1_393' title='bbox 1986 3142 2332 3203; x_wconf 89' lang='lat' dir='ltr'><strong>lanimibus</strong></span> <span class='ocrx_word' id='word_1_394' title='bbox 2376 3161 2448 3203; x_wconf 90' lang='lat' dir='ltr'><strong>ac</strong></span> <span class='ocrx_word' id='word_1_395' title='bbox 2501 3140 2740 3203; x_wconf 87' lang='lat' dir='ltr'><strong>timidis</strong></span> <span class='ocrx_word' id='word_1_396' title='bbox 2783 3141 3286 3220; x_wconf 81' lang='lat' dir='ltr'><strong>conformantur,</strong></span> <span class='ocrx_word' id='word_1_397' title='bbox 3320 3144 3472 3224; x_wconf 90' lang='lat' dir='ltr'><strong>quia</strong></span> 
     </span>
     <span class='ocr_line' id='line_1_67' title="bbox 1982 3239 3474 3322; baseline 0.001 -22"><span class='ocrx_word' id='word_1_398' title='bbox 1982 3249 2276 3320; x_wconf 82' lang='lat' dir='ltr'><strong>quaerunt</strong></span> <span class='ocrx_word' id='word_1_399' title='bbox 2315 3240 2532 3302; x_wconf 90' lang='lat' dir='ltr'><strong>latere.</strong></span> <span class='ocrx_word' id='word_1_400' title='bbox 2574 3239 3007 3318; x_wconf 83' lang='lat' dir='ltr'><strong>Magnanimus</strong></span> <span class='ocrx_word' id='word_1_401' title='bbox 3048 3259 3197 3304; x_wconf 90' lang='lat' dir='ltr'><strong>vero</strong></span> <span class='ocrx_word' id='word_1_402' title='bbox 3245 3241 3474 3322; x_wconf 80' lang='lat' dir='ltr'><strong>quaerit</strong></span> 
     </span>
     <span class='ocr_line' id='line_1_68' title="bbox 1983 3337 3473 3420; baseline 0.001 -22"><span class='ocrx_word' id='word_1_403' title='bbox 1983 3338 2316 3401; x_wconf 87' lang='lat' dir='ltr'><strong>sinceriter</strong></span> <span class='ocrx_word' id='word_1_404' title='bbox 2336 3357 2654 3420; x_wconf 89' lang='lat' dir='ltr'><strong>apparere,</strong></span> <span class='ocrx_word' id='word_1_405' title='bbox 2673 3345 2743 3399; x_wconf 88' lang='lat' dir='ltr'><strong>ut</strong></span> <span class='ocrx_word' id='word_1_406' title='bbox 2761 3337 2998 3400; x_wconf 89' lang='lat' dir='ltr'><strong>dicitur</strong></span> <span class='ocrx_word' id='word_1_407' title='bbox 3019 3339 3287 3420; x_wconf 86' lang='lat' dir='ltr'><strong>septimo</strong></span> <span class='ocrx_word' id='word_1_408' title='bbox 3307 3338 3473 3400; x_wconf 90' lang='lat' dir='ltr'><strong>Ethi—</strong></span> 
     </span>
     <span class='ocr_line' id='line_1_69' title="bbox 1981 3435 3472 3516; baseline 0.001 -19"><span class='ocrx_word' id='word_1_409' title='bbox 1981 3454 2222 3498; x_wconf 89' lang='lat' dir='ltr'><strong>corum.</strong></span> <span class='ocrx_word' id='word_1_410' title='bbox 2273 3435 2656 3498; x_wconf 87' lang='lat' dir='ltr'><strong>Detestabile</strong></span> <span class='ocrx_word' id='word_1_411' title='bbox 2711 3435 2904 3516; x_wconf 88' lang='lat' dir='ltr'><strong>igitur</strong></span> <span class='ocrx_word' id='word_1_412' title='bbox 2952 3444 3144 3516; x_wconf 89' lang='lat' dir='ltr'><strong>atque</strong></span> <span class='ocrx_word' id='word_1_413' title='bbox 3189 3435 3472 3514; x_wconf 86' lang='lat' dir='ltr'><strong>ignobile</strong></span> 
     </span>
     <span class='ocr_line' id='line_1_70' title="bbox 1981 3533 3472 3616; baseline 0.003 -22"><span class='ocrx_word' id='word_1_414' title='bbox 1981 3552 2242 3616; x_wconf 90' lang='lat' dir='ltr'><strong>prorsus</strong></span> <span class='ocrx_word' id='word_1_415' title='bbox 2273 3542 2368 3596; x_wconf 87' lang='lat' dir='ltr'><strong>est</strong></span> <span class='ocrx_word' id='word_1_416' title='bbox 2397 3552 2598 3614; x_wconf 90' lang='lat' dir='ltr'><strong>genus</strong></span> <span class='ocrx_word' id='word_1_417' title='bbox 2632 3533 3075 3595; x_wconf 89' lang='lat' dir='ltr'><strong>simulatorum</strong></span> <span class='ocrx_word' id='word_1_418' title='bbox 3104 3553 3177 3596; x_wconf 89' lang='lat' dir='ltr'><strong>ac</strong></span> <span class='ocrx_word' id='word_1_419' title='bbox 3209 3533 3472 3598; x_wconf 90' lang='lat' dir='ltr'><strong>callido-</strong></span> 
     </span>
     <span class='ocr_line' id='line_1_71' title="bbox 1982 3630 3468 3713; baseline 0.001 -20"><span class='ocrx_word' id='word_1_420' title='bbox 1982 3651 2137 3708; x_wconf 90' lang='lat' dir='ltr'><strong>rum,</strong></span> <span class='ocrx_word' id='word_1_421' title='bbox 2152 3632 2264 3713; x_wconf 92' lang='lat' dir='ltr'><strong>qui</strong></span> <span class='ocrx_word' id='word_1_422' title='bbox 2297 3640 2360 3693; x_wconf 87' lang='lat' dir='ltr'><strong>et</strong></span> <span class='ocrx_word' id='word_1_423' title='bbox 2388 3632 2784 3694; x_wconf 83' lang='lat' dir='ltr'><strong>daemonibus</strong></span> <span class='ocrx_word' id='word_1_424' title='bbox 2815 3640 2877 3694; x_wconf 90' lang='lat' dir='ltr'><strong>et</strong></span> <span class='ocrx_word' id='word_1_425' title='bbox 2907 3630 3300 3694; x_wconf 76' lang='lat' dir='ltr'><strong>effeminatis</strong></span> <span class='ocrx_word' id='word_1_426' title='bbox 3321 3643 3468 3695; x_wconf 88' lang='lat' dir='ltr'><strong>sunt</strong></span> 
     </span>
     <span class='ocr_line' id='line_1_72' title="bbox 1979 3730 2411 3812; baseline -0.007 -19"><span class='ocrx_word' id='word_1_427' title='bbox 1979 3730 2411 3812; x_wconf 88' lang='lat' dir='ltr'><strong>comparandi.</strong></span> 
     </span>
    </p>

    <p class='ocr_par' dir='ltr' id='par_1_17' title="bbox 1978 3828 3468 4203">
     <span class='ocr_line' id='line_1_73' title="bbox 2062 3828 3468 3907; baseline 0.001 -18"><span class='ocrx_word' id='word_1_428' title='bbox 2062 3832 2316 3905; x_wconf 74' lang='lat' dir='ltr'><strong>Ere-&#39;piet</strong></span> <span class='ocrx_word' id='word_1_429' title='bbox 2337 3849 2692 3907; x_wconf 78' lang='lat' dir='ltr'><strong>pauperem</strong></span> <span class='ocrx_word' id='word_1_430' title='bbox 2718 3833 2797 3888; x_wconf 79' lang='lat' dir='ltr'><strong>de</strong></span> <span class='ocrx_word' id='word_1_431' title='bbox 2825 3830 3129 3904; x_wconf 68' lang='lat' dir='ltr'><strong>anqustia</strong></span> <span class='ocrx_word' id='word_1_432' title='bbox 3157 3849 3297 3889; x_wconf 82' lang='lat' dir='ltr'><strong>sua.</strong></span> <span class='ocrx_word' id='word_1_433' title='bbox 3319 3828 3468 3890; x_wconf 89' lang='lat' dir='ltr'><strong>Pau-</strong></span> 
     </span>
     <span class='ocr_line' id='line_1_74' title="bbox 1980 3926 3468 4009; baseline 0.001 -21"><span class='ocrx_word' id='word_1_434' title='bbox 1980 3927 2239 4009; x_wconf 90' lang='lat' dir='ltr'><strong>peribus</strong></span> <span class='ocrx_word' id='word_1_435' title='bbox 2271 3926 2558 3988; x_wconf 86' lang='lat' dir='ltr'><strong>misereri</strong></span> <span class='ocrx_word' id='word_1_436' title='bbox 2593 3926 2756 3988; x_wconf 89' lang='lat' dir='ltr'><strong>Deus</strong></span> <span class='ocrx_word' id='word_1_437' title='bbox 2792 3926 3202 4007; x_wconf 86' lang='lat' dir='ltr'><strong>singulariter</strong></span> <span class='ocrx_word' id='word_1_438' title='bbox 3232 3935 3328 3987; x_wconf 87' lang='lat' dir='ltr'><strong>est</strong></span> <span class='ocrx_word' id='word_1_439' title='bbox 3360 3945 3468 4008; x_wconf 87' lang='lat' dir='ltr'><strong>pa·-</strong></span> 
     </span>
     <span class='ocr_line' id='line_1_75' title="bbox 1978 4024 3468 4107; baseline 0 -19"><span class='ocrx_word' id='word_1_440' title='bbox 1978 4035 2174 4102; x_wconf 83' lang='lat' dir='ltr'><strong>ratuS,</strong></span> <span class='ocrx_word' id='word_1_441' title='bbox 2195 4026 2247 4087; x_wconf 90' lang='lat' dir='ltr'><strong>si</strong></span> <span class='ocrx_word' id='word_1_442' title='bbox 2279 4027 2556 4088; x_wconf 89' lang='lat' dir='ltr'><strong>clament</strong></span> <span class='ocrx_word' id='word_1_443' title='bbox 2587 4026 2662 4086; x_wconf 90' lang='lat' dir='ltr'><strong>ad</strong></span> <span class='ocrx_word' id='word_1_444' title='bbox 2697 4043 2866 4101; x_wconf 90' lang='lat' dir='ltr'><strong>eum,</strong></span> <span class='ocrx_word' id='word_1_445' title='bbox 2887 4034 2949 4087; x_wconf 89' lang='lat' dir='ltr'><strong>et</strong></span> <span class='ocrx_word' id='word_1_446' title='bbox 2974 4024 3202 4105; x_wconf 89' lang='lat' dir='ltr'><strong>spiritu</strong></span> <span class='ocrx_word' id='word_1_447' title='bbox 3234 4045 3468 4107; x_wconf 89' lang='lat' dir='ltr'><strong>paupe-</strong></span> 
     </span>
     <span class='ocr_line' id='line_1_76' title="bbox 1978 4122 3464 4203; baseline 0 -17"><span class='ocrx_word' id='word_1_448' title='bbox 1978 4143 2076 4187; x_wconf 88' lang='lat' dir='ltr'><strong>res</strong></span> <span class='ocrx_word' id='word_1_449' title='bbox 2109 4124 2238 4186; x_wconf 90' lang='lat' dir='ltr'><strong>sint</strong></span> <span class='ocrx_word' id='word_1_450' title='bbox 2266 4143 2376 4186; x_wconf 90' lang='lat' dir='ltr'><strong>seu</strong></span> <span class='ocrx_word' id='word_1_451' title='bbox 2410 4123 2686 4186; x_wconf 90' lang='lat' dir='ltr'><strong>humiles</strong></span> <span class='ocrx_word' id='word_1_452' title='bbox 2723 4141 2736 4184; x_wconf 89' lang='lat'>:</span> <span class='ocrx_word' id='word_1_453' title='bbox 2771 4141 2928 4203; x_wconf 90' lang='lat' dir='ltr'><strong>quos</strong></span> <span class='ocrx_word' id='word_1_454' title='bbox 2961 4123 3079 4183; x_wconf 84' lang='lat' dir='ltr'><strong>etsi</strong></span> <span class='ocrx_word' id='word_1_455' title='bbox 3119 4122 3464 4203; x_wconf 88' lang='lat' dir='ltr'><strong>aliquando</strong></span> 
     </span>
    </p>
   </div>
   <div class='ocr_carea' id='block_1_16' title="bbox 372 4220 3461 4304">
    <p class='ocr_par' dir='ltr' id='par_1_18' title="bbox 372 4220 3461 4304">
     <span class='ocr_line' id='line_1_77' title="bbox 372 4220 3461 4304; baseline -0 -19"><span class='ocrx_word' id='word_1_456' title='bbox 372 4223 695 4285; x_wconf 88' lang='lat' dir='ltr'><strong>vocabunt</strong></span> <span class='ocrx_word' id='word_1_457' title='bbox 733 4240 883 4286; x_wconf 89' lang='lat' dir='ltr'><strong>vere</strong></span> <span class='ocrx_word' id='word_1_458' title='bbox 910 4240 985 4282; x_wconf 86' lang='lat' dir='ltr'><strong>ex</strong></span> <span class='ocrx_word' id='word_1_459' title='bbox 1016 4222 1225 4298; x_wconf 89' lang='lat' dir='ltr'><strong>corde,</strong></span> <span class='ocrx_word' id='word_1_460' title='bbox 1258 4243 1461 4302; x_wconf 81' lang='lat' dir='ltr'><strong>quum</strong></span> <span class='ocrx_word' id='word_1_461' title='bbox 1493 4225 1697 4282; x_wconf 69' lang='lat' dir='ltr'><strong>vincti</strong></span> <span class='ocrx_word' id='word_1_462' title='bbox 1724 4225 1866 4299; x_wconf 83' lang='lat' dir='ltr'><strong>fue-</strong></span> <span class='ocrx_word' id='word_1_463' title='bbox 1894 4227 1946 4290; x_wconf 93' lang='lat' dir='ltr'>D</span> <span class='ocrx_word' id='word_1_464' title='bbox 1976 4223 2041 4285; x_wconf 88' lang='lat' dir='ltr'><strong>in</strong></span> <span class='ocrx_word' id='word_1_465' title='bbox 2074 4222 2369 4304; x_wconf 82' lang='lat' dir='ltr'><strong>praesenti</strong></span> <span class='ocrx_word' id='word_1_466' title='bbox 2402 4221 2730 4304; x_wconf 86' lang='lat' dir='ltr'><strong>permittat</strong></span> <span class='ocrx_word' id='word_1_467' title='bbox 2759 4221 2857 4282; x_wconf 86' lang='lat' dir='ltr'><strong>vel</strong></span> <span class='ocrx_word' id='word_1_468' title='bbox 2891 4220 3000 4282; x_wconf 89' lang='lat' dir='ltr'><strong>diu</strong></span> <span class='ocrx_word' id='word_1_469' title='bbox 3025 4221 3126 4283; x_wconf 86' lang='lat' dir='ltr'><strong>vel</strong></span> <span class='ocrx_word' id='word_1_470' title='bbox 3159 4240 3360 4301; x_wconf 90' lang='lat' dir='ltr'><strong>usque</strong></span> <span class='ocrx_word' id='word_1_471' title='bbox 3383 4223 3461 4284; x_wconf 90' lang='lat' dir='ltr'><strong>ad</strong></span> 
     </span>
    </p>
   </div>
   <div class='ocr_carea' id='block_1_17' title="bbox 362 4319 1865 5364">
    <p class='ocr_par' dir='ltr' id='par_1_19' title="bbox 362 4319 1865 5364">
     <span class='ocr_line' id='line_1_78' title="bbox 369 4319 1865 4400; baseline 0.003 -22"><span class='ocrx_word' id='word_1_472' title='bbox 369 4323 536 4390; x_wconf 77' lang='lat' dir='ltr'><strong>rinc,</strong></span> <span class='ocrx_word' id='word_1_473' title='bbox 569 4319 630 4381; x_wconf 93' lang='lat' dir='ltr'><strong>id</strong></span> <span class='ocrx_word' id='word_1_474' title='bbox 662 4328 759 4382; x_wconf 89' lang='lat' dir='ltr'><strong>est</strong></span> <span class='ocrx_word' id='word_1_475' title='bbox 788 4319 1279 4382; x_wconf 85' lang='lat' dir='ltr'><strong>adversitatibus</strong></span> <span class='ocrx_word' id='word_1_476' title='bbox 1312 4337 1422 4382; x_wconf 89' lang='lat' dir='ltr'><strong>seu</strong></span> <span class='ocrx_word' id='word_1_477' title='bbox 1456 4319 1729 4382; x_wconf 89' lang='lat' dir='ltr'><strong>vinculis</strong></span> <span class='ocrx_word' id='word_1_478' title='bbox 1758 4339 1865 4400; x_wconf 88' lang='lat' dir='ltr'><strong>ag-</strong></span> 
     </span>
     <span class='ocr_line' id='line_1_79' title="bbox 367 4417 1861 4498; baseline 0.001 -20"><span class='ocrx_word' id='word_1_479' title='bbox 367 4417 615 4496; x_wconf 87' lang='lat' dir='ltr'><strong>gravati</strong></span> <span class='ocrx_word' id='word_1_480' title='bbox 650 4435 664 4479; x_wconf 88' lang='lat'>:</span> <span class='ocrx_word' id='word_1_481' title='bbox 700 4417 1004 4497; x_wconf 89' lang='lat' dir='ltr'><strong>quoniam</strong></span> <span class='ocrx_word' id='word_1_482' title='bbox 1040 4417 1193 4478; x_wconf 87' lang='lat' dir='ltr'><strong>tales</strong></span> <span class='ocrx_word' id='word_1_483' title='bbox 1226 4435 1367 4478; x_wconf 88' lang='lat' dir='ltr'><strong>raro</strong></span> <span class='ocrx_word' id='word_1_484' title='bbox 1396 4427 1505 4478; x_wconf 88' lang='lat' dir='ltr'><strong>aut</strong></span> <span class='ocrx_word' id='word_1_485' title='bbox 1534 4437 1861 4498; x_wconf 90' lang='lat' dir='ltr'><strong>nunquam</strong></span> 
     </span>
     <span class='ocr_line' id='line_1_80' title="bbox 368 4516 1859 4592; baseline 0.001 -14"><span class='ocrx_word' id='word_1_486' title='bbox 368 4523 831 4579; x_wconf 84' lang='lat' dir='ltr'><strong>convertuntur</strong></span> <span class='ocrx_word' id='word_1_487' title='bbox 890 4535 1039 4579; x_wconf 87' lang='lat' dir='ltr'><strong>vere</strong></span> <span class='ocrx_word' id='word_1_488' title='bbox 1096 4516 1175 4577; x_wconf 90' lang='lat' dir='ltr'><strong>ad</strong></span> <span class='ocrx_word' id='word_1_489' title='bbox 1238 4517 1453 4592; x_wconf 87' lang='lat' dir='ltr'><strong>Deum,</strong></span> <span class='ocrx_word' id='word_1_490' title='bbox 1509 4519 1859 4579; x_wconf 88' lang='lat' dir='ltr'><strong>secundum</strong></span> 
     </span>
     <span class='ocr_line' id='line_1_81' title="bbox 367 4613 1861 4696; baseline 0.001 -20"><span class='ocrx_word' id='word_1_491' title='bbox 367 4616 697 4677; x_wconf 87' lang='lat' dir='ltr'><strong>Thomam.</strong></span> <span class='ocrx_word' id='word_1_492' title='bbox 725 4615 820 4690; x_wconf 87' lang='lat' dir='ltr'><strong>Et,</strong></span> <span class='ocrx_word' id='word_1_493' title='bbox 854 4621 927 4675; x_wconf 87' lang='lat' dir='ltr'><strong>ut</strong></span> <span class='ocrx_word' id='word_1_494' title='bbox 952 4615 1043 4676; x_wconf 87' lang='lat' dir='ltr'><strong>ait</strong></span> <span class='ocrx_word' id='word_1_495' title='bbox 1069 4613 1427 4692; x_wconf 84' lang='lat' dir='ltr'><strong>GregoriuS,</strong></span> <span class='ocrx_word' id='word_1_496' title='bbox 1450 4633 1576 4694; x_wconf 91' lang='lat' dir='ltr'><strong>quo</strong></span> <span class='ocrx_word' id='word_1_497' title='bbox 1607 4616 1750 4696; x_wconf 92' lang='lat' dir='ltr'><strong>plus</strong></span> <span class='ocrx_word' id='word_1_498' title='bbox 1782 4616 1861 4678; x_wconf 88' lang='lat' dir='ltr'><strong>ab</strong></span> 
     </span>
     <span class='ocr_line' id='line_1_82' title="bbox 368 4710 1863 4793; baseline 0.001 -19"><span class='ocrx_word' id='word_1_499' title='bbox 368 4710 738 4775; x_wconf 88' lang='lat' dir='ltr'><strong>hominibus</strong></span> <span class='ocrx_word' id='word_1_500' title='bbox 788 4731 855 4774; x_wconf 90' lang='lat' dir='ltr'><strong>se</strong></span> <span class='ocrx_word' id='word_1_501' title='bbox 898 4713 1105 4793; x_wconf 86' lang='lat' dir='ltr'><strong>justos</strong></span> <span class='ocrx_word' id='word_1_502' title='bbox 1152 4712 1432 4792; x_wconf 88' lang='lat' dir='ltr'><strong>reputari</strong></span> <span class='ocrx_word' id='word_1_503' title='bbox 1478 4714 1757 4792; x_wconf 86' lang='lat' dir='ltr'><strong>gaudent-</strong></span> <span class='ocrx_word' id='word_1_504' title='bbox 1800 4723 1863 4777; x_wconf 86' lang='lat' dir='ltr'><strong>et</strong></span> 
     </span>
     <span class='ocr_line' id='line_1_83' title="bbox 366 4809 1859 4893; baseline 0.001 -21"><span class='ocrx_word' id='word_1_505' title='bbox 366 4818 698 4893; x_wconf 88' lang='lat' dir='ltr'><strong>appetunt,</strong></span> <span class='ocrx_word' id='word_1_506' title='bbox 734 4829 809 4872; x_wconf 90' lang='lat' dir='ltr'><strong>eo</strong></span> <span class='ocrx_word' id='word_1_507' title='bbox 847 4809 1191 4873; x_wconf 77' lang='lat' dir='ltr'><strong>difficilius</strong></span> <span class='ocrx_word' id='word_1_508' title='bbox 1230 4811 1421 4872; x_wconf 86' lang='lat' dir='ltr'><strong>etiam</strong></span> <span class='ocrx_word' id='word_1_509' title='bbox 1469 4811 1533 4871; x_wconf 91' lang='lat' dir='ltr'><strong>in</strong></span> <span class='ocrx_word' id='word_1_510' title='bbox 1579 4813 1859 4874; x_wconf 87' lang='lat' dir='ltr'><strong>adversis</strong></span> 
     </span>
     <span class='ocr_line' id='line_1_84' title="bbox 366 4907 1861 4971; baseline 0.001 -1"><span class='ocrx_word' id='word_1_511' title='bbox 366 4927 545 4970; x_wconf 89' lang='lat' dir='ltr'><strong>suam</strong></span> <span class='ocrx_word' id='word_1_512' title='bbox 592 4908 903 4970; x_wconf 86' lang='lat' dir='ltr'><strong>malitiam</strong></span> <span class='ocrx_word' id='word_1_513' title='bbox 947 4907 1361 4970; x_wconf 87' lang='lat' dir='ltr'><strong>confitentur.</strong></span> <span class='ocrx_word' id='word_1_514' title='bbox 1396 4909 1460 4970; x_wconf 88' lang='lat' dir='ltr'><strong>Si</strong></span> <span class='ocrx_word' id='word_1_515' title='bbox 1500 4918 1711 4971; x_wconf 89' lang='lat' dir='ltr'><strong>autem</strong></span> <span class='ocrx_word' id='word_1_516' title='bbox 1751 4910 1861 4971; x_wconf 91' lang='lat' dir='ltr'><strong>ali-</strong></span> 
     </span>
     <span class='ocr_line' id='line_1_85' title="bbox 362 5006 1858 5088; baseline 0.001 -20"><span class='ocrx_word' id='word_1_517' title='bbox 362 5007 621 5087; x_wconf 87' lang='lat' dir='ltr'><strong>quando</strong></span> <span class='ocrx_word' id='word_1_518' title='bbox 669 5006 947 5085; x_wconf 87' lang='lat' dir='ltr'><strong>graviter</strong></span> <span class='ocrx_word' id='word_1_519' title='bbox 1006 5015 1427 5082; x_wconf 89' lang='lat' dir='ltr'><strong>coarctantur,</strong></span> <span class='ocrx_word' id='word_1_520' title='bbox 1484 5007 1740 5088; x_wconf 91' lang='lat' dir='ltr'><strong>iniquos</strong></span> <span class='ocrx_word' id='word_1_521' title='bbox 1792 5027 1858 5070; x_wconf 88' lang='lat' dir='ltr'><strong>se</strong></span> 
     </span>
     <span class='ocr_line' id='line_1_86' title="bbox 364 5103 1857 5186; baseline 0.001 -20"><span class='ocrx_word' id='word_1_522' title='bbox 364 5106 471 5167; x_wconf 86' lang='lat' dir='ltr'><strong>vix</strong></span> <span class='ocrx_word' id='word_1_523' title='bbox 517 5103 863 5186; x_wconf 89' lang='lat' dir='ltr'><strong>superficie</strong></span> <span class='ocrx_word' id='word_1_524' title='bbox 902 5113 1086 5166; x_wconf 85' lang='lat' dir='ltr'><strong>tenus</strong></span> <span class='ocrx_word' id='word_1_525' title='bbox 1127 5103 1541 5180; x_wconf 87' lang='lat' dir='ltr'><strong>confitentur,</strong></span> <span class='ocrx_word' id='word_1_526' title='bbox 1576 5106 1727 5186; x_wconf 84' lang='lat' dir='ltr'><strong>quia</strong></span> <span class='ocrx_word' id='word_1_527' title='bbox 1762 5107 1857 5168; x_wconf 92' lang='lat' dir='ltr'><strong>in-</strong></span> 
     </span>
     <span class='ocr_line' id='line_1_87' title="bbox 364 5203 1859 5282; baseline 0.001 -18"><span class='ocrx_word' id='word_1_528' title='bbox 364 5213 545 5266; x_wconf 88' lang='lat' dir='ltr'><strong>terna</strong></span> <span class='ocrx_word' id='word_1_529' title='bbox 573 5221 689 5264; x_wconf 88' lang='lat' dir='ltr'><strong>sua</strong></span> <span class='ocrx_word' id='word_1_530' title='bbox 717 5204 1011 5282; x_wconf 86' lang='lat' dir='ltr'><strong>detegere</strong></span> <span class='ocrx_word' id='word_1_531' title='bbox 1042 5203 1250 5267; x_wconf 87' lang='lat' dir='ltr'><strong>veraci</strong></span> <span class='ocrx_word' id='word_1_532' title='bbox 1280 5203 1683 5266; x_wconf 87' lang='lat' dir='ltr'><strong>confessione</strong></span> <span class='ocrx_word' id='word_1_533' title='bbox 1714 5223 1859 5266; x_wconf 88' lang='lat' dir='ltr'><strong>con-</strong></span> 
     </span>
     <span class='ocr_line' id='line_1_88' title="bbox 364 5301 741 5364; baseline -0.005 -1"><span class='ocrx_word' id='word_1_534' title='bbox 364 5301 741 5364; x_wconf 88' lang='lat' dir='ltr'><strong>funduntur.</strong></span> 
     </span>
    </p>
   </div>
   <div class='ocr_carea' id='block_1_18' title="bbox 1970 4318 3464 4794">
    <p class='ocr_par' dir='ltr' id='par_1_20' title="bbox 1970 4318 3464 4794">
     <span class='ocr_line' id='line_1_89' title="bbox 1974 4318 3464 4383; baseline -0.001 0"><span class='ocrx_word' id='word_1_535' title='bbox 1974 4330 2245 4383; x_wconf 90' lang='lat' dir='ltr'><strong>mortem</strong></span> <span class='ocrx_word' id='word_1_536' title='bbox 2275 4341 2312 4382; x_wconf 89' lang='lat' dir='ltr'><strong>a</strong></span> <span class='ocrx_word' id='word_1_537' title='bbox 2343 4319 2708 4382; x_wconf 86' lang='lat' dir='ltr'><strong>visibilibus</strong></span> <span class='ocrx_word' id='word_1_538' title='bbox 2741 4337 2851 4382; x_wconf 89' lang='lat' dir='ltr'><strong>seu</strong></span> <span class='ocrx_word' id='word_1_539' title='bbox 2885 4318 3320 4382; x_wconf 87' lang='lat' dir='ltr'><strong>invisibilibus</strong></span> <span class='ocrx_word' id='word_1_540' title='bbox 3351 4321 3464 4382; x_wconf 90' lang='lat' dir='ltr'><strong>ho-</strong></span> 
     </span>
     <span class='ocr_line' id='line_1_90' title="bbox 1976 4417 3460 4499; baseline 0 -19"><span class='ocrx_word' id='word_1_541' title='bbox 1976 4420 2178 4481; x_wconf 83' lang='lat' dir='ltr'><strong>stibus</strong></span> <span class='ocrx_word' id='word_1_542' title='bbox 2214 4418 2528 4492; x_wconf 87' lang='lat' dir='ltr'><strong>infestari‚</strong></span> <span class='ocrx_word' id='word_1_543' title='bbox 2556 4426 2768 4480; x_wconf 86' lang='lat' dir='ltr'><strong>tamen</strong></span> <span class='ocrx_word' id='word_1_544' title='bbox 2801 4417 2866 4478; x_wconf 91' lang='lat' dir='ltr'><strong>in</strong></span> <span class='ocrx_word' id='word_1_545' title='bbox 2899 4425 3100 4478; x_wconf 87' lang='lat' dir='ltr'><strong>morte</strong></span> <span class='ocrx_word' id='word_1_546' title='bbox 3131 4418 3321 4499; x_wconf 87' lang='lat' dir='ltr'><strong>eripit</strong></span> <span class='ocrx_word' id='word_1_547' title='bbox 3352 4437 3460 4482; x_wconf 89' lang='lat' dir='ltr'><strong>eos</strong></span> 
     </span>
     <span class='ocr_line' id='line_1_91' title="bbox 1974 4514 3462 4597; baseline -0.001 -18"><span class='ocrx_word' id='word_1_548' title='bbox 1974 4518 2051 4579; x_wconf 87' lang='lat' dir='ltr'><strong>de</strong></span> <span class='ocrx_word' id='word_1_549' title='bbox 2096 4517 2271 4579; x_wconf 90' lang='lat' dir='ltr'><strong>omni</strong></span> <span class='ocrx_word' id='word_1_550' title='bbox 2321 4517 2514 4596; x_wconf 86' lang='lat' dir='ltr'><strong>hujus</strong></span> <span class='ocrx_word' id='word_1_551' title='bbox 2557 4515 2704 4577; x_wconf 77' lang='lat' dir='ltr'><strong>vitae</strong></span> <span class='ocrx_word' id='word_1_552' title='bbox 2743 4514 3074 4595; x_wconf 82' lang='lat' dir='ltr'><strong>angustia3</strong></span> <span class='ocrx_word' id='word_1_553' title='bbox 3118 4522 3177 4577; x_wconf 87' lang='lat' dir='ltr'><strong>et</strong></span> <span class='ocrx_word' id='word_1_554' title='bbox 3219 4516 3272 4576; x_wconf 88' lang='lat' dir='ltr'><strong>si</strong></span> <span class='ocrx_word' id='word_1_555' title='bbox 3314 4536 3462 4597; x_wconf 86' lang='lat' dir='ltr'><strong>pur-</strong></span> 
     </span>
     <span class='ocr_line' id='line_1_92' title="bbox 1970 4613 3456 4696; baseline 0 -19"><span class='ocrx_word' id='word_1_556' title='bbox 1970 4617 2251 4696; x_wconf 86' lang='lat' dir='ltr'><strong>gandum</strong></span> <span class='ocrx_word' id='word_1_557' title='bbox 2282 4615 2374 4676; x_wconf 92' lang='lat' dir='ltr'><strong>nil</strong></span> <span class='ocrx_word' id='word_1_558' title='bbox 2419 4613 2716 4689; x_wconf 87' lang='lat' dir='ltr'><strong>habeant,</strong></span> <span class='ocrx_word' id='word_1_559' title='bbox 2751 4613 3008 4674; x_wconf 87' lang='lat' dir='ltr'><strong>deducit</strong></span> <span class='ocrx_word' id='word_1_560' title='bbox 3047 4631 3155 4675; x_wconf 90' lang='lat' dir='ltr'><strong>eos</strong></span> <span class='ocrx_word' id='word_1_561' title='bbox 3195 4632 3340 4675; x_wconf 86' lang='lat' dir='ltr'><strong>mox</strong></span> <span class='ocrx_word' id='word_1_562' title='bbox 3378 4615 3456 4677; x_wconf 89' lang='lat' dir='ltr'><strong>ad</strong></span> 
     </span>
     <span class='ocr_line' id='line_1_93' title="bbox 1971 4710 3451 4794; baseline -0.001 -20"><span class='ocrx_word' id='word_1_563' title='bbox 1971 4713 2200 4794; x_wconf 89' lang='lat' dir='ltr'><strong>gaudia</strong></span> <span class='ocrx_word' id='word_1_564' title='bbox 2250 4712 2659 4794; x_wconf 87' lang='lat' dir='ltr'><strong>sempiterna.</strong></span> <span class='ocrx_word' id='word_1_565' title='bbox 2713 4711 2870 4772; x_wconf 87' lang='lat' dir='ltr'><strong>Hinc</strong></span> <span class='ocrx_word' id='word_1_566' title='bbox 2921 4710 3108 4771; x_wconf 88' lang='lat' dir='ltr'><strong>lsaias</strong></span> <span class='ocrx_word' id='word_1_567' title='bbox 3159 4710 3451 4773; x_wconf 90' lang='lat' dir='ltr'><strong>inducit:</strong></span> 
     </span>
    </p>
   </div>
   <div class='ocr_carea' id='block_1_19' title="bbox 3519 1109 3755 1164">
    <p class='ocr_par' dir='ltr' id='par_1_21' title="bbox 3519 1109 3755 1164">
     <span class='ocr_line' id='line_1_94' title="bbox 3519 1109 3755 1164; baseline 0 -13"><span class='ocrx_word' id='word_1_568' title='bbox 3519 1109 3630 1164; x_wconf 80' lang='lat' dir='ltr'><strong>Sap.</strong></span> <span class='ocrx_word' id='word_1_569' title='bbox 3646 1124 3675 1160; x_wconf 82' lang='grc' dir='ltr'><strong>ι,</strong></span> <span class='ocrx_word' id='word_1_570' title='bbox 3695 1113 3755 1152; x_wconf 78' lang='lat' dir='ltr'><strong>tl.</strong></span> 
     </span>
    </p>
   </div>
   <div class='ocr_carea' id='block_1_20' title="bbox 3524 1309 3766 1362">
    <p class='ocr_par' dir='ltr' id='par_1_22' title="bbox 3524 1309 3766 1362">
     <span class='ocr_line' id='line_1_95' title="bbox 3524 1309 3766 1362; baseline -0.004 -13"><span class='ocrx_word' id='word_1_571' title='bbox 3524 1309 3662 1362; x_wconf 78' lang='lat' dir='ltr'><strong>Apoc.</strong></span> <span class='ocrx_word' id='word_1_572' title='bbox 3682 1320 3766 1355; x_wconf 74' lang='lat' dir='ltr'><strong>xxi,</strong></span> 
     </span>
    </p>
   </div>
   <div class='ocr_carea' id='block_1_21' title="bbox 1972 4807 3750 4892">
    <p class='ocr_par' dir='ltr' id='par_1_23' title="bbox 1972 4807 3750 4892">
     <span class='ocr_line' id='line_1_96' title="bbox 1972 4807 3750 4892; baseline -0.002 -19"><span class='ocrx_word' id='word_1_573' title='bbox 1972 4811 2235 4873; x_wconf 88' lang='lat' dir='ltr'><strong>Domine</strong></span> <span class='ocrx_word' id='word_1_574' title='bbox 2267 4810 2452 4885; x_wconf 83' lang='lat' dir='ltr'><strong>DcuS,</strong></span> <span class='ocrx_word' id='word_1_575' title='bbox 2487 4807 2846 4870; x_wconf 87' lang='lat' dir='ltr'><strong>confitebor</strong></span> <span class='ocrx_word' id='word_1_576' title='bbox 2885 4807 3024 4882; x_wconf 88' lang='lat' dir='ltr'><strong>tibi,</strong></span> <span class='ocrx_word' id='word_1_577' title='bbox 3060 4808 3212 4887; x_wconf 89' lang='lat' dir='ltr'><strong>quia</strong></span> <span class='ocrx_word' id='word_1_578' title='bbox 3254 4807 3455 4870; x_wconf 87' lang='lat' dir='ltr'><strong>factus</strong></span> <span class='ocrx_word' id='word_1_579' title='bbox 3485 4840 3750 4892; x_wconf 34' lang='lat' dir='ltr'><strong>amad,</strong></span> 
     </span>
    </p>
   </div>
   <div class='ocr_carea' id='block_1_22' title="bbox 1968 4905 3458 5379">
    <p class='ocr_par' dir='ltr' id='par_1_24' title="bbox 1968 4905 3458 5379">
     <span class='ocr_line' id='line_1_97' title="bbox 1971 4905 3458 4988; baseline -0.001 -19"><span class='ocrx_word' id='word_1_580' title='bbox 1971 4929 2035 4970; x_wconf 86' lang='lat' dir='ltr'><strong>es</strong></span> <span class='ocrx_word' id='word_1_581' title='bbox 2080 4908 2388 4970; x_wconf 87' lang='lat' dir='ltr'><strong>fortitudo</strong></span> <span class='ocrx_word' id='word_1_582' title='bbox 2437 4905 2702 4988; x_wconf 88' lang='lat' dir='ltr'><strong>pauperi</strong></span> <span class='ocrx_word' id='word_1_583' title='bbox 2743 4914 2804 4968; x_wconf 90' lang='lat' dir='ltr'><strong>et</strong></span> <span class='ocrx_word' id='word_1_584' title='bbox 2843 4921 3043 4983; x_wconf 88' lang='lat' dir='ltr'><strong>egeno</strong></span> <span class='ocrx_word' id='word_1_585' title='bbox 3088 4905 3151 4965; x_wconf 90' lang='lat' dir='ltr'><strong>in</strong></span> <span class='ocrx_word' id='word_1_586' title='bbox 3199 4905 3458 4968; x_wconf 88' lang='lat' dir='ltr'><strong>tribula-</strong></span> 
     </span>
     <span class='ocr_line' id='line_1_98' title="bbox 1970 5005 3000 5084; baseline -0.006 -15"><span class='ocrx_word' id='word_1_587' title='bbox 1970 5008 2141 5069; x_wconf 87' lang='lat' dir='ltr'><strong>tione</strong></span> <span class='ocrx_word' id='word_1_588' title='bbox 2183 5025 2316 5066; x_wconf 89' lang='lat' dir='ltr'><strong>sua.</strong></span> <span class='ocrx_word' id='word_1_589' title='bbox 2349 5005 2650 5067; x_wconf 88' lang='lat' dir='ltr'><strong>Jeremias</strong></span> <span class='ocrx_word' id='word_1_590' title='bbox 2689 5022 2942 5084; x_wconf 88' lang='lat' dir='ltr'><strong>quoque</strong></span> <span class='ocrx_word' id='word_1_591' title='bbox 2987 5020 3000 5063; x_wconf 73' lang='grc' dir='ltr'>ε</span> 
     </span>
     <span class='ocr_line' id='line_1_99' title="bbox 1969 5101 3456 5184; baseline -0.001 -17"><span class='ocrx_word' id='word_1_592' title='bbox 1969 5106 2166 5179; x_wconf 92' lang='lat' dir='ltr'><strong>mino,</strong></span> <span class='ocrx_word' id='word_1_593' title='bbox 2201 5104 2354 5184; x_wconf 88' lang='lat' dir='ltr'><strong>quia</strong></span> <span class='ocrx_word' id='word_1_594' title='bbox 2384 5102 2680 5164; x_wconf 88' lang='lat' dir='ltr'><strong>liberavit</strong></span> <span class='ocrx_word' id='word_1_595' title='bbox 2717 5102 2998 5162; x_wconf 89' lang='lat' dir='ltr'><strong>animam</strong></span> <span class='ocrx_word' id='word_1_596' title='bbox 3041 5101 3338 5182; x_wconf 89' lang='lat' dir='ltr'><strong>pauperis</strong></span> <span class='ocrx_word' id='word_1_597' title='bbox 3376 5105 3456 5166; x_wconf 88' lang='lat' dir='ltr'><strong>de</strong></span> 
     </span>
     <span class='ocr_line' id='line_1_100' title="bbox 1968 5200 3456 5264; baseline -0.002 0"><span class='ocrx_word' id='word_1_598' title='bbox 1968 5219 2161 5264; x_wconf 88' lang='lat' dir='ltr'><strong>manu</strong></span> <span class='ocrx_word' id='word_1_599' title='bbox 2211 5200 2550 5262; x_wconf 87' lang='lat' dir='ltr'><strong>malorum.</strong></span> <span class='ocrx_word' id='word_1_600' title='bbox 2597 5203 2680 5258; x_wconf 79' lang='lat' dir='ltr'><strong>Et</strong></span> <span class='ocrx_word' id='word_1_601' title='bbox 2723 5200 3028 5258; x_wconf 78' lang='lat' dir='ltr'><strong>revelabit</strong></span> <span class='ocrx_word' id='word_1_602' title='bbox 3071 5201 3138 5258; x_wconf 74' lang='lat' dir='ltr'><strong>in</strong></span> <span class='ocrx_word' id='word_1_603' title='bbox 3185 5202 3456 5261; x_wconf 74' lang='lat' dir='ltr'><strong>tribula-</strong></span> 
     </span>
     <span class='ocr_line' id='line_1_101' title="bbox 1971 5295 3457 5379; baseline 0.001 -20"><span class='ocrx_word' id='word_1_604' title='bbox 1971 5304 2139 5365; x_wconf 76' lang='lat' dir='ltr'><strong>tione</strong></span> <span class='ocrx_word' id='word_1_605' title='bbox 2167 5301 2458 5360; x_wconf 77' lang='lat' dir='ltr'><strong>animam</strong></span> <span class='ocrx_word' id='word_1_606' title='bbox 2486 5299 2650 5377; x_wconf 78' lang='lat' dir='ltr'><strong>ejus,</strong></span> <span class='ocrx_word' id='word_1_607' title='bbox 2683 5295 2746 5358; x_wconf 88' lang='lat' dir='ltr'><strong>id</strong></span> <span class='ocrx_word' id='word_1_608' title='bbox 2787 5303 2903 5372; x_wconf 85' lang='lat' dir='ltr'><strong>est,</strong></span> <span class='ocrx_word' id='word_1_609' title='bbox 2941 5303 3224 5379; x_wconf 81' lang='lat' dir='ltr'><strong>tompore</strong></span> <span class='ocrx_word' id='word_1_610' title='bbox 3258 5298 3457 5361; x_wconf 86' lang='lat' dir='ltr'><strong>tribu-</strong></span> 
     </span>
    </p>
   </div>
   <div class='ocr_carea' id='block_1_23' title="bbox 3045 5004 3740 5086">
    <p class='ocr_par' dir='ltr' id='par_1_25' title="bbox 3045 5004 3740 5086">
     <span class='ocr_line' id='line_1_102' title="bbox 3045 5004 3740 5086; baseline 0.017 -20"><span class='ocrx_word' id='word_1_611' title='bbox 3045 5004 3302 5066; x_wconf 58' lang='lat' dir='ltr'><strong>Cflsstate</strong></span> <span class='ocrx_word' id='word_1_612' title='bbox 3342 5004 3459 5066; x_wconf 74' lang='lat' dir='ltr'><strong>Do·</strong></span> <span class='ocrx_word' id='word_1_613' title='bbox 3482 5037 3573 5079; x_wconf 78' lang='lat' dir='ltr'><strong>Jer.</strong></span> <span class='ocrx_word' id='word_1_614' title='bbox 3591 5050 3659 5086; x_wconf 78' lang='lat' dir='ltr'><strong>xx,</strong></span> <span class='ocrx_word' id='word_1_615' title='bbox 3680 5040 3740 5078; x_wconf 79' lang='lat'><strong>¹3.</strong></span> 
     </span>
    </p>
   </div>
  </div>
 </body>
</html>
