4309 6259
627 2082 712 2155 1ορ
741 2096 810 2130 vu,

583 2158 756 2199 passam.

601 4053 695 4097 λεν.
709 4068 845 4105 xtvm.

585 4120 648 4160 ¹0.

607 4352 760 4395 ,wama
777 4368 850 4405 m,

585 4420 625 4469 2,
644 4418 684 4467 5,
705 4420 769 4459 ¹6.

585 4840 732 4885 Ecclt'.
746 4855 770 4891 ι,
785 4842 848 4883 22.

593 4943 612 4963 ⁶
631 4942 851 4995 sapientie

865 499 986 563 444

945 692 1097 749 Dies
1127 692 1256 750 mei
1286 693 1620 752 velociores
1652 692 1924 770 fuerunt
1956 711 2231 751 cursore.
2253 689 2353 752 Se-
2383 688 2434 751 A
2465 689 2611 772 plus
2650 698 2923 753 veretur.
2954 689 3215 771 Propter
3246 690 3418 772 quod
3452 689 3761 771 seriptum
3794 696 3897 751 est
3933 707 3948 752 :
4010 705 4214 751 mmm.

866 788 1146 850 eundum
1171 788 1497 866 Thomam,
1529 788 1936 852 tendentibus
1968 790 2046 851 ad
2072 790 2352 872 aliquem

868 884 1068 948 finem
1121 888 1242 949 tria
1289 898 1438 950 sunt
1485 888 1860 951 necessaria.
1897 888 2126 965 Primo,
2175 897 2243 950 ut
2285 889 2350 950 in

866 984 1044 1047 nullo
1088 985 1214 1048 alio
1259 1005 1368 1049 cor
1407 1006 1592 1049 suum
1640 986 1839 1067 figant
1881 1006 2008 1067 quo
2045 986 2351 1049 retardari

865 1083 1112 1165 possint
1151 1103 1188 1146 a
1231 1083 1386 1161 fine,
1420 1086 1526 1147 sed
1571 1085 1636 1146 in
1681 1085 1886 1168 ipsum
1932 1084 2134 1147 finem
2177 1083 2354 1147 festi-

865 1190 1041 1244 nent.
1078 1182 1390 1259 Secund0‚
1435 1192 1504 1245 ut
1543 1203 1616 1247 ea
1659 1183 2016 1264 acquirant,
2049 1202 2163 1265 per
2210 1202 2353 1264 quae

865 1280 1115 1361 possint
1149 1282 1223 1342 ad
1257 1280 1454 1343 finem
1495 1282 1857 1363 pertingere
1894 1300 1908 1343 ι
1943 1281 2354 1362 quemadmo-

863 1378 1017 1439 dum
1067 1379 1288 1441 volens
1333 1380 1564 1457 sanari,
1601 1399 1860 1443 necesse
1890 1389 1985 1442 est
2014 1388 2084 1441 ut
2111 1386 2355 1460 quaerat

867 1477 1146 1540 remedia
1174 1478 1411 1558 quibus
1441 1487 1717 1541 sanetur.
1740 1478 2045 1541 Similiter
2074 1478 2187 1559 qui
2218 1477 2355 1540 vult

867 1577 944 1637 ad
1006 1577 1201 1639 Deum
1249 1578 1490 1653 venire,
1545 1586 1796 1659 oportet
1847 1587 1916 1639 ut
1965 1577 2355 1659 adipiscatur

865 1673 1151 1749 virtuteS‚
1172 1674 1405 1755 quibus
1436 1694 1754 1737 summum
1785 1676 2022 1739 bonum
2046 1674 2353 1756 consequi

867 1780 1082 1853 queat.
1108 1773 1388 1836 Tertium
1422 1782 1635 1851 restat,
1665 1774 1958 1838 videlicet
1987 1774 2354 1839 consecutio

1701 519 2048 566 mannum
2090 519 2154 565 IN
2197 519 2334 565 m.
2378 517 2445 564 lx
2482 518 2610 564 lon.
2656 536 2733 547 -
2776 518 2918 565 ΛΒΤ.
2963 519 3110 565 XXIV

2465 788 2707 851 Timete
2735 788 3097 865 Dominum,
3123 808 3343 852 omnes
3376 787 3577 851 sancti
3608 788 3770 869 ejuS‚
3793 806 3956 869 quo-

2463 887 2635 949 niam
2673 887 2832 950 nihil
2874 888 3051 951 deest
3092 888 3463 951 timentibus
3492 906 3659 949 eum.
3692 887 3819 949 Hoc
3852 895 3954 949 est

2462 989 2630 1068 quod
2672 987 2739 1049 in
2767 986 3122 1050 Proverbiis
3163 989 3424 1051 docetur
3460 985 3689 1049 :Omni
3736 993 3952 1049 custo-

2462 1086 2568 1148 dia
2598 1086 2842 1148 custodi
2876 1105 2985 1149 cor
3016 1094 3217 1148 tuum.
3251 1087 3327 1148 Et
3358 1088 3423 1148 in
3454 1085 3708 1149 Michaea
3739 1103 3755 1147 :
3792 1085 3951 1147 lndi-

2463 1184 2621 1248 cabo
2654 1184 2790 1254 tibi,
2812 1204 2849 1248 ο
2870 1185 3083 1261 homo,
3108 1186 3263 1266 quid
3294 1186 3375 1247 sit
3404 1186 3667 1260 bonum,
3698 1192 3763 1247 et
3790 1184 3951 1265 quid

2465 1283 2768 1347 Dominus
2810 1284 3091 1365 requirat
3124 1304 3161 1346 a
3201 1292 3262 1346 te
3297 1301 3311 1345 ε
3348 1283 3571 1365 utique
3605 1282 3816 1345 facere
3854 1284 3952 1363 ju-

2464 1382 2727 1458 dicium,
2761 1390 2823 1445 et
2862 1383 3127 1463 diligere
3165 1381 3688 1457 misericordiam,
3723 1389 3787 1445 et
3826 1381 3953 1444 sol-

2464 1481 2711 1544 licitum
2744 1480 3071 1543 ambulare
3103 1500 3247 1543 cum
3276 1480 3401 1543 Deo
3435 1489 3564 1543 tuo.

2544 1578 2951 1660 Delinquenti
2983 1586 3191 1641 autem
3226 1578 3387 1641 Deus
3420 1596 3545 1640 non
3580 1577 3803 1659 parcit,
3838 1578 3949 1639 sed

2465 1676 2801 1760 poenitenti
2849 1696 2923 1739 ac
2972 1677 3318 1753 metuenti3
3362 1696 3478 1739 nec
3521 1676 3710 1759 culpa
3760 1676 3955 1739 relin-

2464 1776 2685 1858 quitur
2713 1776 3049 1858 impunita,
3084 1776 3235 1856 quia
3262 1784 3370 1838 aut
3403 1775 3592 1838 homo
3631 1775 3951 1857 poenitens

870 1870 1046 1933 finis.
1081 1871 1271 1935 Porro
1311 1873 1389 1935 de
1420 1874 1720 1950 vanitate,
1757 1874 2068 1937 labilitate
2106 1894 2179 1936 ac
2218 1874 2356 1936 bre-
2390 1880 2437 1941 B
2466 1877 2629 1938 hanc
2660 1875 2727 1936 in
2760 1894 2827 1937 se
2858 1875 3065 1957 punit,
3097 1883 3207 1937 aut
3246 1875 3409 1938 hanc
3454 1876 3611 1937 Deus
3654 1893 3801 1937 cum
3842 1874 3955 1937 ho-

867 1969 1063 2033 vitate
1107 1971 1252 2033 vitae
1297 1972 1651 2053 praesentiS,
1686 1973 1854 2035 dicta
1893 1981 2042 2035 sunt
2078 1972 2356 2054 plurima

871 2067 934 2129 in
966 2068 1362 2151 expositione
1392 2070 1654 2153 capituli
1689 2071 1965 2152 septimi.

966 2170 1236 2229 Verebar
1271 2171 1492 2228 omnia
1531 2190 1722 2247 opera
1763 2191 1926 2239 mea,
1955 2172 2158 2229 sciens
2186 2172 2357 2248 quod

867 2286 995 2327 non.
1019 2287 1314 2343 parceres
1333 2270 1761 2347 delinquenti.
1789 2267 2067 2330 Verbum
2101 2267 2223 2329 hoc
2254 2287 2357 2329 ex-

867 2364 1292 2427 hortationem
1341 2366 1543 2445 magis
1593 2386 1783 2448 quam
1845 2365 2353 2447 explanationem

866 2463 1158 2544 requirit.
1188 2463 1250 2525 Si
1283 2481 1432 2543 ergo
1465 2463 1685 2527 beatus
1715 2466 1830 2528 Job
1860 2484 2050 2547 opera
2083 2484 2199 2526 sua
2231 2472 2355 2525 tam

865 2562 1173 2637 virtuosa,
1194 2581 1336 2643 quae
1368 2562 1432 2624 in
1466 2562 1792 2626 volumine
1815 2563 1936 2625 hoc
1964 2561 2351 2637 scribuntur,

868 2659 958 2723 sic
991 2660 1350 2736 verebatur,
1386 2680 1464 2723 ne
1506 2660 1750 2723 scilicet
1786 2661 1997 2723 minus
2029 2662 2255 2725 devote
2284 2680 2357 2723 ae

867 2766 1253 2834 reverenter,
1280 2757 1495 2819 minus
1528 2776 1816 2821 amorose
1849 2778 1920 2821 ac
1951 2778 2360 2841 perseveran-

867 2865 961 2919 ter
1013 2876 1088 2919 ea
1136 2865 1588 2937 exsequeretur
1637 2874 1650 2917 ε
1702 2857 1858 2938 quid
1905 2858 2219 2939 agendum
2264 2865 2359 2919 est

868 2954 1075 3030 nobiS‚
1123 2954 1236 3035 qui
1290 2963 1418 3016 tam
1471 2954 1718 3017 infirmi
1769 2976 1988 3017 sumus
2038 2956 2103 3018 in
2146 2956 2353 3033 boniS,

2466 1974 2637 2037 mine
2668 1993 2779 2037 seu
2808 1974 2935 2036 alio
2966 1973 3331 2037 vindicante
3360 1973 3692 2036 vindicans
3731 1991 3952 2055 percu-

2466 2074 2563 2135 tit.
2598 2072 2755 2135 Hinc
2795 2072 2989 2134 David
3030 2080 3173 2153 post
3212 2071 3679 2136 confessionem
3728 2070 3950 2133 audire

2466 2190 2611 2234 mox
2640 2172 2895 2244 meruit,
2931 2170 3235 2233 Dominus
3266 2170 3590 2232 transtulit
3618 2177 3945 2252 peccatum

2465 2278 2645 2333 tuum
2683 2288 2696 2331 :
2730 2278 2793 2332 et
2826 2277 3033 2331 tamen
3066 2269 3283 2331 multis
3314 2276 3535 2349 postea
3560 2268 3947 2331 cruciatibus
4030 2280 4040 2289 ·

3985 772 4047 810 w.

3976 1000 4217 1047 Pronum.

3978 1099 4113 1143 luch.
4122 1114 4171 1145 τι,
4183 1104 4214 1141 Β.

4004 2187 4037 2229 ΙΙ
4048 2186 4143 2239 Rq.
4158 2200 4215 2230 xv·

3978 2254 4089 2354 ¹1³5&
4106 2313 4219 2352 1⁸46.

2465 2368 2775 2444 afflictuS,
2808 2387 2881 2430 ac
2920 2366 3196 2447 sugienS,
3232 2376 3472 2429 reatum
3512 2366 3717 2448 culpae
3756 2384 3945 2447 quam
3974 2388 4126 2417 u-m-

2466 2468 2877 2549 perpetravit,
2911 2466 3201 2529 exsolvit.
3236 2466 3387 2528 Nam
3430 2475 3493 2529 et
3534 2466 3698 2528 Deus
3740 2464 3949 2547 piissi-

2466 2584 2607 2627 mus
2638 2564 2719 2627 ab
2750 2563 2968 2626 electis
3002 2564 3134 2625 suis
3166 2564 3444 2626 maculas
3462 2563 3765 2625 vitiorum
3800 2570 3953 2626 tem—

2468 2662 2669 2745 porali
2703 2662 2862 2725 solet
2890 2661 3252 2725 afflictione
3282 2661 3821 2739 detergere.Unde
3840 2681 3951 2743 per

2468 2760 2831 2823 Malachiam
2863 2760 2953 2821 ait
2978 2777 2992 2820 :
3015 2760 3269 2822 Parcam
3301 2758 3675 2821 timentibus
3700 2778 3823 2835 me,
3844 2760 3953 2821 sic·
3980 2776 4223 2821 Mazacam

2470 2868 2541 2923 ut
2570 2859 2669 2924 vir
2696 2859 2901 2940 parcit
2927 2857 3069 2921 filio
3101 2877 3215 2920 suo
3246 2857 3545 2921 servienti
3581 2856 3729 2920 sibi.

2528 2962 2577 3019 S
2584 2960 2607 3017 ι’
2624 2968 2839 3018 autem
2858 2959 3027 3017 etsie
3048 2958 3291 3033 impius
3308 2978 3465 3023 sum.
3483 2976 3687 3036 quare
3702 2957 3953 3033 frustra

871 3062 998 3115 tam
1033 3053 1215 3134 proni
1251 3053 1331 3115 ad
1361 3053 1572 3115 mala?
1606 3054 1824 3117 Nonne
1860 3063 2033 3117 tanto
2058 3054 2204 3136 plus
2236 3054 2361 3116 for—
2395 3056 2439 3120 C
2474 3058 2764 3117 laboravi
2810 3058 2838 3116 ?
2890 3055 3279 3136 Frequenter
3334 3054 3639 3136 perversi,
3696 3072 3955 3117 rancore

870 3152 1239 3214 midandum
1293 3160 1388 3214 est
1435 3151 1644 3227 nobiS,
1679 3171 1809 3233 quo
1855 3152 2359 3235 imperfectiores

871 3260 1064 3332 atque
1113 3250 1190 3312 ad
1240 3269 1456 3313 casum
1515 3251 1932 3333 procliviores
1982 3259 2045 3314 et
2101 3251 2361 3333 propin—

871 3349 1129 3430 quiores
1178 3367 1292 3411 nos
1348 3368 1486 3410 csse
1545 3349 2031 3428 cognoscimus?
2077 3349 2361 3430 Denique

871 3448 950 3510 ad
996 3447 1116 3509 hoc
1161 3448 1331 3528 quod
1372 3447 1539 3509 actio
1581 3448 1664 3508 sit
1701 3448 2011 3510 veraciter
2050 3446 2357 3521 virtuosa,

872 3547 1129 3627 Deoque
1168 3546 1402 3627 placita
1442 3566 1515 3608 ac
1557 3546 1904 3621 meritoria,
1939 3564 2064 3608 non
2116 3545 2364 3608 sufficit

876 3643 1086 3706 facere
1135 3643 1397 3718 bonum,
1434 3644 1542 3707 sed
1589 3652 1658 3706 ut
1702 3643 1866 3706 bene
1907 3642 2024 3705 fiat
2061 3643 2357 3724 exigitur,

875 3750 1031 3825 puta
1059 3762 1202 3804 cum
1237 3742 1469 3805 debitis
1495 3744 1806 3807 virtutum
1838 3742 2358 3819 circumstantiis,

877 3840 997 3903 hoc
1025 3848 1122 3903 est
1151 3840 1365 3903 debito
1395 3841 1558 3917 1000,
1593 3860 1836 3922 suoque
1869 3848 2176 3922 tempore,
2196 3850 2366 3905 recta

877 3938 1250 4015 intentione,
1293 3958 1436 4001 cum
1489 3939 1704 4001 debita
1750 3938 2126 4016 reverentia,
2168 3958 2243 4001 ex
2274 3939 2367 4001 di-

877 4037 1030 4099 vino
1085 4055 1322 4100 amore.
1385 4036 1749 4099 Maledictus
1809 4036 1980 4099 enim
2041 4037 2150 4117 qui
2211 4036 2367 4100 facit

877 4154 1037 4217 opus
1068 4135 1177 4197 Dei
1209 4134 1626 4216 negligenter.
1651 4135 1726 4195 Et
1755 4135 1866 4215 qui
1898 4144 2195 4216 quaerunt
2225 4155 2367 4218 pro-

2468 3162 2579 3217 aut
2616 3154 2742 3216 alia
2779 3154 3076 3236 passione
3120 3153 3219 3215 vel
3262 3152 3587 3233 impietate
3629 3152 3951 3227 commoti,

2469 3254 2674 3336 justos
2704 3252 3199 3329 calumniantur,
3233 3258 3555 3327 accusant,
3579 3249 3953 3321 diffamant:

2471 3359 2535 3413 et
2564 3359 2873 3431 quantum
2916 3350 3149 3425 valent,
3183 3349 3262 3411 ad
3302 3349 3809 3430 desperationem
3850 3368 3957 3410 seu

2474 3448 2625 3511 boni
2657 3448 3075 3512 cessationem
3108 3468 3181 3510 ae
3212 3447 3407 3509 animi
3449 3446 3821 3510 fractionem
3867 3448 3959 3508 in-

2474 3547 2706 3610 ducere
2736 3546 3110 3622 moliuntur,
3135 3545 3353 3626 gravia
3380 3545 3472 3607 eis
3504 3545 3775 3607 crimina
3804 3544 3958 3625 0in-

2472 3646 2721 3723 ciend0,
2752 3645 3285 3727 quemadmodum
3317 3644 3383 3705 in
3410 3643 3767 3707 Proverbiis
3810 3643 3957 3723 legi-

2474 3753 2576 3806 tur
2628 3762 2643 3805 ι

2472 3843 2691 3919 Deum,
2722 3841 3071 3923 despicitur
3107 3840 3188 3902 ab
3225 3858 3300 3903 eo
3338 3840 3451 3921 qui
3492 3838 3717 3901 infami
3760 3838 3958 3920 gradi-

2476 3948 2577 4003 tur
2608 3940 2733 4003 via.
2768 3940 2944 4003 Tunc
2975 3957 3124 4019 ergo
3153 3938 3254 4001 vir
3290 3938 3498 4019 justus
3542 3938 3851 4001 consolari
3898 3945 3957 3999 et

2476 4038 2838 4102 confortare
2870 4039 2933 4100 in
2968 4038 3235 4101 Domino
3268 4045 3475 4119 potest
3506 4056 3571 4099 se
3603 4036 3835 4119 ipsum,
3870 4036 3957 4098 vi-

2476 4145 2555 4200 tae
2586 4157 2715 4199 suae
2741 4137 3020 4217 justitias
3061 4137 3137 4199 ad
3176 4136 3545 4198 memoriam
3576 4136 3952 4209 reducend0‚

879 4234 1089 4316 prium
1139 4234 1542 4296 commodum
1587 4252 1698 4295 seu
1741 4232 2090 4296 humanum
2132 4254 2367 4316 praeco-
2398 4236 2449 4299 D
2476 4238 2554 4299 ad
2586 4236 2850 4315 gloriam
2882 4234 2992 4298 Dei
3024 4244 3088 4298 et
3116 4236 3195 4297 ad
3235 4234 3661 4316 repulsionem
3694 4234 3952 4316 peccati,

880 4332 1082 4407 nium,
1118 4350 1294 4392 suam
1330 4340 1706 4412 receperunt
1738 4334 2115 4395 mercedem.
2150 4334 2367 4414 ltaque

879 4430 1214 4491 timeamus
1263 4436 1440 4491 actus
1489 4436 1738 4491 nostros
1787 4429 1977 4492 etiam
2029 4430 2252 4508 bonoe,
2290 4450 2369 4493 ne

881 4525 1046 4589 forte
1075 4545 1152 4588 ex
1182 4533 1398 4588 nostra
1435 4526 1918 4608 imperfectione
1958 4537 2371 4591 contemnan-

881 4634 983 4687 tur
1013 4644 1050 4687 a
1079 4626 1226 4701 Deo,
1263 4644 1342 4687 ne
1383 4625 1522 4689 sine
1561 4625 1776 4688 debita
1816 4627 2165 4703 alacritate,
2197 4628 2371 4709 puri-

881 4732 1007 4785 tate
1057 4743 1128 4786 ac
1176 4722 1511 4805 diligentia
1568 4723 1754 4785 fiant.
1806 4724 1963 4787 Hinc
2010 4725 2253 4808 quippe
2304 4726 2369 4789 in

879 4822 1324 4885 Ecclesiastico
1357 4823 1664 4904 scriptum
1698 4831 1794 4885 est
1826 4840 1840 4884 :
1875 4823 2089 4887 Timor
2118 4825 2373 4889 Domini

880 4938 1116 4984 corona
1147 4919 1409 5001 justitias
1438 4922 1484 4981 *.
1525 4921 1672 4994 Quae
1718 4920 1940 5000 utique
1981 4940 2217 4986 corona
2262 4943 2373 4987 seu

885 5016 1108 5079 filialis
1129 5017 1359 5095 timor,
1393 5017 1569 5079 omni
1609 5018 1780 5080 actui
1817 5027 2034 5084 nostro
2072 5040 2377 5103 superpo-

884 5117 1094 5179 nenda
1142 5124 1237 5178 est
1285 5134 1572 5197 semper3
1616 5124 1678 5178 et
1721 5135 1848 5197 quo
1898 5117 2130 5199 aliquis
2180 5121 2373 5181 Deum

885 5214 1197 5276 sincerius
1225 5220 1418 5294 atque
1448 5214 1773 5276 ardentius
1803 5215 2032 5295 diligit,
2052 5235 2127 5279 eo
2151 5217 2216 5278 in
2246 5217 2377 5280 suis

887 5310 1136 5374 actibus
1202 5330 1347 5373 eum
1422 5311 1804 5374 inhonorare
1869 5332 1979 5376 seu
2047 5313 2381 5378 offendere

2480 4343 2548 4396 ut
2574 4334 2743 4396 dicat
2768 4351 2781 4395 :
2809 4333 2868 4396 Si
2898 4341 3111 4396 autem
3144 4333 3235 4397 sic
3267 4333 3501 4414 impius
3530 4352 3667 4394 sum
3702 4340 3773 4394 ut
3804 4331 3955 4393 mihi

2483 4432 2854 4513 imponitur,
2889 4452 3087 4513 quare
3132 4431 3365 4494 frustra
3416 4431 3719 4505 laboravi,
3760 4439 3959 4493 custo-

2480 4532 2713 4594 diendo
2744 4552 2887 4613 quae
2918 4532 3041 4593 Deo
3081 4538 3228 4592 sunt
3266 4530 3501 4612 placita
3538 4549 3681 4591 cum
3721 4529 3954 4594 labore.

2483 4630 2817 4692 ambulans
2856 4648 2969 4711 per
3008 4637 3244 4691 arctam
3285 4629 3454 4691 viam
3494 4645 3637 4708 quae
3673 4627 3845 4689 ducit
3882 4627 3956 4689 ad

2484 4729 2703 4804 vitam,
2734 4736 2797 4790 et
2831 4727 2897 4789 in
2938 4726 3188 4789 actibus
3230 4726 3622 4809 poenitentiae
3656 4745 3757 4787 mc
3792 4744 3961 4788 exer—

2484 4844 2656 4901 cens,
2710 4824 2797 4887 ita
2843 4834 2913 4887 ut
2962 4825 3088 4888 Deo
3137 4824 3347 4887 dicere
3395 4823 3657 4906 possim,
3708 4823 3963 4905 Propter

2487 4922 2680 4987 verba
2712 4922 3026 4985 labiorum
3061 4929 3309 4985 tuorum
3342 4938 3457 5001 ego
3488 4921 3801 4984 custodivi
3834 4920 3964 4983 vias

2485 5022 2721 5084 duras?
2754 5020 2983 5103 Sicque
3032 5020 3316 5102 loquitur
3360 5021 3591 5101 justuS‚
3626 5038 3751 5082 non
3798 5020 3965 5101 quod

2488 5140 2556 5182 se
2598 5117 2833 5181 frustra
2872 5120 3142 5182 aestimet
3183 5118 3523 5192 laborasse,
3557 5119 3667 5181 sed
3708 5118 3859 5198 quia
3898 5136 3969 5179 ex

2488 5216 2701 5281 verbis
2745 5216 3274 5279 calumniantium
3318 5235 3462 5279 eum
3502 5216 3621 5279 hoc
3661 5216 3965 5297 sequitur.

2494 5314 2668 5389 Quod
2717 5315 2870 5396 quia
2913 5314 3040 5378 dici
3084 5334 3211 5379 non
3260 5315 3451 5391 valet,
3500 5314 3789 5396 sequitur
3831 5314 3971 5377 illos

3982 2846 4043 2889 16,
4068 2842 4129 2883 17.

2696 3743 3047 3805 Ambulans
3107 3750 3278 3805 recto
3339 3741 3563 3803 itinere
3609 3751 3670 3803 et
3726 3742 3954 3803 timens
3982 3766 4223 3810 emam.

4000 4643 4157 4688 North.
4168 4656 4227 4681 sa.

3988 4712 4046 4751 1⁴.

4012 4845 4081 4886 Px.
4098 4858 4177 4887 xvi.
4196 4844 4231 4883 ὁ.
