4309 6259
1217 504 1565 552 muiuurrio
1607 506 1669 550 m
1711 504 1849 551 ω.
1892 503 1937 549 x
1975 502 2104 550 soa.
2148 524 2228 533 —
2270 505 2413 552 aar.
2458 506 2605 552 xxvi
3334 490 3447 554 461

351 679 436 737 Et
463 680 560 737 εἰσ
597 687 852 755 repente
884 678 1266 754 praecipitas
1305 694 1402 734 me
1424 676 1454 734 ?
1485 674 1547 735 id
1581 682 1699 750 est,
1735 692 1848 756 per
1877 672 1928 734 Α
1959 691 2072 754 pro
2104 682 2285 756 parte
2328 675 2417 737 ait
2462 676 2798 739 Psalmista
2832 694 2845 737 :
2881 675 3221 739 Humiliata
3251 684 3347 739 est
3380 676 3446 738 in
3477 695 3741 746 Ρωωιαε.

348 782 620 836 mortem
651 773 1050 857 corporalem
1081 792 1117 835 a
1149 772 1412 840 terrain
1451 772 1660 834 locum
1706 790 1849 851 pur·
1959 772 2221 854 pulvere
2270 773 2483 835 anima
2530 793 2691 837 mea.
2738 774 2815 836 Et
2862 794 3081 837 rursus
3128 792 3140 835 :
3190 774 3319 854 Ego
3368 775 3446 837 ad
3476 794 3744 847 Panum.

341 873 574 952 gatorii
635 872 923 955 projiciS,
979 880 1042 935 et
1105 871 1238 952 igni
1300 870 1526 951 alligas
1581 870 1658 931 ad
1721 877 1849 931 tor-

341 973 700 1052 quendum,
737 972 1062 1052 variisque
1091 969 1446 1032 vilitatibus
1489 967 1848 1050 poenalibus

341 1069 639 1151 suinciS,
674 1090 868 1152 quem
900 1071 978 1132 ad
1023 1077 1195 1131 tuam
1241 1067 1586 1147 imaginem
1637 1065 1851 1129 condi-

341 1168 520 1230 disti.
555 1169 886 1250 Tanquam
918 1168 1090 1230 dicat
1118 1184 1132 1229 :
1171 1167 1296 1228 Hoc
1329 1164 1694 1227 miserabile
1727 1172 1846 1240 est,

343 1266 668 1341 mirabile,
703 1266 1242 1346 miserationeque
1275 1264 1566 1344 dignum.

429 1368 780 1436 Memento,
802 1385 1032 1445 quaese,
1056 1366 1228 1443 quod
1253 1365 1420 1423 sicut
1452 1366 1665 1421 lutum
1692 1362 1852 1437 fece-

347 1466 446 1522 ris·
487 1484 609 1523 me.
654 1461 980 1535 Quomodo
1031 1468 1231 1523 totum
1285 1459 1610 1521 residuum
1658 1458 1850 1538 hujus

351 1561 651 1625 lectionis
682 1564 762 1624 de
791 1561 1008 1623 anima
1037 1558 1397 1642 exponitur,
1425 1567 1740 1639 quantum
1773 1556 1851 1618 ad

348 1660 522 1722 dona
571 1660 792 1741 gratiae
842 1659 964 1721 sibi
1014 1658 1265 1734 collata,
1311 1658 1442 1739 jam
1493 1656 1698 1738 patuit
1734 1673 1746 1716 :
1783 1654 1849 1715 in

347 1776 478 1838 qua
509 1758 912 1840 expositione
942 1758 1008 1819 B.
1041 1756 1411 1836 Gregorium
1457 1774 1574 1837 pro
1619 1772 1850 1835 magna

1960 870 2237 931 nihilum
2276 872 2565 933 redactus
2608 892 2772 949 sum,
2807 882 2869 935 et
2900 872 3163 935 nescivi.
3196 873 3449 935 Praeter-

1959 984 2053 1043 ea,
2090 968 2273 1049 quasi
2308 969 2373 1030 in
2408 969 2732 1050 pulverem
2768 971 3091 1033 reducitur
3119 970 3331 1033 anima
3361 980 3449 1033 ta-

1961 1065 2062 1141 lis,
2105 1068 2360 1146 quando
2410 1075 2553 1149 post
2601 1069 3099 1131 consolationem
3148 1076 3209 1131 et
3255 1068 3446 1131 altam

1961 1165 2556 1242 considerationem,
2593 1186 2752 1248 quas
2792 1166 2983 1230 habet
3024 1167 3343 1230 interdum
3372 1186 3451 1229 cx

1962 1262 2327 1327 visitatione
2356 1264 2647 1345 angelica
2677 1274 2783 1328 aut
2814 1266 3209 1342 Sanctorum,
3244 1276 3315 1329 ut
3345 1266 3451 1348 pie

1963 1369 2243 1442 putatur,
2280 1381 2425 1425 mox
2466 1363 2830 1426 visitatione
2877 1364 2987 1426 tali
3027 1373 3336 1441 cessante,
3372 1366 3451 1427 ad

1963 1460 2377 1540 cogitationes
2406 1460 2913 1543 affectionesque
2934 1464 3137 1527 varias
3157 1464 3341 1545 quasi
3374 1464 3452 1527 ad

1965 1558 2295 1639 pulverem
2336 1560 2583 1641 rapitur
2618 1579 2632 1621 ε
2678 1579 2805 1623 non
2857 1570 3064 1623 tamen
3108 1561 3188 1624 ab
3227 1562 3452 1625 ultimo

1966 1656 2098 1719 fine
2142 1676 2425 1738 unquam
2468 1678 2656 1720 suum
2697 1659 2927 1722 avertit
2976 1658 3307 1737 affectum,
3342 1660 3451 1723 sed

1961 1756 2297 1835 cogitando
2345 1775 2604 1838 prorsus
2654 1757 2971 1819 instabilis
3016 1766 3132 1834 est,
3176 1767 3237 1821 et
3276 1758 3455 1821 varia

346 1863 530 1937 parte
581 1864 838 1919 secutus
889 1875 1054 1918 sum.
1089 1856 1296 1918 Potest
1338 1871 1594 1934 quoque
1644 1859 1846 1915 totum
1887 1853 1934 1916 B
1962 1853 2139 1934 cupit
2177 1854 2477 1917 remedia.

343 1954 584 2036 exponi
619 1954 685 2017 in
719 1973 990 2037 persona
1028 1952 1291 2035 spiritus
1333 1970 1444 2014 seu
1485 1951 1713 2013 animae
1757 1969 1849 2012 ra-

343 2053 610 2116 tionalis
643 2054 710 2115 in
744 2052 1109 2135 purgatorio
1135 2050 1847 2131 constitutae,quantum

340 2153 425 2214 ad
455 2153 628 2215 dona
660 2159 904 2214 naturae
934 2150 1058 2213 sibi
1089 2150 1340 2213 collata.
1376 2148 1592 2229 Itaque
1629 2147 1847 2209 anima

345 2250 495 2312 talis
517 2251 597 2312 ad
629 2250 1108 2331 provocandum
1139 2247 1250 2310 Dei
1271 2245 1852 2327 clementiam,pro—

345 2348 560 2431 priam
591 2348 827 2429 allegat
856 2346 1285 2409 declivitatem
1317 2352 1379 2407 et
1409 2342 1844 2425 fragilitatem,

349 2466 428 2509 ex
471 2465 604 2528 qua
655 2446 860 2508 inerat
907 2443 1032 2506 sibi
1082 2460 1310 2523 magna
1354 2441 1721 2524 proclivitas
1770 2441 1849 2503 ad

347 2544 776 2627 peccandum,
812 2561 1043 2623 magna
1082 2543 1338 2604 demum
1381 2539 1728 2602 infirmitas
1771 2540 1850 2601 ad

349 2643 787 2707 resistendum
825 2659 838 2703 :
875 2660 952 2704 ex
994 2640 1230 2721 quibus
1280 2639 1613 2701 alleviatur
1663 2637 1852 2719 culpa

349 2752 414 2805 et
447 2750 811 2817 excusatur,
831 2740 952 2803 etsi
978 2758 1107 2802 non
1139 2738 1206 2799 in
1242 2746 1393 2815 toto,
1414 2745 1626 2800 tamen
1657 2757 1694 2799 a
1725 2744 1854 2798 tan-

351 2849 440 2903 to.
475 2840 813 2916 Memento,
847 2856 1088 2919 quaeso,
1122 2838 1295 2918 quod
1325 2837 1492 2899 sicut
1521 2836 1726 2897 lutum
1765 2833 1855 2897 fe-

347 2939 520 3002 ceris
561 2957 685 3014 me,
723 2937 787 2999 id
828 2945 922 2999 est
963 2934 1242 2997 similem
1282 2934 1395 2999 vili
1439 2934 1742 2996 materiae.
1777 2932 1853 2994 Ut

2041 1953 2271 2014 Nonne
2296 1954 2464 2013 sicut
2495 1956 2595 2013 lac
2624 1956 2906 2015 mulsisti
2936 1976 3035 2015 me
3054 1958 3085 2015 ?
3114 1947 3199 2017 id'
3219 1964 3337 2033 est,
3369 1955 3449 2018 ad

1959 2067 2098 2111 esse
2129 2067 2367 2113 novum
2397 2068 2469 2112 ac
2504 2057 2791 2113 tenerum
2814 2052 3124 2133 quasique
3149 2052 3442 2130 lacteum,

1956 2146 2229 2209 eduxisti
2260 2148 2340 2210 de
2374 2155 2553 2211 utero
2594 2148 2784 2211 simul
2831 2168 2977 2212 cum
3020 2169 3307 2233 corpore,
3344 2152 3449 2214 cui

1957 2264 2058 2307 me
2097 2265 2213 2327 per
2242 2246 2631 2309 creationem
2672 2245 2970 2311 infudisti
3005 2266 3019 2310 :
3056 2248 3122 2310 in
3161 2267 3291 2331 quo
3331 2250 3449 2312 sub

1959 2343 2363 2406 infantilibus
2417 2345 2603 2407 annis
2658 2353 2785 2407 tam
2848 2346 3239 2429 imperfectae
3289 2347 3451 2411 exsi-

1957 2442 2205 2505 stentiae
2236 2440 2352 2518 fui,
2387 2444 2556 2523 quod
2584 2443 2668 2506 ob
2700 2443 2985 2526 corporis
3016 2444 3449 2527 indispositio-

1961 2558 2130 2617 nem,
2166 2539 2665 2619 fluxibilitatem,
2690 2542 3048 2620 mollitiem,
3077 2543 3321 2607 ratione
3356 2544 3451 2606 uti

1963 2657 2092 2701 non
2121 2639 2337 2721 potui3
2376 2650 2435 2700 et
2464 2643 2631 2702 sicut
2658 2661 2911 2702 caseum
2942 2662 3042 2702 me
3068 2646 3451 2719 θοαραῑαειί,

1965 2745 2248 2818 tempore
2278 2738 2589 2820 pueritiae‚
2609 2739 2817 2802 dando
2838 2739 2999 2801 mihi
3032 2748 3181 2803 tunc
3212 2740 3454 2822 aliqua-

1965 2835 2090 2897 lem
2120 2835 2385 2899 rationis
2416 2844 2480 2899 et
2508 2836 2815 2899 virtutum
2844 2839 3447 2917 corroborationem,

1963 2952 2163 3014 quum
2204 2934 2369 3015 coepi
2415 2935 2578 2997 inter
2618 2934 2857 2998 bonum
2888 2944 2951 2998 et
2990 2937 3251 3014 malum,
3286 2937 3451 3001 inter

347 3038 528 3100 enim
580 3034 950 3120 philosophi
1001 3034 1244 3109 dicunt,
1282 3032 1634 3118 praesertim
1666 3033 1853 3095 Aver—
1886 3036 1931 3101 C
1963 3051 2184 3096 verum
2216 3040 2278 3095 et
2308 3032 2544 3095 falsum
2572 3034 2956 3113 discernere,
2989 3035 3210 3117 sicque
3250 3036 3449 3099 instar

347 3156 518 3214 roes,
544 3136 712 3198 sicut
741 3154 810 3197 se
839 3134 1031 3197 habet
1062 3133 1327 3197 materia
1363 3132 1568 3214 prima
1599 3132 1664 3193 in
1695 3130 1855 3193 ordi-

345 3254 430 3297 ne
463 3235 734 3311 endum,
757 3233 845 3295 ita
877 3231 1239 3295 intellectus
1270 3230 1499 3293 animae
1523 3228 1852 3293 rationalis

345 3335 416 3396 in
468 3332 698 3395 ordine
748 3329 1276 3393 intellectualium
1323 3327 1845 3389 substantiarum.

343 3433 532 3495 Unde
579 3430 1123 3513 quemadmodum
1184 3427 1452 3489 materia
1505 3426 1711 3508 prima
1760 3444 1856 3488 se-

346 3531 637 3594 cundum
682 3548 751 3591 se
796 3535 892 3590 est
941 3525 1245 3588 infimum
1297 3524 1543 3587 entium
1589 3532 1650 3585 et
1691 3543 1852 3606 pura

351 3628 668 3712 potentia,
701 3635 894 3709 atque
944 3624 1334 3708 principium
1385 3622 1856 3685 transmutatio·

351 3728 460 3790 nis
489 3736 557 3791 et
587 3735 820 3801 motuS,
854 3725 948 3786 sic
976 3724 1192 3786 anima
1231 3721 1563 3785 rationalis
1593 3722 1660 3783 in
1693 3720 1856 3785 ordi-

351 3847 437 3891 ne
469 3823 1005 3891 intellectualium
1047 3822 1545 3885 substantiarum
1578 3828 1674 3884 est
1704 3819 1856 3882 infi-

349 3946 482 4003 ma,
531 3934 596 3988 et
646 3925 713 3985 in
763 3920 1084 4006 principio
1133 3920 1232 3982 sui
1282 3927 1378 3983 est
1427 3920 1592 3981 sicut
1641 3919 1854 3981 tabula

347 4045 517 4101 rasa,
544 4024 612 4086 in
642 4041 770 4104 qua
801 4020 962 4084 nihil
994 4027 1092 4082 est
1122 4018 1452 4101 scriptum.
1479 4020 1715 4100 Estque
1743 4038 1852 4081 na-

343 4122 646 4186 turaliter
694 4121 971 4182 multum
1019 4116 1360 4193 instabiliS,
1397 4134 1555 4197 vaga
1593 4126 1656 4179 et
1695 4116 1852 4179 labi·

1961 3131 2128 3193 casei
2168 3150 2205 3193 a
2244 3130 2513 3212 pristina
2552 3131 2968 3196 instabilitate
3011 3135 3091 3196 ad
3135 3136 3452 3198 cohaeren-

1964 3229 2115 3290 tiam
2145 3229 2298 3291 boni
2326 3248 2398 3292 ac
2430 3230 2565 3293 veri
2594 3230 2925 3310 attingere.
2944 3235 3123 3294 Pelle
3152 3244 3212 3295 et
3239 3236 3450 3295 carni-

1961 3330 2075 3387 bus
2101 3330 2345 3389 vestisti
2372 3349 2492 3399 me,
2516 3328 2601 3390 ita
2632 3330 2805 3409 quod
2838 3328 2933 3391 fui
2968 3329 3192 3409 forma,
3218 3340 3447 3410 motor,

1963 3445 2034 3489 ac
2063 3426 2379 3489 habitator
2418 3425 2673 3489 infectae
2711 3446 2783 3489 ac
2824 3426 3071 3509 fragilis
3109 3430 3343 3507 carniS‚
3376 3450 3453 3493 ex

1965 3542 2091 3605 qua
2138 3524 2215 3586 ad
2267 3523 2469 3586 multa
2515 3524 2741 3587 illicita
2780 3525 3155 3604 inclinabar,
3190 3548 3228 3590 a
3270 3528 3455 3610 spiri·

1947 3622 2243 3684 ,tualibus
2300 3622 2532 3704 saepius
2591 3623 2983 3705 impediebar
3027 3649 3041 3699 ;
3092 3628 3334 3687 ossibus
3392 3636 3452 3688 et

1964 3724 2180 3782 nervis
2225 3724 2594 3799 compeqisti
2640 3742 2757 3783 me.
2792 3722 2947 3785 Ossa
2991 3722 3132 3799 ista,
3176 3723 3447 3804 intelligi

1965 3826 2233 3901 possunt
2273 3818 2569 3882 fortiores
2612 3820 2840 3883 animae
2882 3820 3070 3898 vires,
3107 3822 3174 3883 in
3214 3822 3451 3902 quibus

1965 3917 2505 4000 superbenedictae
2555 3917 2880 3981 Trinitatis
2928 3919 3134 4000 imago
3184 3921 3445 3999 relucet,

1966 4016 2261 4080 videlicet
2307 4016 2690 4095 intellectus„
2736 4018 3049 4096 voluntaS,
3092 4020 3441 4095 memoria3

1963 4116 2140 4179 nervi
2175 4124 2408 4193 autem,
2442 4115 2611 4179 vires
2640 4117 2973 4197 organicae,
3005 4136 3147 4199 quae
3185 4128 3449 4181 manent

344 4221 453 4284 lis.
489 4222 752 4301 Propter
781 4219 952 4299 quod
984 4218 1148 4279 Deus
1181 4216 1511 4298 piissimus
1552 4234 1846 4295 magnam
1881 4218 1932 4279 D
1962 4214 2026 4277 in
2058 4216 2274 4276 anima
2302 4223 2590 4296 separata
2617 4224 2922 4296 tanquam
2952 4216 3016 4278 in
3052 4217 3283 4280 radice.
3304 4218 3448 4280 Istis

342 4338 498 4383 eum
537 4336 614 4381 ea
652 4316 1027 4400 patientiam
1068 4314 1257 4377 habet
1304 4314 1367 4376 in
1410 4314 1540 4375 vita
1583 4314 1725 4391 ista,
1762 4323 1852 4376 at-

341 4436 475 4499 que
506 4416 574 4477 in
607 4413 977 4497 purgatorio
1006 4410 1504 4474 misericorditer
1533 4411 1665 4491 agit
1696 4431 1842 4473 cum

343 4536 446 4593 ca,
483 4524 616 4577 tam
663 4532 777 4597 per
815 4532 884 4577 se
923 4512 1134 4594 ipsum
1174 4529 1367 4591 quam
1407 4529 1520 4591 per
1563 4528 1853 4591 compre-

347 4617 663 4678 hensores
698 4632 771 4676 ac
811 4612 1086 4675 viatores
1127 4608 1570 4691 multipliciter
1600 4608 1659 4671 ei
1689 4609 1842 4671 sub-

347 4714 644 4777 venienS.

437 4816 522 4877 Et
555 4814 623 4871 in
651 4814 990 4889 pulverem
1028 4810 1286 4867 reduces
1324 4828 1449 4876 me,
1481 4806 1542 4868 id
1589 4814 1705 4883 est,
1741 4826 1853 4890 per

349 4929 579 4995 poenas
611 4910 727 4972 has
757 4908 838 4969 ad
870 4905 1143 4968 nihilum
1175 4905 1445 4985 redigeS,
1482 4923 1608 4967 non
1647 4913 1714 4966 ut
1753 4924 1849 4968 es-

349 5008 712 5075 sentialiter
744 5024 872 5068 non
906 5004 1051 5080 sim,
1072 5002 1180 5066 sed
1215 5011 1283 5064 ut
1315 5003 1522 5085 poenis
1547 5021 1852 5085 oppressa

351 5128 472 5192 pro
513 5106 723 5170 nihilo
765 5123 870 5166 me
915 5110 1226 5185 reputem,
1263 5120 1492 5182 meque
1532 5100 1849 5183 profunde

350 5207 694 5273 humiliem
724 5222 798 5267 ac
830 5202 946 5265 tibi
989 5209 1384 5283 prosternam
1418 5201 1482 5261 in
1517 5200 1673 5263 locis
1713 5200 1851 5264 istis

351 5305 626 5373 terrenis
685 5301 1071 5386 poenalibus.
1121 5300 1303 5361 Juxta
1347 5318 1540 5380 quem
1589 5302 1848 5363 modum

1961 4312 2393 4395 compingitur
2422 4313 2655 4391 anima,
2692 4314 2756 4377 id
2784 4324 2879 4377 cst
2908 4317 3345 4398 conjungitur,
3380 4317 3446 4379 in

1959 4419 2272 4491 quantum
2320 4420 2417 4473 est
2465 4419 2667 4475 totum
2717 4414 3197 4493 potestativum,
3250 4416 3454 4479 conti-

1963 4528 2121 4571 nens
2170 4510 2237 4571 in
2284 4528 2353 4571 se
2396 4509 2564 4573 vires
2613 4510 2747 4586 haS,
2790 4521 3095 4594 tanquam
3136 4516 3446 4595 quasdam

1963 4617 2197 4691 parteS.

2061 4708 2267 4769 Vitam
2302 4706 2819 4785 intellectualem,
2856 4726 2981 4771 non
3026 4712 3444 4791 vegetativam

1963 4812 2070 4867 aut
2100 4804 2473 4868 sensitivam
2494 4806 2833 4879 dumtaxat,
2851 4818 2910 4868 et
2930 4810 3445 4873 misericordiam

1964 4906 2253 4966 tribuisti
2282 4905 2469 4974 mihi,
2506 4904 2570 4966 id
2602 4912 2697 4968 est
2727 4914 2937 4969 cetera
2968 4907 3201 4987 quibus
3233 4908 3301 4969 in
3341 4929 3453 4972 na-

1963 5002 2152 5065 turali
2182 5002 2315 5064 vita
2345 5002 2613 5083 indigui,
2645 5004 2725 5066 de
2750 5004 2985 5085 quibus
3024 5006 3184 5067 mihi
3218 5008 3282 5068 in
3313 5027 3451 5072 cor-

1961 5120 2116 5184 pore
2173 5100 2669 5163 misericorditer
2726 5102 3059 5184 providisti
3104 5128 3119 5178 ;
3174 5105 3240 5167 in
3300 5126 3449 5188 pur-

1959 5198 2204 5282 gatorio
2260 5216 2517 5279 quoque
2565 5198 2707 5275 hoc,
2760 5218 2887 5280 quo
2944 5200 3228 5281 affligor,
3283 5204 3443 5267 mihi

1960 5300 2306 5365 clementer
2335 5297 2659 5360 multoties
2699 5298 3077 5383 subvenisti.
3114 5304 3199 5364 E't
3226 5306 3449 5367 visita-
