4309 6259
582 3258 734 3303 Jacob.
745 3262 838 3311 ιιι,6.

578 3753 688 3796 Gen.
701 3767 757 3805 ιιι,
771 3754 838 3795 15.

873 490 991 553 350
1763 499 2111 548 mammo
2151 500 2215 545 m
2258 498 2395 545 cn.
2440 497 2509 543 111
2547 498 2675 545 ιοιι.
2720 516 2801 529 -
2838 498 2981 545 Aur.
3028 498 3072 545 x

870 676 1024 757 quia
1073 676 1218 739 vitae
1267 674 1436 739 mala
1481 673 1774 748 inducit3
1823 695 1937 735 nec
1981 680 2364 733 numeretur
2390 666 2443 730 A
2472 674 2589 750 qui
2610 674 2897 749 portavit
2930 692 3048 742 me,
3080 679 3151 733 ut
3184 670 3429 733 scilicet
3470 668 3704 733 clausis
3746 668 3941 743 ostiis,

869 777 943 835 in
977 777 1317 835 mensibus.
1356 773 1533 835 Luna
1575 780 1834 855 propter
1863 771 2259 835 vicinitatem
2291 768 2357 830 in
2473 768 2639 831 intra
2668 777 2953 833 ventrem
2984 778 3273 832 mortuus
3312 786 3537 843 essem,
3570 786 3651 829 ne
3680 767 3763 829 ad
3790 766 3945 827 hanc

869 871 1166 935 humanis
1218 872 1523 953 majorem
1576 872 1766 934 habet
1821 878 2249 953 potestatem3
2298 874 2361 928 et

870 969 1140 1051 singulis
1181 970 1508 1033 mensibus
1556 968 1710 1032 facit
1748 989 1880 1045 ver,
1915 976 2219 1041 aestatem‚
2250 984 2361 1029 au—

873 1078 1164 1130 tumnum
1209 1075 1273 1131 et
1314 1068 1590 1131 hiemem
1627 1084 1640 1128 :
1675 1068 1845 1149 quod
1879 1067 1944 1129 in
1989 1084 2159 1128 anno
2208 1063 2362 1125 facit

869 1167 987 1230 sol.
1039 1165 1198 1229 Petit
1246 1184 1396 1246 ergo
1455 1166 1624 1247 quod
1673 1165 1950 1229 effectus
1999 1164 2245 1227 Satanae
2293 1162 2359 1222 in

869 1265 1360 1346 particularibus
1394 1263 1946 1327 immutationibus
1969 1282 2036 1325 se
2057 1280 2187 1324 non
2218 1277 2362 1342 pos-

869 1363 954 1425 sit
994 1363 1385 1427 diffundere.
1420 1365 1524 1425 Sit
1569 1383 1699 1423 nox
1737 1365 1858 1423 illa
1893 1363 2220 1429 solitaria,
2246 1378 2361 1421 nec

871 1466 1062 1523 laude
1089 1465 1316 1540 diyna.
1350 1461 1508 1536 Quia
1551 1461 1725 1524 enim
1764 1460 1950 1523 laude
1995 1460 2189 1539 digna
2229 1476 2357 1519 non

869 1568 986 1637 est,
1036 1560 1382 1642 petendum
1432 1567 1528 1622 est
1574 1568 1644 1621 ut
1689 1559 1772 1620 sit
1819 1557 2124 1634 solitaria,
2159 1575 2241 1618 ne
2291 1575 2359 1618 se

869 1658 1356 1740 multiplicando
1387 1676 1499 1740 per
1524 1658 1721 1720 vitam
1749 1655 2098 1719 diffundat.

949 1757 1024 1818 Et
1064 1758 1234 1839 quod
1279 1756 1536 1820 divisim
1581 1756 1742 1819 dixit
1786 1756 1864 1818 de
1903 1755 2007 1819 die
2039 1764 2102 1818 et
2146 1761 2353 1828 nocte,

2471 866 2813 929 infaustam
2840 868 3040 931 lucem
3064 866 3414 949 peperisset
3444 884 3543 928 me
3573 874 3773 927 mater
3798 884 3941 937 mea,

2466 966 2645 1046 juxta
2688 966 2869 1042 illud,
2907 966 3107 1027 Beatae
3136 965 3383 1028 steriles
3422 982 3565 1044 quae
3606 980 3733 1025 non
3766 980 3947 1043 pepe-
3993 985 4109 1026 L-e.
4132 1000 4239 1029 ιιιιι

2470 1072 2724 1138 rerunt3
2754 1084 2869 1124 nec
2888 1066 3151 1125 abstulit
3173 1066 3345 1123 mala
3367 1065 3447 1123 ab
3465 1064 3666 1123 oculis
3688 1063 3865 1132 meis,
3890 1060 3947 1121 id
3972 1050 4039 1089 ξ’·

2468 1171 2563 1224 est
2592 1183 2628 1225 a
2659 1182 2849 1226 sensu
2891 1160 3295 1245 experientiae
3332 1178 3346 1223 :
3378 1181 3521 1243 quae
3560 1160 3727 1223 mala
3764 1159 3947 1221 Satan

2470 1259 2536 1321 in
2568 1269 2763 1323 totam
2794 1270 2995 1324 rotam
3017 1260 3371 1323 nativitatis
3402 1260 3663 1322 infudit.
3686 1260 3855 1323 Idem
3887 1258 3947 1319 in

2465 1360 2774 1422 Ieremia:
2798 1360 3161 1423 Maledictus
3191 1360 3303 1442 qui
3335 1379 3436 1423 me
3465 1378 3593 1422 non
3625 1357 3949 1421 interfecit
3976 1374 4237 1479 iay-,11³⁵-

4008 1452 4041 1479 Ι.

2469 1458 2550 1521 ab
2580 1468 2782 1535 uter0,
2816 1467 2938 1521 etc.

2554 1560 2763 1627 Quare
2798 1578 2925 1619 non
2976 1560 3049 1619 in
3092 1562 3288 1619 vulva
3332 1568 3625 1619 mortuus
3660 1560 3857 1619 sum?
3884 1566 3953 1619 ut

2468 1656 2635 1718 mala
2664 1655 2907 1719 Satanae
2936 1676 3054 1719 nec
3084 1655 3408 1731 vidissem,
3439 1675 3554 1719 nec
3582 1656 3949 1729 sensissem,

2468 1756 2579 1817 sed
2608 1754 2675 1817 in
2707 1753 3028 1837 principio
3057 1762 3254 1831 ortuS,
3289 1755 3652 1818 subtractus
3685 1754 3951 1821 fuissem

869 1856 1025 1919 dicit
1067 1854 1459 1937 conjunctim
1495 1872 1510 1916 :
1547 1857 1944 1916 Maledicanc
1981 1857 2066 1923 ei,
2111 1851 2357 1915 scilicet
2394 1854 2440 1917 B
2470 1853 2733 1916 venenis
2762 1854 2938 1935 ejus:
2970 1855 3321 1916 secundum
3352 1853 3508 1915 illud
3542 1853 3609 1915 in
3640 1853 3947 1929 nanneno,

869 1954 980 2017 tali
1022 1954 1148 2017 diei
1188 1962 1250 2016 et
1288 1954 1484 2031 nocti,
1517 1956 1635 2033 qui
1660 1955 2057 2014 maledicunt
2085 1954 2249 2020 diei,
2281 1950 2345 2012 id

865 2062 983 2130 est,
1008 2054 1384 2118 maledicere
1413 2053 1624 2115 sciunt
1645 2061 1708 2115 et
1737 2058 2209 2115 consueverunt
2240 2048 2351 2111 tali

863 2152 1016 2228 diei,
1034 2170 1178 2234 quae
1199 2150 1438 2214 infecta
1464 2160 1560 2213 est
1590 2150 1896 2233 nequitiis
1919 2148 2166 2211 Satanae
2192 2172 2206 2219 ;
2240 2149 2358 2227 qui

859 2254 1089 2330 parati
1135 2260 1288 2312 sunt
1331 2251 1642 2309 suscitare
1687 2250 2071 2310 Leviaclzan.
2120 2246 2355 2309 Secun-

864 2350 1020 2411 dum
1076 2347 1394 2410 Abraham
1440 2347 1723 2410 Judaeum
1776 2345 2232 2428 philosophum
2290 2352 2352 2407 et

865 2446 1066 2509 Rabbi
1107 2445 1381 2528 Moysen,
1429 2444 1744 2521 diaboluS,
1779 2444 2129 2506 secundum
2177 2443 2351 2525 quod

865 2565 902 2608 a
930 2544 1250 2627 principio
1270 2543 1397 2606 diei
1419 2542 1586 2619 vitm,
1611 2562 1724 2625 per
1755 2561 1975 2605 omnes
1999 2542 2157 2618 dies,
2184 2561 2353 2604 men-

865 2662 966 2705 ses
997 2652 1061 2704 et
1100 2660 1302 2705 annos
1331 2660 1648 2705 venenum
1677 2639 2075 2717 diffundenS‚
2110 2640 2349 2703 malum

865 2742 1033 2805 malo
1063 2739 1260 2817 addit,
1293 2749 1355 2802 et
1387 2748 1579 2802 totam
1626 2748 1826 2803 rotam
1856 2740 2209 2801 nativitatis
2240 2758 2352 2802 no·

866 2850 1012 2902 strae
1060 2840 1150 2903 sic
1199 2838 1432 2915 inficit,
1467 2838 1811 2901 Leviathan
1857 2846 2000 2900 est:
2033 2838 2123 2901 sic
2174 2838 2347 2900 enim

866 2948 935 3001 ut
965 2958 1227 3021 serpens
1260 2938 1478 3020 serpit,
1504 2946 1568 3000 ct
1597 2945 1667 2999 ut
1696 2938 1896 3001 vectis
1928 2936 2129 3018 rigide
2164 2937 2349 3000 nobis

2466 1952 2683 2015 Melius
2713 1951 2809 2013 illi
2840 1960 2975 2014 erat
3004 1952 3059 2039 si
3088 1960 3270 2015 natus
3302 1971 3428 2015 non
3454 1951 3719 2027 fuisset3
3752 1972 3953 2029 φνας-

2464 2072 2571 2112 sus
2614 2073 2697 2111 eoe
2740 2062 2945 2122 ucer0,
2994 2072 3125 2113 non
3170 2054 3391 2113 statim
3424 2054 3604 2131 perii
3634 2055 3666 2112 ?
3715 2052 3779 2114 id
3828 2062 3945 2127 est,
3976 2056 4089 2093 ¹¹''¹

2466 2168 2661 2231 quare
2710 2168 2837 2212 non
2888 2149 3101 2213 statim
3152 2159 3303 2213 tunc
3361 2149 3567 2232 perii?
3616 2151 3771 2233 quia
3828 2150 3949 2213 etsi

2466 2258 2618 2311 tunc
2666 2249 2910 2311 Satanae
2956 2249 3125 2311 mala
3170 2249 3532 2326 sensissem,
3579 2258 3789 2313 tamen
3840 2270 3952 2332 per

2464 2348 2771 2411 rationem
2818 2365 2943 2410 non
2989 2348 3455 2411 discrevissem.
3490 2351 3621 2410 Cur
3660 2360 3953 2427 exceptus

2453 2448 2745 2525 yenibus,
2789 2446 2849 2509 id
2892 2455 2988 2509 est
3037 2466 3074 2509 a
3120 2447 3341 2509 matris
3386 2448 3658 2527 genibus
3709 2448 3791 2510 ab
3844 2449 3954 2511 oh-

2462 2545 2735 2622 stetrice,
2781 2554 2844 2608 et
2888 2544 3138 2627 ploratu
3172 2546 3420 2628 prodidi
3466 2546 3634 2609 mala
3660 2548 3949 2611 Satanae?

2466 2648 2596 2705 Cur
2616 2649 2889 2705 lactatus
2913 2647 3211 2705 uberibus
3233 2648 3263 2706 ἓ
3294 2644 3357 2707 id
3388 2654 3504 2722 est,
3527 2666 3641 2709 cur
3668 2666 3771 2709 me
3790 2646 3955 2708 aluit

2467 2747 2711 2821 [mater]
2754 2744 2833 2805 ad
2879 2744 3047 2806 mala
3085 2744 3329 2807 Satanae
3378 2744 3801 2826 experienda?
3830 2746 3951 2809 -Sic

2465 2842 2633 2904 enim
2669 2842 2913 2904 nutrire
2944 2842 3303 2924 parvulum,
3328 2842 3583 2905 crudele
3612 2852 3730 2906 est.
3756 2846 3954 2905 Nunc

2464 2944 2665 3011 enim,
2694 2941 2755 3002 id
2784 2951 2900 3017 est,
2937 2942 3001 3003 in
3041 2941 3211 3004 diem
3257 2940 3551 3005 inl'austae
3600 2942 3763 3005 lucis
3814 2962 3945 3006 non

866 3037 1142 3101 obsistit.
1177 3036 1356 3099 Unde
1401 3036 1478 3099 de
1528 3036 1745 3114 lingua
1793 3035 1988 3117 hujus
2036 3036 2351 3118 serpentis
2390 3039 2434 3102 C
2465 3057 2858 3121 progressuS,
2892 3042 3238 3112 dormienS,
3274 3058 3389 3121 per
3414 3049 3684 3103 mortem
3714 3041 3951 3123 ligatus

867 3137 960 3199 sic
999 3156 1315 3200 venenum
1361 3135 1785 3213 immittentiS,
1830 3134 1987 3198 dicit
2027 3137 2298 3199 Jacobus
2333 3154 2347 3197 ε

865 3235 1110 3317 Lingua
1140 3235 1414 3297 maculat
1445 3244 1509 3297 et
1537 3233 1900 3297 inflammat
1929 3242 2120 3297 totam
2150 3243 2354 3298 rotam

867 3334 1219 3399 nativitatis
1251 3342 1501 3410 nostrae,
1538 3332 1938 3396 inflammata
1966 3352 2002 3396 a
2029 3333 2347 3413 gehenna.

865 3432 980 3507 Qui
1039 3441 1251 3496 autem
1301 3432 1366 3494 in
1415 3432 1802 3495 contrarium
1855 3431 2170 3509 nituntur,
2226 3452 2357 3495 ser-

867 3531 1045 3614 penti
1086 3531 1429 3607 obsistunt,
1463 3538 1526 3593 et
1566 3530 1707 3592 ideo
1737 3530 2046 3593 suscitant
2076 3550 2246 3607 eum,
2282 3539 2353 3593 ut

867 3649 1088 3695 omnes
1133 3630 1301 3693 vires
1345 3648 1490 3691 suas
1534 3628 1871 3705 examinet,
1920 3628 2085 3691 sicut
2127 3638 2192 3691 et
2237 3630 2354 3691 Do-

868 3730 1082 3791 minus
1117 3728 1278 3792 dixit
1305 3728 1372 3789 in
1400 3727 1626 3790 Genesi
1661 3743 1675 3788 :
1711 3727 2082 3789 Inimicitias
2115 3746 2347 3809 ponam

869 3828 1034 3891 inter
1075 3836 1134 3891 te
1169 3836 1236 3890 et
1273 3826 1631 3889 mulierem.
1667 3826 1806 3907 lpsa
1835 3834 2122 3889 conteret.
2158 3835 2353 3909 caput

869 3936 1073 4003 tuum,
1108 3935 1170 3989 et
1201 3934 1268 3987 tu
1300 3922 1707 3988 insidiaberis
1737 3924 2035 3987 calcaneo
2067 3926 2228 4006 ejus.

948 4028 1447 4088 obtenebrentur
1476 4027 1674 4084 sceccae
1701 4024 1984 4099 calz-'yine
2009 4024 2171 4101 ejus.
2200 4024 2356 4087 Stel-

866 4125 959 4187 las
1010 4131 1212 4199 vocat,
1263 4140 1456 4185 novas
1504 4122 1582 4183 ad
1629 4119 1910 4183 infausta
1952 4121 2354 4185 scintillatio-

2465 3136 2779 3213 sensibuS,
2821 3139 3100 3206 silerem,
3147 3136 3209 3200 id
3257 3144 3373 3213 est,
3421 3138 3719 3219 querulas
3762 3158 3955 3203 voces

2462 3234 2542 3297 de
2580 3235 2748 3298 malo
2787 3234 3030 3298 Satanae
3070 3253 3199 3297 non
3244 3234 3623 3313 emitterem,
3664 3258 3814 3299 cum
3855 3260 3955 3297 re-

2455 3335 2671 3409 yibus.
2714 3334 2911 3414 Reges
2969 3342 3170 3409 vocat,
3226 3333 3339 3414 qui
3400 3335 3749 3397 secundum
3812 3354 3957 3417 per-

2464 3429 2807 3495 fectionem
2849 3427 3115 3513 justitiae
3160 3431 3453 3495 homines
3503 3434 3830 3513 regebant.
3864 3438 3953 3496 Ει

2462 3534 2829 3592 consulibus
2878 3541 3082 3591 terrae.
3127 3529 3432 3593 Consules
3480 3541 3809 3609 vocantur,
3832 3534 3949 3614 qui

2466 3629 2803 3711 prudentia
2842 3628 3231 3708 agendorum
3260 3648 3375 3691 suo
3414 3630 3683 3693 consilio
3721 3630 3791 3692 in
3832 3632 3949 3694 du-

2464 3728 2589 3790 biis
2649 3727 2862 3789 valent
2918 3726 3212 3805 dirigere.
3270 3730 3397 3796 Qui
3440 3731 3774 3805 aedificant
3822 3732 3955 3791 sibi

2462 3828 2863 3886 solitudines.
2885 3823 2979 3887 Ad
3009 3824 3307 3902 litteram,
3335 3824 3400 3887 in
3430 3826 3776 3890 solitudine
3796 3829 3951 3891 mdi-

2466 3924 2493 3986 f
2497 3926 2687 4001 icant,
2707 3932 2777 3985 ut
2806 3923 3015 3985 studio
3046 3922 3377 4005 sapientiae
3396 3925 3824 4008 veritatisque
3846 3928 3955 3990 de-

2465 4024 2605 4101 diti,
2644 4021 3076 4104 inquietudini
3120 4022 3363 4086 Satanae
3405 4043 3597 4105 quam
3652 4026 3717 4087 in
3762 4045 3953 4089 mun-

2464 4124 2545 4185 do
2573 4122 2869 4197 concitat,
2903 4140 2971 4183 se
3010 4121 3369 4184 subducant
3400 4142 3414 4185 :
3452 4122 3617 4185 sicut
3666 4124 3831 4189 libro
3870 4127 3953 4190 de

863 4243 998 4298 neS,
1031 4241 1190 4303 quas
1238 4221 1396 4303 petit
1439 4220 1768 4283 obscurari
1815 4220 2089 4302 caligine
2141 4222 2355 4304 dispo-
2385 4222 2434 4283 D
2463 4219 3009 4302 Contemplatione
3040 4220 3194 4283 dicit
3223 4220 3422 4297 Philo,
3449 4222 3621 4303 quod
3656 4221 3947 4287 fecerunt

863 4320 1115 4383 sitionis
1175 4318 1528 4382 contrariae.
1580 4321 1917 4397 Exspecta
1975 4319 2112 4402 ipse
2163 4320 2350 4383 Satan

866 4424 1098 4489 lucem,
1129 4418 1192 4480 id
1223 4426 1320 4481 est
1350 4416 1644 4480 infaustae
1673 4437 1804 4480 suae
1832 4416 1996 4480 lucis
2027 4427 2261 4496 ortum,
2296 4430 2355 4481 ec

867 4538 999 4579 non
1039 4520 1256 4578 videat
1297 4535 1458 4593 eam,
1493 4535 1681 4597 quam
1734 4525 1882 4598 peto
1931 4517 1997 4579 in
2047 4526 2193 4580 ortu
2239 4538 2355 4581 suo

869 4616 1269 4692 occumbere,
1320 4634 1400 4677 ne
1446 4615 1614 4678 diem
1660 4614 1954 4678 humanae
2003 4616 2357 4680 nativitatis

871 4715 1180 4789 illustret3
1211 4736 1325 4775 nec
1344 4724 1560 4775 ortum
1577 4716 1901 4791 sumentis
1917 4735 2193 4787 auroroe,
2220 4736 2361 4798 sup-

873 4814 1000 4897 ple,
1033 4814 1261 4878 videat.
1295 4813 1536 4875 Aurora
1575 4820 1691 4889 est,
1725 4812 1981 4893 quando
2015 4813 2177 4875 radii
2206 4815 2359 4879 solis

875 4913 1237 4977 immiscent
1258 4932 1326 4975 se
1350 4910 1628 4974 tenebris
1658 4910 1895 4985 noctis;
1920 4921 1982 4974 et
2011 4912 2101 4975 sic
2131 4932 2361 4977 aurora

873 5013 1168 5076 infaustae
1197 5010 1358 5074 lucis
1389 5018 1506 5086 est,
1539 5009 1798 5090 quando
1841 5009 2120 5091 primum
2153 5011 2363 5075 immi-

873 5120 1006 5177 scet
1035 5130 1102 5174 se
1132 5110 1358 5173 diebus
1389 5109 1537 5171 vitae
1564 5108 1858 5171 humanae
1883 5126 1896 5170 :
1921 5128 2113 5190 quam
2148 5122 2364 5193 postu-

872 5214 960 5276 lat
991 5229 1120 5274 non
1150 5208 1326 5272 oriri.
1361 5208 1438 5269 Et
1466 5207 1682 5270 subdit
1708 5226 1966 5270 causam
2003 5217 2194 5273 tantae
2232 5230 2366 5273 ma-

869 5306 1250 5375 ledictionis.
1265 5308 1434 5375 Quia
1452 5326 1584 5367 non
1602 5308 1912 5367 conclusit
1932 5311 2095 5369 ostia
2115 5312 2363 5372 ventris

2464 4318 2794 4399 Bragmani
2851 4318 3217 4401 philosophi
3276 4329 3339 4382 et
3399 4320 3588 4401 primi
3649 4324 3951 4387 monachi

2466 4420 2531 4481 in
2581 4418 2866 4501 AEgypto,
2914 4416 3104 4480 facile
3151 4418 3487 4499 praesentia
3534 4428 3947 4485 contemnen-

2466 4527 2583 4594 tes,
2634 4536 2714 4580 ne
2768 4515 3319 4598 inquietudinibus
3380 4517 3622 4583 Satanae
3680 4530 3955 4585 rotaren-

2470 4626 2591 4679 tur.
2633 4619 2767 4678 Aut
2815 4636 2963 4675 cum
2998 4616 3433 4692 principibu&
3486 4618 3947 4701 principalibus

2469 4715 2713 4778 scilicet
2754 4714 2918 4775 inter
2966 4711 3132 4789 illos,
3168 4716 3284 4793 qui
3324 4718 3651 4791 possident
3678 4740 3953 4791 aurum,

2471 4814 2535 4876 id
2576 4822 2692 4890 est,
2738 4812 3011 4873 multum
3050 4830 3275 4874 aurum
3314 4812 3675 4877 habuerunt
3702 4824 3765 4879 ct
3804 4837 3957 4881 oon-

2469 4918 2888 4994 tempserunt‚
2938 4928 3019 4971 ne
3066 4909 3509 4991 inquietudine
3557 4913 3798 4977 Satanae
3846 4916 3959 4981 bo-

2470 5031 2554 5075 na
2582 5010 2920 5094 perderent
2964 5008 3213 5071 animae.
3254 5008 3321 5070 In
3368 5009 3535 5073 idem
3577 5012 3737 5075 redit
3777 5018 3957 5096 quod

2472 5110 2782 5192 sequitur,
2805 5118 2864 5168 et
2884 5112 3129 5185 replent
3145 5111 3361 5168 domos
3378 5130 3532 5170 sua-s·
3550 5124 3811 5189 amento
3834 5114 3960 5193 (ni-

2472 5210 2527 5273 si
2568 5207 2741 5291 quod
2782 5224 3029 5283 aurum,
3064 5206 3431 5269 thesaurum
3468 5218 3837 5273 contentum
3887 5214 3957 5276 in

2471 5303 2951 5392 pretiosissimis
2980 5304 3339 5385 significan
3362 5316 3721 5388 argentum,
3750 5311 3819 5373 in
3840 5312 3965 5374 mi-

4031 1966 4197 2008 luuh.
