4309 6259
586 3546 750 3589 Ιοαηη.
770 3560 826 3595 ιιι,

562 3610 630 3651 21.

570 5027 582 5069 l
597 5026 696 5069 Cor.
714 5030 779 5078 n,l
793 5031 828 5072 l.

858 498 1015 601 652·

1671 518 2019 565 manuario
2061 520 2123 565 IN
2167 520 2306 565 CAP.
2349 518 2502 565 XXXI
2542 518 2687 563 101³:
2709 536 2794 548 --
2833 516 2976 564 Aur.
3020 517 3120 563 mx

858 694 1053 763 tente,
1078 696 1143 749 et
1171 707 1316 750 cum
1349 688 1607 751 homine
1640 689 1946 767 linguato.
1980 693 2114 751 Nec
2142 710 2345 767 cyr-es·
2375 690 2424 750 A
2456 709 2604 749 cum
2633 691 2776 766 ipsa
2804 692 2972 749 sulci
2997 690 3136 765 ejus
3163 692 3421 765 deflent.
3457 686 3647 747 Terra
3675 692 3738 747 et
3775 683 3932 745 sulci

855 806 963 845 sus
980 806 1124 846 sum
1142 789 1393 858 ostium,
1412 788 1489 849 ad
1512 788 1941 849 invadendum
1965 788 2343 869 injuriantes

858 882 1033 959 mihi,
1054 883 1216 945 sicut
1250 884 1587 965 impetuosi
1621 894 1683 948 et
1712 894 2214 967 praesumptuose
2244 906 2348 947 au·

856 982 1043 1043 daces
1091 981 1299 1045 facere
1350 984 1579 1061 solent,
1623 984 1925 1065 periculis
1976 985 2230 1047 incaute
2277 1004 2344 1045 se

856 1088 1264 1160 exponentes

934 1177 1410 1259 consequenter
1452 1180 1567 1243 Job
1607 1180 1832 1244 videns
1876 1180 2000 1241 sibi
2044 1200 2081 1241 a
2123 1181 2344 1241 multis

860 1294 983 1338 non
1013 1276 1207 1352 credi,
1242 1297 1436 1357 seque
1465 1279 1809 1351 contemni,
1844 1280 1921 1340 ad
1953 1278 2242 1340 divinum
2277 1298 2344 1340 se

858 1373 1054 1435 refert
1094 1374 1431 1454 judicium,
1469 1376 1634 1439 sicut
1671 1385 1733 1437 et
1773 1395 1963 1458 supra
2001 1376 2342 1456 aliquoties

854 1473 985 1553 jam
1034 1472 1201 1534 fecit.
1238 1476 1394 1541 Quis
1438 1476 1606 1535 milei
1645 1477 1887 1535 tribuat
1924 1477 2346 1551 adjutorem?

858 1569 919 1629 id
954 1578 1071 1645 est,
1106 1570 1298 1649 cupio
1328 1590 1430 1632 me
1458 1572 1690 1652 juvari,
1726 1580 1794 1632 ut
1826 1571 2057 1633 veritas
2089 1580 2338 1654 pateat3

859 1668 979 1742 vel,
1005 1668 1393 1745 Auditorem,
1422 1678 1489 1731 ut
1520 1670 1719 1751 aliqui
1752 1678 1957 1732 textus
1988 1670 2247 1747 habent,
2279 1671 2342 1733 id

855 1774 971 1841 est,
1008 1766 1119 1845 qui
1152 1766 1450 1843 rationeS‚
1484 1768 1718 1847 quibus
1752 1768 2081 1831 veritatem
2123 1767 2345 1829 defen-

2457 788 2617 868 ejuS,
2633 786 3045 848 materialiter
3063 794 3280 849 contra
3309 802 3732 867 possessorem
3751 801 3934 843 suum

2456 886 2732 947 clamant
2773 892 2835 945 et
2877 885 3151 965 plorant,
3181 884 3437 965 quando
3485 899 3811 963 possessor
3849 879 3938 941 vi—

2459 984 2616 1045 tiose
2656 1002 2722 1044 se
2762 982 2954 1045 habet
2993 981 3161 1044 circa
3202 990 3382 1043 terrae
3427 980 3764 1052 culturam,
3799 996 3939 1058 ope-

2456 1080 2655 1142 rarios
2697 1088 2878 1142 terrae
2917 1079 3108 1141 nimis
3150 1079 3492 1159 gravando,
3525 1086 3634 1138 aut
3672 1094 3800 1138 non
3841 1076 3940 1136 de-

2457 1179 2588 1240 bite
2630 1177 3040 1259 praemiando‚
3076 1177 3162 1238 ita
3209 1178 3379 1258 quod
3425 1176 3656 1257 justam
3707 1172 3939 1234 habent

2457 1276 2765 1337 rationem
2797 1275 3112 1336 clamandi
3134 1293 3278 1337 cum
3311 1274 3468 1336 fletu
3497 1274 3802 1334 adversus
3834 1271 3939 1331 do-

2455 1374 2700 1435 minum
2749 1382 2952 1449 terme,
2985 1372 3094 1453 qui
3141 1372 3495 1434 mercedem
3544 1370 3802 1449 dignam
3847 1369 3936 1429 eis

2457 1491 2584 1534 non
2618 1471 2842 1533 tribuit
2876 1489 2889 1532 ε
2923 1472 3093 1552 quod
3127 1470 3355 1532 vitium
3390 1470 3455 1530 in
3488 1470 3673 1531 beato
3704 1466 3820 1529 Job
3851 1467 3936 1528 lo-

2455 1590 2598 1633 cum
2662 1588 2788 1632 non
2837 1569 3085 1631 habuit.
3136 1570 3320 1630 Juxta
3373 1568 3556 1629 istam
3615 1565 3936 1646 metapho-

2456 1687 2589 1729 ram
2644 1667 2734 1727 ait
2786 1666 3115 1727 Psalmista
3179 1684 3193 1727 ε

2458 1765 2812 1843 frument03
2845 1764 3232 1839 clamabunt,
3253 1763 3488 1827 etenim
3520 1763 3824 1844 hymnum
3854 1759 3935 1821 di-

854 1864 956 1939 do,
991 1864 1315 1937 advertat3
1362 1876 1433 1925 uc
1460 1868 1856 1927 desiderium
1887 1888 2097 1927 meum
2132 1870 2345 1929 Omni·
2382 1873 2427 1933 Β
2455 1873 2620 1926 cent.
2655 1863 2830 1925 Unde
2871 1863 3254 1943 expositorie
3294 1862 3510 1924 subdit
3543 1879 3556 1923 ε
3589 1864 3648 1921 si
3684 1862 3933 1939 fructus

848 1973 1069 2039 potens
1100 1966 1359 2033 audiat,
1394 1964 1458 2025 id
1500 1971 1615 2040 est,
1654 1964 1733 2025 ad
1771 1963 2076 2027 effectum
2118 1966 2346 2045 perdu-

854 2068 953 2121 cat
984 2059 1362 2123 declarando
1406 2081 1521 2143 per
1562 2082 1739 2124 suam
1784 2063 2164 2125 sententiam
2198 2064 2344 2143 quis

856 2177 1074 2220 verum
1116 2158 1304 2234 dicat,
1341 2177 1458 2239 ego
1496 2161 1595 2223 vel
1636 2162 2131 2223 contradictores
2172 2162 2293 2224 mei
2324 2181 2339 2240 ;

854 2266 920 2316 et
950 2258 1187 2316 librum
1228 2261 1464 2319 scribat
1502 2262 1635 2335 ipse
1663 2263 1780 2338 qui
1794 2261 2083 2336 judicat,
2122 2259 2185 2320 id
2221 2268 2337 2335 est,

856 2353 1018 2415 Deus
1048 2354 1257 2434 justus
1286 2365 1348 2416 et
1381 2356 1743 2418 infallibilis
1762 2357 1953 2438 judex
1985 2358 2053 2418 in
2085 2358 2342 2437 scriptis

858 2452 1057 2531 redigi
1091 2451 1303 2528 faciat,
1338 2455 1649 2537 quidquid
1693 2455 1843 2518 boni
1885 2464 1949 2517 et
1988 2455 2137 2516 mali
2174 2475 2344 2518 com-

856 2550 1025 2626 misi,
1059 2570 1140 2612 ne
1171 2552 1421 2614 veritati
1452 2554 1729 2635 amplius
1762 2553 2117 2632 derogetur.
2163 2558 2240 2615 Ut
2270 2558 2342 2614 in

853 2651 1117 2709 humero
1137 2661 1389 2727 portem
1420 2654 1711 2722 2'llum,et
1730 2654 2121 2711 circumdem
2150 2656 2340 2713 illum

852 2751 1043 2825 quasi
1069 2769 1369 2809 coronam
1410 2750 1599 2820 milei,
1636 2749 1699 2809 id
1748 2758 1867 2824 est,
1910 2749 2148 2829 ubique
2194 2770 2339 2811 eum

852 2844 1311 2921 circumferam,
1328 2846 1751 2927 omnibusque
1773 2856 2143 2927 praesentem
2167 2848 2343 2928 quid-

852 2942 1005 3023 quid
1048 2943 1111 3005 in
1154 2962 1230 3005 eo
1272 2946 1705 3026 conscriptum
1754 2945 2085 3023 exstiterit,
2123 2955 2343 3028 quate-

2453 1966 2593 2039 ejus
2623 1964 2867 2022 comedi
2895 1965 3126 2041 absque
3153 1964 3430 2039 pecunia
3463 1982 3486 2020 .·
3515 1960 3580 2021 id
3611 1968 3729 2036 est,
3766 1959 3935 2021 labo-

2455 2060 2793 2135 ratoribuS,
2827 2059 2937 2139 qui
2979 2068 3158 2123 terrae
3197 2059 3523 2122 nascentia
3561 2067 3931 2139 aptaverunt

2451 2160 2531 2220 ad
2574 2179 2759 2220 usum
2801 2178 3011 2221 meum
3051 2167 3244 2239 atque
3273 2175 3583 2233 meorum,
3617 2158 3925 2229 metendo,

2453 2257 2770 2333 molendo,
2797 2257 3131 2339 pinsendo,
3165 2275 3276 2318 seu
3306 2256 3492 2317 aliter
3513 2255 3925 2336 cooperando,

2454 2357 2729 2419 debitam
2767 2375 2880 2438 pro
2911 2355 3127 2418 labore
3149 2355 3483 2437 pecuniam
3507 2373 3632 2416 non
3659 2353 3819 2416 solvi
3839 2378 3854 2427 ς
3877 2364 3931 2413 et

2452 2457 2744 2516 animam
2792 2458 3232 2531 agricolarum
3271 2455 3410 2529 ejus
3452 2455 3689 2529 afflixi,
3721 2452 3814 2513 eis
3847 2453 3933 2513 in-

2450 2554 2682 2635 juriam
2715 2553 2996 2633 aliquam
3026 2552 3384 2631 irrogando,
3417 2560 3527 2612 aut
3555 2550 3932 2613 solutionem

2455 2653 2562 2714 diu
2588 2650 2974 2713 differendo.
3008 2654 3139 2712 Pro
3168 2652 3522 2727 frameam,
3553 2650 3724 2729 quod
3757 2649 3934 2710 semi-

2454 2759 2670 2812 natum
2721 2749 3049 2829 praestolor
3092 2747 3584 2829 multiplicatum
3628 2747 3788 2807 mihi
3833 2766 3935 2808 na-

2453 2848 2566 2924 sci,
2612 2851 2869 2908 oriatur
2915 2850 3084 2907 milei
3133 2849 3431 2919 tribulus,
3479 2846 3542 2907 id
3598 2854 3694 2907 est
3742 2845 3935 2908 herba

2454 2946 2699 3009 inutilis
2742 2965 2816 3008 ac
2861 2946 3158 3028 spinosa:
3203 2954 3261 3006 ec
3280 2966 3402 3022 pro
3433 2948 3692 3014 hordeo,
3719 2947 3928 3021 spina.

852 3061 972 3103 nus
1002 3060 1223 3105 omnes
1256 3043 1466 3122 qualis
1498 3044 1643 3119 sim,
1666 3052 1951 3107 noscant.
1978 3045 2104 3107 Hoc
2137 3054 2339 3107 totum
2375 3057 2418 3119 C
2449 3046 2694 3107 Iustum
2727 3052 2823 3105 est
2852 3044 3022 3105 enim
3053 3042 3254 3123 utqui
3283 3042 3492 3105 aliena
3519 3041 3771 3117 retinet,
3795 3060 3936 3123 pro-

854 3140 943 3201 ait
975 3140 1197 3201 beatus
1236 3140 1373 3217 Job,
1408 3141 1487 3202 ad
1528 3143 1991 3205 ostendendum
2042 3144 2344 3205 securita-

856 3248 983 3301 tem
1002 3246 1066 3301 et
1092 3239 1521 3301 innocentiam
1554 3241 1960 3303 conscientiae
1982 3260 2132 3318 suae,
2150 3243 2345 3323 quod-

857 3356 981 3417 que
1012 3336 1101 3397 nil
1123 3337 1367 3417 cupiat,
1390 3338 1515 3399 nisi
1547 3347 1615 3399 ut
1645 3340 1876 3401 veritas
1902 3358 2107 3401 causae
2130 3340 2338 3421 ipsum

856 3435 1321 3509 concernentiS,
1348 3436 1667 3500 universis
1699 3438 2032 3518 pandatur.
2068 3438 2245 3499 Unde
2275 3439 2340 3501 in

855 3536 1092 3597 Ioanne
1126 3533 1357 3614 legitur
1391 3552 1404 3595 ε
1442 3534 1557 3607 Qui
1601 3534 1756 3596 facit
1786 3536 2139 3613 veritatem,
2168 3538 2345 3600 venit

858 3634 935 3694 ad
986 3632 1214 3709 lucem,
1268 3642 1339 3694 ut
1386 3632 1877 3695 manifestentur
1925 3652 2114 3715 opera
2176 3635 2337 3716 ejuS,

856 3730 1006 3811 quia
1037 3730 1102 3791 in
1137 3730 1259 3793 Deo
1292 3740 1441 3792 sunt
1470 3730 1659 3793 facta.

934 3833 1065 3890 Per
1090 3832 1379 3905 sinyulos
1400 3834 1651 3905 ‚qradus
1688 3851 1851 3890 meos
1891 3832 2252 3911 corporales
2282 3840 2345 3893 et

856 3927 1241 4008 spiritualeS,
1285 3927 1583 3990 videlicet
1631 3928 1863 4008 pedum
1914 3948 1987 3991 ac
2034 3929 2340 3991 virtutum

856 4044 1136 4088 mearum
1190 4044 1522 4105 processus
1570 4033 1632 4087 et
1680 4033 1879 4104 actuS,
1908 4030 2344 4103 pronuntiabo

858 4127 1075 4191 illum,
1094 4124 1414 4203 loquendo
1435 4131 1497 4184 et
1526 4142 1677 4185 vera
1704 4142 1842 4185 csse
1875 4125 2184 4199 testando,
2202 4146 2344 4206 quae

2451 3143 2590 3224 pria
2637 3143 2880 3223 perdat.
2927 3141 3000 3202 Et
3045 3141 3306 3203 verbum
3361 3141 3529 3202 istud
3576 3140 3806 3202 alludit
3850 3141 3928 3216 ei,

2453 3242 2622 3324 quod
2655 3241 2721 3303 in
2753 3240 2982 3302 Genesi
3009 3240 3248 3303 dictum
3278 3248 3374 3302 est
3404 3239 3650 3301 homini
3684 3258 3699 3301 ε
3731 3240 3930 3313 Quum

2453 3347 2748 3420 operatus
2781 3337 2980 3399 fueris
3013 3345 3265 3414 terram,
3299 3356 3424 3400 non
3459 3336 3634 3399 dabit
3663 3338 3782 3400 tibi
3813 3338 3935 3400 fru-

2452 3445 2589 3501 ctus
2621 3455 2767 3499 suos
2793 3460 2806 3509 ;
2850 3436 2958 3497 sed
2989 3436 3204 3516 spinas
3237 3443 3299 3497 et
3326 3436 3596 3498 tribulos
3625 3437 3936 3515 germina-

2454 3537 2549 3600 bit
2576 3536 2718 3597 tibi.

2535 3634 2857 3709 Praeterea,
2892 3632 3306 3714 spiritualiter
3355 3642 3518 3695 terra
3563 3642 3782 3697 contra
3829 3635 3936 3697 do-

2454 3734 2698 3794 minum
2747 3752 2933 3793 suum
2975 3731 3228 3808 clamat,
3267 3732 3418 3793 dum
3452 3732 3686 3794 subditi
3717 3740 3935 3796 contra

2455 3832 2785 3913 praelatum
2825 3838 2937 3892 aut
2974 3830 3328 3912 principem
3371 3849 3556 3891 suum
3591 3830 3762 3910 juste
3791 3850 3937 3893 con-

2455 3936 2829 4011 queruntur,
2846 3928 2998 4008 quia
3020 3927 3305 3990 debitum
3337 3928 3684 4008 praelaturae
3705 3936 3770 3989 et
3791 3946 3937 4009 prae-

2455 4028 2742 4091 sidentiae
2763 4027 2856 4089 eis
2887 4046 3012 4089 non
3046 4026 3322 4089 exhibet.
3349 4025 3517 4088 Sulci
3551 4044 3701 4088 vero
3731 4036 3930 4096 terrae,

2454 4136 2602 4189 sunt
2621 4127 2912 4189 homines
2934 4126 3197 4187 virtuosi
3222 4124 3564 4187 virtutibus
3584 4123 3774 4185 culti:
3800 4122 3929 4203 qui,

857 4222 1017 4283 Deus
1051 4220 1117 4280 in
1147 4219 1313 4283 libro
1344 4220 1453 4283 illo
1484 4222 1957 4302 conscripserit,
1992 4242 2068 4284 cu
2073 4224 2178 4303 jus
2209 4242 2345 4286 sen·
2374 4233 2422 4293 D
2451 4228 2628 4308 juxta
2653 4226 2912 4300 Joelem‚
2943 4224 3130 4286 corda
3175 4223 3498 4285 sciderunt
3546 4220 3934 4303 poenitentiae

859 4319 1073 4380 tentiae
1102 4320 1535 4381 contradicere
1568 4320 1754 4382 nolo:
1797 4330 1854 4379 et
1886 4324 2075 4400 quasi
2096 4325 2346 4398 princi-

849 4420 928 4493 pi
953 4422 1220 4493 offeram
1249 4437 1419 4488 eum,
1464 4417 1525 4478 id
1560 4426 1677 4494 est,
1714 4418 1885 4481 hunc
1914 4418 2184 4481 offeram
2218 4421 2344 4483 Deo

858 4513 1133 4595 principi
1168 4533 1437 4590 summo,
1464 4524 1801 4577 contentus
1829 4526 2207 4599 gratumque
2237 4520 2346 4583 ha-

856 4613 1016 4674 bens
1044 4620 1114 4673 ut
1142 4630 1390 4675 mecum
1417 4614 1713 4694 procedat
1739 4616 1917 4695 juxta
1946 4634 2018 4675 ea
2046 4636 2187 4696 quae
2210 4618 2345 4699 ipse

857 4712 935 4773 de
973 4729 1074 4772 me
1114 4710 1181 4772 in
1220 4711 1386 4773 libro
1423 4712 1715 4773 asseruit.
1756 4713 1892 4774 Haec
1932 4722 2143 4775 autem
2191 4716 2348 4776 litte-

858 4808 1074 4871 raliter
1112 4810 1191 4872 de
1239 4810 1402 4873 libro
1438 4810 1845 4873 conscientiae
1884 4812 2139 4893 proprie
2181 4812 2346 4874 sumi

860 4926 986 4969 non
1038 4908 1274 4984 valent,
1308 4908 1459 4989 quia
1498 4928 1573 4969 ex
1615 4908 1728 4970 illo
1754 4909 1939 4971 alteri
1972 4909 2036 4970 in
2070 4910 2188 4972 hac
2220 4911 2347 4974 vita

859 5007 1095 5069 'veritas
1154 5024 1282 5068 non
1344 5015 1756 5068 monstratur.
1809 5006 1958 5080 Quis
2010 5008 2178 5069 enim
2232 5008 2350 5069 scit

860 5105 1015 5186 quid
1045 5112 1266 5183 agatur
1298 5105 1363 5165 in
1394 5104 1677 5179 homine,
1704 5106 1829 5166 nisi
1861 5106 2121 5187 spiritus
2152 5106 2353 5167 homi-

863 5202 962 5263 nis
986 5206 1007 5263 2
1033 5202 1213 5282 juxta
1243 5202 1637 5283 Apostolum.

906 5301 1021 5361 Si
1065 5304 1405 5360 adversum
1453 5322 1551 5360 me
1602 5312 1773 5361 terra
1816 5322 1954 5361 mea
2001 5306 2262 5372 clamat,
2293 5312 2363 5367 et,

2455 4341 2746 4396 vomere3
2791 4321 2899 4402 qui
2933 4321 3332 4402 superiorum
3365 4320 3814 4400 negligentiam
3846 4319 3935 4379 in-

2452 4421 2892 4504 justitiamque
2923 4420 3276 4499 deplorant,
3311 4418 3438 4481 imo
3477 4427 3540 4480 et
3579 4418 3729 4481 boni
3769 4436 3935 4479 com-

2453 4519 2666 4583 munis
2713 4526 2904 4597 atque
2951 4517 3304 4579 animarum
3359 4517 3605 4580 deflent
3655 4515 3934 4597 pericula

2453 4630 2516 4684 et
2545 4620 2878 4701 jacturam.
2897 4614 3062 4676 Talis
3090 4622 3301 4676 autem
3329 4613 3445 4676 Job
3474 4631 3600 4675 non
3635 4613 3779 4675 fuit.
3800 4614 3935 4675 Por-

2459 4738 2525 4780 ro
2557 4719 2799 4780 fructus
2831 4724 3012 4777 terrae
3041 4714 3282 4793 absque
3313 4711 3582 4793 pecunia
3609 4714 3818 4788 edere,
3842 4719 3934 4773 est

2457 4815 2534 4876 de
2583 4814 2766 4876 bonis
2809 4812 3104 4874 Ecclesiae
3155 4810 3518 4885 sustentari,
3563 4829 3679 4872 nec
3727 4818 3934 4871 tamen

2459 4909 2926 4993 praedicationis
2957 4910 3263 4970 talentum
3293 4907 3565 4969 subditis
3601 4907 3931 4988 impertiri,

2460 5010 2566 5072 sed
2624 5008 2912 5071 debitum
2971 5005 3181 5069 officii
3235 5026 3361 5069 non
3423 5006 3710 5088 implere.
3763 5006 3933 5080 Quod

2461 5126 2650 5187 quam
2683 5105 2952 5187 impium
2985 5104 3086 5180 sit,
3108 5105 3252 5185 quis
3285 5124 3408 5167 non
3441 5105 3769 5167 advertat?
3798 5105 3938 5167 Ani-

2461 5223 2626 5265 mam
2657 5204 2915 5265 demum
2943 5201 3360 5281 agricolarum
3401 5209 3584 5263 terrae
3623 5199 3933 5281 affligere,

2463 5309 2556 5363 est
2605 5299 2876 5364 vicarios
2927 5299 3428 5378 substitutosque
3473 5297 3793 5379 principes
3831 5318 3938 5360 seu

3255 1666 3466 1727 Valles
3522 1663 3932 1726 abundabunt
3961 1684 4178 1725 Pantul&

3973 3268 4067 3311 Gen.
4079 3268 4176 3313 12¹2:

3959 3344 4010 3373 ιιι.
4031 3332 4082 3370 Ιὸ.

3980 4241 4065 4285 Joet
4077 4254 4110 4281 ιι,
4128 4240 4173 4278 13.
