4309 6259
874 485 957 550 98
1394 507 1740 554 sumnum
1782 503 1849 552 m
1886 506 2024 554 car.
2069 504 2194 551 xxv
2239 503 2394 550 unm
2436 502 2660 557 ouium
2701 501 2925 548 neuun.
2970 523 3052 532 —
3091 502 3235 549 Anr.
3280 501 3452 548 xxvu

874 679 1113 738 nitores
1148 686 1209 737 et
1251 679 1591 754 ayricotas,
1627 675 1741 758 qui
1785 675 2007 740 vineas
2049 687 2362 754 agrosque
2393 674 2444 735 A
2473 673 2538 735 di
2569 673 2813 736 ordinis
2841 673 2943 737 vel
2975 671 3337 755 proximum
3370 671 3435 734 in
3471 670 3782 752 dignitate
3815 680 3964 753 post

875 775 1177 852 colerent,
1216 794 1295 838 ne
1328 785 1496 837 terra
1535 774 1601 836 in
1639 773 2052 837 solitudinem
2084 773 2357 848 redacta,
2472 772 2810 853 praesulem
2841 793 2857 837 ε
2893 790 3084 854 quem
3113 771 3424 854 Iosephus
3453 779 3638 834 vocat
3667 771 3964 834 sacerdo-

876 872 1241 955 sterilisque
1284 870 1543 949 effecta,
1586 891 1693 934 rex
1732 871 2067 953 Babylonis
2110 869 2358 932 nullum
2472 876 2598 932 tem
2641 870 3128 942 secundarium;
3161 879 3222 930 et
3253 880 3376 930 tres
3397 871 3744 947 janitores,
3775 869 3886 952 qui
3923 890 3962 933 a

874 989 950 1034 ex
1002 991 1079 1034 ea
1136 979 1635 1052 consequeretur
1682 970 2184 1033 emolumentum
2245 987 2362 1030 nec
2470 966 2742 1030 Ieremia
2767 969 3068 1031 dicuntur
3091 977 3217 1031 tres
3238 967 3530 1032 custodes
3559 967 3877 1045 vestibuli,
3897 977 3964 1032 et

876 1069 1210 1132 tributum.
2472 1065 2539 1126 in
2568 1064 2863 1147 Josepho,
2881 1066 3177 1128 custodes
3211 1063 3454 1146 templi.
3477 1068 3559 1126 Et
3587 1069 3668 1126 de
3695 1068 3964 1128 civitate

596 1191 845 1246 1111200511,
978 1173 1321 1230 Columnas
1368 1179 1585 1230 autem
1629 1189 1827 1230 oereas
1873 1189 2016 1248 quae
2056 1177 2246 1228 erant
2290 1170 2365 1227 in
2469 1167 2842 1225 eunuchum
2880 1185 3111 1237 unum,
3153 1167 3270 1244 qui
3307 1175 3446 1224 erat
3475 1166 3820 1242 proefectus
3853 1187 3964 1226 su-

584 1257 843 1361 :ig-23:³23}-
878 1273 1109 1347 templo
1138 1268 1428 1339 Domini,
1460 1277 1519 1328 et
1550 1270 1743 1337 bases,
1774 1277 1833 1327 et
1874 1287 2051 1326 mare
2086 1286 2364 1335 aeneum,
2467 1283 2588 1342 per
2617 1265 2944 1324 bellatores
2974 1266 3165 1324 viros.
3202 1263 3433 1344 Sicque
3463 1272 3722 1326 vocatur
3757 1283 3962 1327 eunu-

580 1347 730 1425 41242.
834 1351 845 1370 '
876 1371 1047 1447 quod
1074 1377 1213 1428 erat
1240 1369 1313 1427 in
1342 1369 1527 1427 domo
1551 1368 1844 1435 Domini,
1862 1365 1942 1428 de
1972 1365 2206 1446 quibus
2236 1383 2366 1427 om·
2473 1360 2652 1436 chuS‚
2690 1379 2817 1424 non
2857 1361 3102 1425 ratione
3141 1362 3566 1438 castrationiS‚
3601 1363 3710 1424 sed
3749 1381 3825 1426 ex
3861 1362 3962 1424 di-

876 1465 1066 1527 nibus
1096 1465 1334 1527 dietum
1357 1464 1541 1526 estin
1564 1462 1961 1545 expositione
1991 1463 2141 1525 libri
2169 1462 2360 1538 tertii,
2471 1459 2712 1536 gnitate
2761 1456 2968 1522 officii
2999 1482 3014 1533 3
3067 1459 3288 1541 sicque
3337 1459 3403 1521 in
3451 1459 3678 1524 Genesi
3726 1461 3958 1542 loseph

874 1565 1329 1642 confreyemnt
1376 1565 1683 1635 Chaldaei,
1721 1571 1793 1623 ut
1831 1562 2027 1625 fracta
2065 1560 2368 1625 conveni·
2475 1555 2706 1635 legitur
2735 1557 3030 1620 venditus
3060 1557 3383 1640 Putiphari
3415 1558 3710 1622 eunucho
3735 1559 3962 1622 Phara·
3997 1576 4178 1620 cmx
4235 1592 4270 1620 a

876 1662 1089 1726 entius
1133 1679 1349 1724 secum
1394 1661 1461 1722 in
1500 1659 1881 1742 Babylonem
1926 1657 2270 1736 deferrent,
2304 1669 2364 1720 et
2471 1654 2631 1731 oniS,
2649 1655 2924 1738 principi
2945 1657 3270 1720 exercitus
3286 1655 3398 1719 Vel
3421 1656 3577 1720 tales
3598 1657 3958 1740 principum
3997 1643 4048 1682 ¹·

879 1764 1352 1822 transtulerunt
1380 1780 1467 1821 oes
1494 1779 1679 1819 omne
1710 1760 1781 1818 in
1809 1760 2229 1835 Babylonem.
2269 1760 2366 1820 ot·
2474 1753 2770 1832 officiati,
2787 1756 3034 1820 ratione
3063 1756 3371 1820 castitatis
3399 1765 3464 1819 et
3491 1757 3840 1820 honestatis
3870 1758 3962 1821 di-

580 1875 846 1930 mamas,
878 1863 975 1920 tas
1004 1879 1251 1939 quoque
1276 1879 1497 1928 oereas,
1522 1856 1587 1918 in
1618 1855 1855 1938 quibus
1882 1874 2105 1918 carnes
2134 1873 2364 1936 coque-
2397 1861 2446 1924 Β
2472 1853 2780 1916 cebantur
2809 1855 3110 1918 eunuchi.
3131 1858 3218 1917 Et
3243 1857 3529 1936 quinque
3559 1859 3732 1918 viros
3755 1861 3834 1918 de
3853 1859 3960 1918 his

584 1941 649 1981 ⁵⁰·
876 1959 1111 2020 bantur
1157 1955 1409 2032 oblatae,
1456 1966 1515 2017 et
1560 1958 1814 2027 trullas,
1868 1954 1932 2017 id
1983 1963 2078 2017 est
2128 1954 2364 2016 instru-
2471 1955 2589 2032 qui
2615 1962 2920 2014 steterant
2939 1974 3155 2015 coram
3175 1962 3656 2036 reqe,tanquam
3687 1955 3746 2018 ei
3779 1954 3962 2018 sami-

876 2065 1090 2119 menta
1117 2055 1353 2137 quibus
1382 2054 1629 2117 cineres
1670 2052 2220 2134 congregabantur
2253 2061 2363 2114 aut
2472 2050 2682 2112 liares.
2715 2051 2782 2114 In
2812 2050 3082 2114 Jeremia
3113 2060 3324 2115 autem
3355 2052 3662 2135 scriptum
3703 2061 3800 2116 est
3831 2069 3846 2114 ε
3879 2053 3961 2115 Et
4006 2079 4118 2122 ιη,
4139 2094 4209 2127 ω,
4223 2083 4282 2124 5,

872 2841 1156 2904 rendum.
1174 2843 1327 2910 Quae
1346 2861 1562 2910 aurea,
1581 2859 1818 2900 aurea:
1835 2837 1900 2900 id
1921 2846 2238 2914 est‚aurea
2259 2858 2362 2903 va·
2461 2843 2773 2917 probabat
2806 2851 3060 2918 tyrones
3085 2845 3166 2902 de
3189 2846 3433 2921 populo
3466 2852 3671 2914 terra»,
3701 2853 3764 2904 et
3797 2864 3911 2903 sea:
3931 2845 3956 2870 *
3983 2857 4290 2916 ‘cangiaco

871 2959 941 3002 sa
970 2938 1327 3015 collocavit,
1348 2945 1411 3000 et
1430 2956 1645 3000 secum
1678 2937 1955 3019 portavit
1984 2937 2151 2998 inter
2171 2956 2360 3000 aurea
2470 2941 2644 2999 viros
2669 2960 2704 2998 e
2735 2943 2952 3016 vul90,
2972 2943 3090 3018 qui
3119 2942 3371 3001 inventi
3398 2942 3667 3018 fuerant
3698 2945 3772 3004 in
3799 2945 3958 3002 civi·-

872 3037 1296 3100 instrumenta
1322 3043 1515 3117 atque
1544 3035 1870 3110 clenodia3
1903 3041 1965 3097 et
1981 3035 2162 3116 juxta
2189 3054 2362 3098 eum·
2395 3043 2441 3107 C
2465 3049 2620 3100 tate.
2675 3041 2838 3108 Quos
2887 3043 3111 3100 tollens
3161 3041 3609 3103 Nabuzardan
3651 3044 3957 3122 princeps

870 3136 1015 3198 dem
1046 3153 1327 3211 sensum,
1352 3155 1495 3214 quoe
1513 3143 1838 3211 argentea,
1858 3155 2053 3210 aryen
2063 3144 2180 3204 tea,
2209 3138 2361 3196 tulit
2470 3139 2787 3207 militum,
2805 3139 3002 3198 duoeit
3031 3141 3121 3198 ad
3140 3157 3350 3215 reyem
3371 3141 3727 3217 Babylonis
3747 3142 3817 3201 in
3841 3145 3958 3203 Re»

862 3237 1167 3314 princeps
1204 3234 1465 3294 militioe
1494 3255 1517 3293 :
1558 3235 1631 3293 id
1672 3243 1762 3294 est
1799 3237 2133 3294 columnas
2169 3238 2361 3304 duas,
2471 3237 2710 3296 blatha.
2739 3237 3186 3316 Percussitque
3212 3255 3312 3296 eos
3344 3256 3460 3297 rex
3487 3239 3866 3315 Babylonis,
3893 3249 3958 3300 et

868 3353 1050 3394 mare
1080 3353 1314 3401 unum,
1341 3341 1401 3392 et
1430 3334 1602 3392 bases
1629 3353 1791 3411 quas
1823 3335 2061 3412 fecerat
2096 3352 2216 3392 rea:
2245 3336 2362 3394 Sa·
2471 3334 2796 3410 interfecit
2823 3353 2924 3394 eos
2943 3336 3018 3394 in
3033 3335 3378 3404 Reblatha,
3401 3336 3474 3396 in
3497 3345 3668 3396 terra
3688 3339 3954 3400 Emath.

608 3444 815 3489 metm.
870 3435 1085 3492 lomon
1115 3432 1189 3490 in
1223 3433 1451 3508 templo
1471 3430 1760 3490 Domini.
1781 3432 1931 3490 Non
1953 3440 2092 3490 erat
2102 3434 2361 3507 pondus
2470 3433 2556 3493 E't
2599 3435 2952 3492 translatus
2993 3442 3083 3493 est
3123 3435 3323 3505 Juda,
3365 3432 3486 3496 hoc
3537 3441 3634 3496 est
3679 3434 3958 3516 populus

870 3531 1021 3590 oeris
1057 3530 1354 3589 omnium
1393 3547 1719 3597 vasorum,
1749 3526 1871 3590 hoc
1913 3535 2031 3604 est,
2074 3527 2362 3608 incogni-
2471 3529 2647 3608 regni
2694 3529 2874 3604 Iuda,
2917 3527 3218 3593 videlicet
3269 3530 3474 3593 tribus
3521 3530 3701 3609 Iuda,
3749 3531 3958 3595 tribus

874 3636 1009 3689 tum
1044 3625 1167 3688 l'uit
1195 3645 1327 3708 prae
1356 3625 1523 3688 mole
1551 3625 2011 3706 magnitudinis
2042 3645 2115 3689 ac
2144 3627 2362 3689 multi·
2469 3627 2822 3709 Benjamin,
2859 3627 3191 3708 tribusque
3221 3628 3396 3706 Levi,
3419 3632 3499 3690 de
3531 3639 3704 3691 terra
3729 3651 3871 3692 sua.

876 3725 1117 3788 tudinis
1160 3743 1329 3798 suae3
1379 3723 1480 3789 vel
1525 3742 1639 3805 per
1682 3723 2073 3805 hyperbolen
2115 3725 2357 3788 dictum
2547 3729 2800 3803 Populo
2823 3736 3038 3788 autem
3069 3728 3187 3804 qui
3212 3729 3478 3788 relictus
3507 3738 3648 3789 erat
3677 3730 3752 3790 in
3785 3739 3958 3790 terra

580 3843 838 3887 malms.
872 3831 969 3888 est
998 3824 1140 3886 hoc.
1176 3827 1401 3884 Decem
1439 3832 1500 3883 et
1539 3832 1671 3882 octo
1709 3823 1951 3882 cubitos
1978 3825 2360 3886 altitudinis
2465 3827 2872 3903 Juda,quem
2889 3827 3228 3886 dimiserat
3243 3827 3822 3888 Nabuchodonosor
3841 3849 3959 3888 rex

873 2155 1257 2218 eruebantur
1285 2153 1368 2215 dc
1398 2152 1517 2215 sub
1538 2151 1721 2214 altari
1743 2150 2284 2229 holocaustorum,
2303 2162 2363 2212 et

876 2256 1201 2324 tridentes,
1226 2251 1347 2314 hoe
1377 2258 1473 2315 est
1506 2250 1881 2326 fuscinulas,
1902 2259 1963 2310 et
1992 2253 2284 2328 scyphos,
2303 2261 2362 2312 et

874 2353 1279 2420 mortariola,
1294 2359 1355 2411 et
1382 2351 1605 2410 omnia
1638 2369 1791 2408 vasa
1817 2369 2012 2417 aerea,
2031 2350 2105 2408 in
2128 2351 2363 2428 quibus

872 2451 1357 2519 ministrabant,
1394 2451 1685 2508 tulerunt
1702 2471 1729 2518 ,⁰
1766 2466 2009 2506 necnon
2050 2456 2110 2506 et
2154 2448 2364 2507 tlzuri-

873 2551 1027 2608 bula
1056 2557 1115 2607 et
1134 2548 1417 2624 phialas.
1442 2545 1529 2606 De
1556 2544 1791 2626 quibus
1820 2543 2120 2606 omnibus
2149 2542 2363 2626 proeal-

874 2645 1079 2725 legato
1112 2642 1298 2706 tertio
1316 2641 1485 2705 libro
1508 2642 1751 2705 dictum
1775 2649 1871 2704 est
1900 2641 2053 2704 satis
2080 2661 2095 2706 :
2122 2642 2364 2705 idcirco

874 2761 1003 2806 non
1025 2743 1208 2805 decet
1237 2741 1341 2803 hic
1364 2740 1713 2816 immorari,
1732 2741 1843 2802 sed
1867 2739 2023 2801 illuc
2042 2748 2139 2802 est
2161 2759 2363 2803 recur-

870 3925 1135 3986 ltabebat
1152 3925 1455 3982 columna
1476 3941 1631 3992 una,
1644 3931 1703 3980 et
1722 3922 2099 3998 capitellum
2116 3943 2359 3984 oereum

868 4043 1061 4102 super
1078 4043 1143 4082 se
1163 4021 1541 4082 altitudinis
1566 4022 1768 4080 trium
1788 4021 2170 4092 cubitorum,
2193 4032 2252 4082 et
2270 4044 2360 4082 re-

869 4125 1203 4190 tiaculum,
1221 4130 1281 4179 et
1300 4123 1758 4196 maloqranata
1772 4137 1965 4194 super
1982 4121 2359 4196 capitellum

2471 2158 2714 2231 septem
2747 2150 2920 2215 viros
2947 2150 3062 2232 qui
3091 2151 3392 2214 videbant
3421 2150 3648 2215 faciem
3678 2151 3865 2232 regis,
3893 2152 3960 2214 id

2471 2257 2587 2326 est,
2621 2249 2681 2314 ei
2721 2248 3104 2312 familiarius
3141 2259 3332 2331 atque
3377 2249 3776 2333 frequentius
3813 2252 3964 2314 ade-

2473 2356 2615 2409 rant
2643 2371 2658 2422 3
2711 2349 2822 2410 sed
2875 2367 3180 2411 numerus
3228 2348 3440 2411 minor
3498 2368 3625 2412 non
3679 2349 3961 2412 excludit

2470 2447 2777 2528 majorem
2817 2463 2832 2507 :
2866 2454 2928 2508 et
2960 2444 3229 2508 forsitan
3258 2444 3548 2528 quinque
3573 2456 3756 2510 erant
3786 2448 3962 2530 prin-

2470 2543 2831 2626 cipaliores,
2863 2552 3121 2626 propter
3151 2546 3323 2626 quod
3352 2545 3816 2628 exprimuntur,
3837 2546 3960 2620 Qui

2471 2651 2776 2706 steterant
2802 2661 3015 2706 coram
3047 2661 3215 2723 rege.
3237 2647 3404 2713 Quos
3431 2647 3669 2722 reperit
3699 2650 3772 2706 in
3800 2647 3962 2706 civi·

2473 2751 2638 2814 tate,·
2677 2752 2737 2803 et
2784 2745 3030 2820 Sopher
3065 2744 3431 2822 principem
3467 2747 3805 2818 exercitus,
3837 2747 3960 2825 qui

2465 3925 2849 4000 Babylonis,
2901 3921 3146 3986 scilicet
3203 3921 3486 4004 praefatis
3539 3925 3954 4007 pauperibuS,

2467 4020 2904 4103 operariisque
2930 4021 3183 4098 Judaeis,
3201 4023 3499 4100 proefecit
3521 4025 3858 4086 Godotiam
3885 4031 3959 4104 fi-

2469 4121 2635 4179 lium
2665 4121 2964 4190 Atticam,
2996 4121 3132 4198 ficii
3169 4122 3466 4196 Saphan.
3499 4119 3636 4196 Qui,
3677 4128 3751 4184 ut
3789 4123 3960 4186 Jose-

868 4223 1207 4288 cotumnoe,
1229 4219 1448 4278 omnia
1479 4237 1668 4278 oerea.
1704 4217 2003 4279 Similem
2032 4226 2091 4277 et
2119 4222 2360 4280 colum·
2393 4223 2442 4286 D
2469 4217 2634 4299 phus
2678 4225 3086 4299 protestatur,
3121 4215 3248 4279 fuit
3289 4217 3390 4280 vir
3431 4219 3640 4300 justus
3679 4228 3743 4282 et
3784 4239 3958 4283 man-

868 4337 958 4377 na
984 4319 1265 4376 secunda
1293 4317 1561 4376 habebat
1591 4325 1917 4376 ornatum.
1960 4314 2133 4376 Istud
2174 4315 2360 4379 intel-

874 4413 1200 4494 ligendum
1230 4421 1327 4474 est
1354 4413 1433 4475 de
1470 4411 1715 4475 duabus
1757 4410 2093 4493 praecipuis
2133 4414 2357 4496 templi

870 4510 1189 4576 columnis
1223 4526 1238 4572 ε
1271 4511 1351 4573 de
1378 4529 1647 4592 quarum
1682 4509 1966 4587 materia,
1996 4507 2224 4590 forma,
2260 4532 2360 4576 or-

871 4619 1047 4686 natu,
1081 4609 1457 4691 quantitate,
1496 4616 1561 4670 et
1595 4608 1943 4671 eminentia
1979 4609 2222 4672 dictum
2261 4621 2360 4676 est

870 4715 1171 4793 praetacto
1208 4707 1397 4771 tertio
1434 4707 1697 4786 Regum,
1732 4706 1842 4770 ubi
1883 4715 1946 4770 et
1976 4711 2356 4774 concordata

870 4816 1042 4884 sunt,
1077 4825 1218 4888 quae
1258 4807 1337 4868 de
1375 4805 1493 4868 hac
1535 4825 1601 4868 re
1640 4805 1937 4868 videntur
1977 4806 2044 4869 in
2082 4807 2354 4873 diversis

870 4906 1213 4987 Scripturae
1242 4903 1399 4968 locis
1428 4905 1511 4966 ab
1540 4904 1814 4968 invicem
1847 4905 2199 4970 dissonare.

938 5007 1114 5066 Tulit
1134 5023 1401 5084 quoque,
1416 5003 1535 5065 hoc
1556 5011 1667 5077 est,
1687 5003 2035 5084 captivavit
2055 5012 2119 5065 et
2138 5023 2355 5067 secum

870 5103 1073 5181 duxit,
1100 5105 1402 5182 princeps
1440 5103 1699 5161 mitittoe
1728 5103 2041 5164 Saraiam
2070 5107 2358 5164 sacerdo-

876 5215 997 5266 tem
1021 5205 1339 5280 primum,
1374 5199 1439 5261 id
1469 5208 1566 5262 est
1596 5199 1992 5280 pontificem,
2027 5211 2087 5262 et
2116 5203 2359 5278 Sopho-

872 5305 1057 5364 niam
1076 5303 1461 5362 sacerdotem
1478 5302 1762 5358 sec-undu
1770 5321 1854 5370 m,
1874 5299 1993 5362 hoc
2022 5307 2119 5364 est
2138 5319 2362 5364 secun-

2467 4325 2685 4379 suetus
2720 4339 2736 4390 3
2797 4325 2862 4378 et
2919 4316 3298 4398 praepositus
3359 4315 3511 4394 fuit,
3574 4325 3644 4381 ut
3702 4318 3956 4401 plebem

2469 4415 2872 4497 superstitem
2903 4415 3312 4495 gubernaret,
3329 4415 3592 4497 regique
3619 4417 3958 4500 Babylonis

2468 4513 2706 4576 tributa
2735 4513 3008 4577 solveret
3040 4513 3318 4593 regionis
3357 4514 3482 4576 sibi
3522 4514 3603 4577 ab
3641 4514 3756 4579 illo
3786 4537 3958 4581 com-

2467 4612 2698 4674 missae.
2727 4615 2910 4681 Quod
2937 4632 3140 4692 quum
3171 4613 3505 4673 audissent
3533 4633 3746 4676 omnes
3764 4619 3958 4677 duoes

2469 4714 2785 4781 militum,
2815 4710 2927 4792 qui
2968 4709 3088 4772 sub
3130 4709 3424 4792 principe
3463 4709 3710 4775 militiae
3747 4723 3952 4792 erant,

2467 4817 2529 4872 et
2574 4809 2738 4872 inter
2787 4808 3024 4871 milites
3069 4807 3376 4890 praecipui
3425 4827 3499 4871 ac
3542 4810 3956 4891 praesidentes

2465 4905 2872 4990 quibusdam,
2909 4915 3128 4988 utpote
3159 4905 3528 4984 millenarii,
3561 4907 3958 4990 quinquage—

2471 5005 2656 5080 narii,
2691 5007 2821 5084 ipsi
2848 5015 2908 5065 et
2937 5007 3072 5065 viri
3101 5007 3220 5084 qui
3245 5025 3394 5066 cum
3426 5007 3585 5084 ipsis
3611 5017 3821 5078 erant,
3841 5008 3956 5089 qui

2469 5103 2714 5166 scilicet
2743 5121 2970 5165 manus
3007 5111 3339 5167 evaserant
3367 5101 3827 5180 Chaldaeorum,
3863 5109 3959 5166 vi-

2467 5204 2694 5263 delicet
2745 5205 2918 5281 quod
2965 5203 3390 5262 constituisset
3437 5221 3556 5262 rem
3604 5205 3958 5280 Babylonis

2471 5302 2836 5370 Godoliam,
2873 5307 3168 5380 tanquam
3219 5298 3602 5381 principem,
3644 5299 3750 5362 cui
3789 5309 3960 5366 terra
