4309 6259
1369 509 1718 560 ENARRATIO
1761 510 1824 556 m
1865 510 2001 558 car.
2049 511 2088 554 v
2128 510 2254 557 son.
2300 530 2381 541 -
2420 512 2563 558 aar.
2608 512 2691 557 xv
3448 492 3566 557 383

444 685 570 740 tur
601 678 722 741 tibi
761 699 800 742 a
838 681 966 745 Deo
1007 700 1088 743 ne
1126 700 1348 762 pereas
1392 680 1583 743 fame.
1627 684 1710 743 Et
1739 683 1814 743 in
1845 682 1967 741 bel·
1994 680 2045 741 A
2074 687 2235 741 stam
2284 698 2540 742 causam
2587 679 2925 755 habebant,
2978 688 3043 741 et
3088 678 3563 742 sceleratissimi

441 780 548 849 lo,
581 781 664 838 de
709 798 914 839 manu
951 782 1196 857 yladii,
1238 779 1302 840 id
1347 786 1464 855 est,
1513 779 1566 841 si
1613 778 1678 841 in
1721 777 1964 841 bellum
2074 778 2443 859 praevalent,
2477 776 2643 840 sicut
2671 786 2735 840 et
2764 776 2887 839 filii
2916 777 3243 858 Benjamin
3274 777 3373 839 bis
3407 796 3567 860 prae-
3617 798 3858 847 audian.

439 874 897 954 descenderiS,
932 896 1058 940 non
1091 877 1419 958 permittet
1449 886 1510 939 te
1543 878 1703 939 Deus
1733 876 1960 939 occidi.
2075 876 2413 939 valuerunt
2442 884 2664 939 contra
2704 874 2875 939 filios
2906 875 3114 938 Israel.
3149 875 3267 939 Sed
3311 885 3375 939 et
3409 875 3568 957 justi
3599 864 3739 906 ¹⁸³³·

437 972 608 1037 Haec
639 983 734 1037 θεῖ
777 974 1105 1038 tribulatio
1136 976 1438 1039 secunda.
1477 977 1562 1038 De
1607 975 1790 1038 tortia
1825 975 1966 1037 sub-
2073 976 2575 1039 detractionibus
2625 976 2987 1040 invidorum
3029 976 3315 1058 quotidie
3357 994 3569 1040 corro-

437 1072 642 1135 ditur
681 1091 696 1135 :
738 1076 798 1135 A
839 1076 1098 1151 flayello
1143 1076 1386 1151 linyuae
1433 1075 1860 1143 absconderiS,
1901 1072 1964 1134 id
2074 1074 2333 1150 duntur,
2366 1082 2429 1137 et
2461 1076 2689 1138 ceteris
2727 1074 3215 1139 adversitatibus
3250 1076 3381 1155 jam
3413 1093 3568 1156 prae-

437 1180 584 1247 est,
625 1172 1140 1253 persecutionem
1167 1170 1513 1234 verborum
1539 1171 1619 1233 ab
1655 1170 1798 1233 aliis
1837 1189 1964 1233 non
2077 1171 2226 1233 fatis
2283 1173 2467 1236 electi
2517 1193 2554 1235 a
2602 1173 2887 1255 reprobis
2944 1181 3339 1250 exercentur,
3390 1173 3570 1253 juxta

439 1270 755 1351 patieriS,
791 1270 1094 1334 videlicet
1132 1269 1618 1346 detractionem,
1659 1269 1963 1346 convitia,
2075 1271 2246 1351 quod
2279 1271 2585 1353 scriptum
2616 1281 2711 1335 est
2744 1272 2809 1334 in
2840 1291 3059 1335 eorum
3092 1291 3395 1354 persona:
3422 1271 3569 1345 Quo-
3596 1295 3856 1346 amnas

439 1367 856 1447 diffamiam.
909 1369 1124 1431 Justus
1180 1368 1376 1441 enim,
1438 1387 1715 1449 vereque
1770 1367 1970 1449 poeni·
2078 1368 2249 1431 niam
2284 1378 2631 1452 propterte
2661 1370 3129 1434 mortificamur
3159 1379 3286 1433 tota
3316 1371 3441 1433 die.

445 1474 638 1543 tenS,
677 1466 855 1547 digni
895 1475 1046 1529 sunt
1087 1466 1405 1542 laudibuS‚
1449 1466 1970 1547 exemplaresque
2163 1467 2397 1530 Deinde
2427 1468 2690 1549 Eliphaz
2721 1469 2991 1551 spondet
3020 1470 3202 1532 beato
3229 1469 3345 1531 Job
3375 1469 3571 1531 abun-

437 1563 640 1625 aliis.
673 1564 814 1627 Ideo
841 1565 936 1627 eis
968 1582 1097 1628 non
1128 1564 1364 1627 debent
1392 1563 1734 1627 verborum
1775 1562 1971 1626 infer-
2079 1564 2363 1627 dantiam
2395 1566 2706 1629 bonorum
2739 1576 2883 1649 post
2910 1566 3336 1630 sublationem
3375 1567 3572 1630 malo-

443 1682 536 1725 re
581 1663 964 1725 molestiam.
1007 1663 1185 1725 Unde
1230 1662 1714 1726 Ecclesiasticus
1761 1662 1918 1725 dicit
1951 1680 1964 1723 ε
2079 1682 2233 1725 rum.
2254 1666 2385 1725 Sed
2413 1685 2561 1725 cum
2591 1668 2919 1742 lapidibus
2946 1668 3283 1743 reqionum
3306 1676 3573 1744 pactum

53 1784 394 1832 scamma.
441 1762 512 1823 A
548 1761 780 1842 laqueo
811 1760 1046 1842 linguae
1078 1761 1316 1843 iniquae
1347 1760 1629 1824 liberasti
1661 1780 1784 1823 me.
1827 1760 1969 1823 Haec
2086 1771 2298 1831 tuum,
2330 1761 2394 1824 id
2424 1771 2540 1839 θεῖ,
2576 1770 2757 1825 terrae
2788 1782 3025 1826 saxosae
3062 1772 3250 1827 erunt
3291 1764 3403 1826 tibi
3443 1763 3577 1825 fru-

443 1859 590 1921 tria
613 1858 878 1941 Eliphaz
896 1859 1430 1935 commemoravit,
1446 1858 1745 1940 quoniam
1769 1858 1970 1921 fames
2011 1866 2057 1927 B
2084 1858 2346 1937 ctiferae,
2390 1861 2573 1941 quasi
2624 1861 2833 1924 foedus
2879 1862 3179 1925 amicitiae
3228 1871 3435 1925 tecum
3480 1862 3576 1924 in-

439 1965 730 2020 causata
778 1966 874 2020 est
917 1966 1140 2021 sancto
1182 1958 1300 2021 Job
1342 1976 1419 2020 ex
1462 1957 1784 2020 ablatione
1828 1957 1972 2019 sub·
2084 1958 2295 2020 ierint.
2331 1960 2421 2022 lta
2458 1960 2719 2041 exponit
2756 1959 3049 2023 Thomas,
3088 1960 3389 2043 Quodque
3430 1960 3573 2023 sub-

439 2056 762 2131 stantiae3
806 2055 1074 2132 bellum,
1114 2056 1270 2138 quia
1294 2055 1572 2119 Chaldaei
1606 2063 1827 2119 eontra
1857 2074 1972 2118 sua
2078 2055 2391 2136 jungitur,
2442 2067 2501 2118 et
2551 2060 2761 2120 bestiae
2809 2069 2993 2120 terroe
3032 2063 3326 2138 pacificoe
3380 2071 3573 2121 erunt

439 2164 599 2217 tres
650 2164 891 2218 turmas
937 2153 1230 2219 fecerunt
1264 2179 1278 2229 ;
1328 2154 1656 2236 flagellum
1709 2154 1965 2235 linguae,
2082 2156 2221 2227 tibi,
2256 2156 2518 2237 exponit
2556 2158 2635 2219 de
2669 2156 2895 2233 brutiS,
2928 2158 3097 2238 quod
3136 2158 3194 2221 ei
3234 2177 3573 2221 nocumen-

440 2272 544 2317 ex
597 2253 991 2336 improperio
1043 2254 1360 2335 conjugis,
1403 2256 1490 2315 Ει
1540 2274 1670 2317 non
1722 2256 1971 2315 timebis
2080 2262 2215 2315 tum
2265 2273 2393 2317 non
2443 2254 2743 2319 inferent.
2787 2256 3080 2319 Albertus
3132 2276 3302 2334 vero,
3345 2276 3459 2339 per
3493 2258 3573 2319 la·

437 2355 938 2423 calamitatem,
970 2353 1032 2415 id
1073 2362 1169 2417 est
1195 2353 1442 2421 cladem
1475 2353 1969 2435 pestilentialem
2080 2351 2263 2433 pides
2292 2360 2493 2429 terrae,
2530 2352 2831 2434 intelligit
2864 2355 3034 2417 viros
3073 2364 3456 2431 constanteS,
3490 2356 3573 2418 ob

438 2450 606 2513 sive
655 2450 977 2530 hostilem,
1017 2474 1221 2532 quum
1260 2455 1505 2513 venerit
1543 2452 1710 2529 aliis,
1760 2460 1968 2515 certus
2079 2450 2277 2512 animi
2323 2449 2708 2515 soliditatem
2752 2452 2841 2515 sic
2883 2453 3109 2531 dictoS,
3153 2472 3297 2515 cum
3338 2454 3572 2535 quibus

439 2551 546 2613 de
591 2549 990 2631 protectione
1031 2551 1274 2615 divina.
1316 2551 1460 2613 Haec
1503 2561 1599 2615 est
1640 2550 1968 2613 tribulatio
2078 2548 2201 2610 erit
2230 2548 2290 2610 ei
2323 2557 2577 2630 pactum
2611 2550 2864 2612 socialis
2893 2559 3083 2633 atque
3113 2550 3401 2633 pacificae
3429 2570 3574 2614 con-

437 2656 716 2730 quarta.
751 2648 925 2711 Alias
955 2650 1114 2712 duas
1145 2658 1432 2730 tangenS,
1467 2649 1798 2731 subjungit
1835 2667 1848 2711 :
1885 2653 1968 2711 In
2076 2647 2501 2722 versationis;
2548 2668 2662 2731 per
2708 2649 2945 2712 bestias
2990 2658 3226 2725 autem,
3270 2650 3573 2732 intelligit

441 2750 794 2820 vastitate,
821 2748 884 2809 id
917 2756 1012 2811 est
1043 2746 1070 2809 f
1075 2757 1367 2810 ructuum
1399 2748 1836 2811 devastatione
1867 2748 1966 2813 vel
2078 2745 2365 2808 crudeles
2396 2746 2532 2810 sive
2566 2756 2889 2828 tyrannos,
2928 2751 3009 2809 Et
3034 2751 3216 2819 scies,
3246 2767 3357 2830 per
3388 2768 3575 2831 expe-

441 2845 806 2909 hominum
846 2846 1288 2929 oppressione,
1331 2857 1390 2907 et
1432 2848 1608 2924 fame
1646 2846 1796 2908 inde
1824 2864 1968 2928 pro-
2078 2842 2393 2921 rientiam,
2408 2849 2580 2924 quod
2592 2866 2816 2923 pacem
2836 2848 3066 2908 habeat
3086 2851 3575 2910 tabernaculum

438 2945 763 3020 cedente,
807 2946 1076 3015 ridebis,
1115 2944 1180 3007 id
1222 2953 1340 3023 est,
1387 2946 1566 3008 laetus
1613 2944 1762 3023 eriS,
1814 2944 1967 3026 quia
2079 2952 2288 3015 tuum,
2345 2943 2409 3004 id
2456 2951 2572 3021 est,
2622 2943 2848 3006 domus
2896 2952 3004 3006 tua
3050 2945 3171 3007 erit
3220 2946 3456 3026 quieta,
3508 2954 3573 3009 et

440 3043 724 3106 nullum
775 3042 1042 3107 istorum
1089 3052 1245 3107 tunc
1289 3043 1572 3126 patieris.
1607 3043 1726 3107 Sed
1765 3064 1964 3125 quum
2000 3046 2044 3108 C
2077 3040 2239 3104 bene
2268 3041 2575 3124 disposita
2609 3042 2673 3104 in
2714 3044 3025 3124 personiS,
3063 3043 3253 3106 rebus
3282 3052 3345 3106 et
3376 3043 3573 3106 fabri-

437 3142 767 3225 superius
808 3143 1093 3226 posuerit
1122 3142 1357 3206 famem
1391 3161 1504 3225 pro
1533 3142 1738 3225 prima
1769 3143 1970 3205 tribu-
2076 3140 2206 3215 cis;
2237 3150 2294 3199 et
2326 3144 2601 3202 visitans
2632 3144 2902 3219 speeiem
2932 3152 3128 3213 tuam,
3149 3143 3213 3205 id
3243 3151 3344 3206 est·
3370 3143 3575 3225 proxi-

441 3241 732 3318 latione,
753 3261 860 3305 cur
879 3261 1050 3305 nunc
1081 3260 1222 3305 eam
1253 3242 1519 3304 resumit
1549 3251 1609 3305 et
1640 3241 1820 3324 ponit
1851 3259 1968 3324 pro
2077 3259 2254 3301 mum
2298 3247 2473 3302 tuum
2510 3258 2621 3302 seu
2656 3240 2993 3321 conjugem
3032 3241 3319 3322 ejusdem
3366 3250 3572 3305 tecum

437 3342 688 3403 sexta?
715 3340 791 3401 Et
822 3341 1352 3421 respondendum,
1370 3340 1540 3421 quod
1573 3340 1661 3403 ibi
1695 3340 1970 3403 sumitur
2078 3338 2312 3420 speciei
2362 3338 2793 3415 exsistentem,
2826 3360 2957 3401 non
2990 3344 3304 3417 pecc-abia,
3336 3341 3575 3403 inordi-

441 3440 678 3501 fames
711 3457 824 3521 pro
855 3458 952 3515 ea,
987 3457 1128 3520 quae
1157 3446 1498 3519 generatur
1525 3458 1600 3501 ex
1628 3448 1810 3503 terra)
1843 3447 1969 3502 ste·
2079 3446 2225 3500 nate
2257 3446 2316 3500 te
2344 3438 2423 3499 ad
2453 3456 2560 3501 eos
2592 3437 2907 3515 habendo,
2934 3439 3043 3502 sed
3074 3441 3422 3503 moderate.
3444 3441 3577 3518 Vel,

439 3536 746 3611 rilitate3
777 3536 883 3600 hic
912 3556 1027 3619 pro
1058 3557 1153 3615 ea,
1187 3556 1332 3619 quae
1371 3538 1833 3601 concomitatur
1863 3557 1971 3600 va-
2078 3536 2357 3599 Visitans
2402 3536 2679 3618 speciem
2728 3544 2921 3613 tuam,
2960 3538 3022 3599 id
3068 3546 3163 3601 est
3203 3539 3573 3603 divitiarum

437 3635 752 3699 stitatem
796 3644 978 3699 terrae
1021 3636 1104 3699 ab
1143 3636 1462 3698 hostibus,
1502 3636 1645 3700 Haec
1683 3636 1806 3699 tria
1849 3636 1970 3698 Eli·
2079 3645 2141 3698 et
2190 3654 2399 3699 rerum
2447 3636 2765 3713 decorem,
2812 3655 2938 3699 non
2978 3637 3272 3719 peccabis
3314 3658 3427 3721 per
3478 3659 3578 3701 su-

439 3734 636 3818 phaz
664 3732 842 3811 dixit,
879 3734 1184 3815 quoniam
1217 3734 1340 3796 filii
1371 3743 1434 3797 et
1463 3734 1618 3798 filiae
1646 3735 1761 3798 Job
1789 3744 1970 3798 erant
2079 3733 2405 3815 per-fluum
2448 3732 2753 3797 affectum
2792 3735 2869 3796 ad
2913 3735 3083 3797 talia.
3120 3740 3203 3797 Ec
3239 3738 3395 3797 scies
3422 3758 3578 3817 quo-

441 3832 594 3895 sibi
630 3840 890 3914 repente
919 3832 1139 3909 ablati,
1173 3833 1340 3895 sicut
1381 3833 1445 3895 in
1475 3833 1875 3914 pestilentia3
1908 3841 1972 3897 et
2079 3836 2264 3894 niam
2304 3835 2651 3909 multiplea:
2690 3835 2816 3893 erit
2853 3841 3315 3907 sementinam,
3350 3836 3411 3897 id
3452 3844 3569 3912 est,

441 3931 779 4013 quoniam
808 3930 978 3993 bona
1009 3932 1146 4012 ejus
1167 3940 1350 3994 erant
1372 3951 1410 3994 a
1436 3931 1744 3995 Chaldaeis
1777 3941 1839 3995 et
1870 3932 1972 3995 Sa·
2082 3930 2209 3992 filii
2265 3931 2352 3992 tui
2402 3930 2587 3993 multi
2632 3939 2820 3993 erunt
2858 3940 2922 3994 et
2962 3931 3272 4012 plurimos
3312 3950 3575 4013 genera-

437 4029 628 4094 baeis
657 4037 922 4105 vastata,
956 4048 1032 4092 ex
1060 4048 1187 4111 qua
1221 4048 1288 4091 re
1327 4030 1518 4092 etiam
1549 4030 1818 4111 penuria
1847 4030 1970 4093 sibi
2080 4028 2262 4106 bunt,
2296 4040 2355 4090 ec
2379 4032 2716 4107 proyenies
2744 4040 2855 4091 tua
2885 4030 3003 4093 erit
3035 4030 3271 4107 virenS,
3300 4030 3573 4094 fecunda

439 4136 689 4194 exorta
715 4136 831 4190 est.
857 4132 940 4191 Et
959 4130 1186 4188 bestias
1209 4138 1394 4190 terroe
1412 4148 1541 4189 non
1562 4129 1968 4206 formidabis,
2082 4136 2144 4190 et
2173 4128 2461 4209 pulchra,
2478 4130 2645 4188 sicut
2666 4130 2689 4154 ¹*
2718 4131 2911 4190 herba
2946 4140 3149 4191 ierroe.
3177 4132 3572 4207 Inyredieris
3627 4157 3645 4177 ·
3672 4159 3803 4213 quem·

441 4228 626 4311 quia
657 4245 916 4290 securus
947 4225 1098 4302 eriS,
1123 4227 1293 4307 quod
1327 4245 1443 4289 nec
1475 4225 1615 4303 tibi,
1646 4245 1762 4289 nec
1793 4227 1973 4292 sobo-
2004 4235 2053 4296 D
2083 4230 2157 4288 in
2199 4229 2609 4288 abundantia
2646 4232 3041 4306 sepulcrum,
3073 4228 3138 4291 id
3179 4238 3297 4305 est,
3341 4229 3575 4312 plenus

441 4328 504 4391 li
541 4334 660 4389 aut
683 4323 966 4401 familiai,
993 4344 1106 4387 seu
1133 4324 1435 4405 gregibus
1469 4324 1593 4387 tuis
1627 4325 1968 4388 nocebunt.
2082 4325 2327 4387 divitiis
2367 4325 2660 4389 morieris
2692 4345 2765 4389 ac
2796 4326 3145 4409 sepelieris,
3178 4330 3345 4389 sicut
3374 4330 3578 4407 infer·-

543 4424 862 4505 Denique‚
893 4422 1086 4488 verba
1129 4422 1264 4486 haec
1292 4422 1554 4505 Eliphaz
1585 4424 1663 4486 ad
1696 4424 1970 4487 litteram
2084 4434 2193 4485 tur
2229 4445 2493 4485 acervus
2534 4427 2741 4486 tritici
2778 4427 2851 4486 in
2892 4434 3167 4503 tempore
3202 4448 3338 4497 sue,
3379 4427 3441 4489 id
3482 4438 3580 4491 est

433 4523 852 4608 generaliter
909 4530 1078 4585 stare
1140 4541 1270 4585 non
1325 4532 1615 4603 possunt.
1673 4521 1970 4596 Quamvis
2085 4531 2368 4605 tempore
2412 4522 2795 4585 maturitatis
2838 4544 2949 4587 seu
2988 4526 3237 4602 messiS‚
3282 4526 3369 4589 ita
3406 4529 3577 4609 quod

439 4623 794 4687 interdum
835 4621 1166 4701 contingat
1201 4621 1430 4703 justos,
1465 4640 1576 4684 seu
1614 4641 1728 4703 pcr
1767 4622 1972 4704 poeni-
2079 4631 2227 4685 ante
2257 4622 2645 4704 decrepitam
2674 4631 3065 4687 senectutem
3100 4644 3228 4688 non
3260 4626 3572 4689 morieris,

439 4720 738 4786 tentiam
767 4719 1160 4795 emendatoS,
1196 4718 1278 4781 ab
1306 4718 1408 4781 his
1439 4718 1577 4783 erui
1606 4718 1813 4796 maliS‚
1841 4737 1968 4783 non
2078 4719 2259 4783 Circa
2300 4719 2469 4800 quod
2517 4718 2741 4783 scribit
2784 4719 3079 4783 Albertus
3124 4739 3138 4783 :
3183 4723 3461 4788 Acervus
3502 4744 3577 4787 ex

439 4828 684 4884 autem
725 4836 980 4900 semper
1029 4818 1121 4879 sic
1163 4818 1242 4878 fit
1276 4834 1290 4879 :
1325 4817 1453 4879 imo
1493 4835 1660 4899 saepe
1701 4818 1968 4881 virtuosi
2079 4818 2299 4881 multis
2360 4818 2706 4899 colligitur,
2770 4827 2832 4881 et
2891 4819 3172 4882 triticum
3233 4822 3573 4902 pretiosius

443 4921 604 4983 haec
637 4917 984 4999 patiuntur,
999 4915 1214 4978 vitiosi
1247 4934 1396 4979 vero
1425 4915 1506 4977 ab
1534 4914 1625 4977 eis
1655 4916 1968 4979 immunes
2078 4935 2347 4997 granum
2396 4925 2514 4979 est.
2556 4916 2633 4977 Et
2678 4916 2816 4981 vult
2864 4916 3095 4994 dicere,
3136 4918 3307 4999 quod
3350 4918 3575 4982 merita

113 5049 384 5096 icona,
441 5024 642 5091 aunt.
675 5015 828 5078 Nam
872 5022 938 5077 et
977 5013 1318 5096 Apostolus
1363 5014 1452 5075 ait
1488 5030 1502 5074 :
1533 5013 1861 5075 Esurimus
1907 5023 1970 5077 et
2079 5013 2441 5093 cumulabit,
2460 5024 2523 5077 et
2553 5015 2618 5076 in
2650 5023 2884 5077 aeterna
2914 5015 3035 5077 erit
3067 5016 3411 5080 refectione
3443 5036 3577 5100 pre·

77 5116 154 5153 ¹¹·
441 5115 744 5179 sitimuS.
793 5112 1102 5194 Multique
1144 5122 1492 5194 martyrum
1533 5130 1608 5174 ac
1649 5113 1967 5193 justorum
2079 5113 2569 5176 tiosissimorum
2630 5113 2966 5176 bonorum.
3018 5113 3195 5176 Unde
3252 5114 3571 5193 AlbertuS,

441 5212 702 5279 afflicti
739 5220 854 5274 aut
889 5211 1084 5275 etiam
1125 5210 1440 5292 perempti
1479 5218 1629 5273 sunt
1668 5209 1857 5273 fame.
1901 5212 1966 5274 In
2079 5219 2389 5293 quantum
2446 5212 2526 5272 ad
2580 5209 2722 5286 hoc,
2777 5211 3077 5273 subtilius
3136 5213 3575 5277 considerasse

439 5310 706 5399 praeliis
753 5329 1012 5392 quoque
1057 5309 1380 5372 interdum
1431 5308 1670 5371 cadunt
1718 5310 1830 5390 qui
1868 5310 1971 5391 ju·
2077 5318 2373 5373 censetur
2402 5317 2683 5372 mentem
2721 5308 3072 5373 amicorum
3099 5311 3239 5389 Job,
3272 5314 3445 5393 quod
3474 5332 3577 5375 as-
