4309 6259
555 1268 690 1311 Ρνοο.
707 1282 735 1319 ι,
753 1271 820 1311 23.

631 2258 650 2277 ⁶
677 2260 795 2315 prius

852 478 972 543 490

1673 497 2023 545 ENARRATIO
2065 498 2127 543 IN
2171 498 2307 544 ΕΔΒ.
2356 496 2466 543 xm
2505 496 2630 545 108.
2674 516 2755 527 --
2796 497 2939 545 ΛΒΤ.
2983 497 3134 545 XXXI

853 685 1026 743 suoS,
1061 669 1284 732 doctus
1323 679 1385 733 et
1423 671 1702 752 prudens
1743 678 1858 733 est.
1893 668 2132 732 Stultus
2174 668 2229 731 si
2258 678 2345 731 ta-
2374 670 2425 733 A
2452 668 2621 747 dam,
2670 688 2813 751 quae
2862 678 3123 735 vocatur
3172 688 3585 752 personarum
3626 669 3939 749 acceptio,

853 766 1076 843 cuerit,
1113 768 1367 850 sapiens
1399 770 1818 851 reputabitur.

931 869 1175 927 Audite
1211 888 1359 944 eryo
1397 870 1820 948 correptiones
1857 889 2044 929 meae.
2077 866 2237 943 Quia
2268 886 2343 930 ex

853 964 1114 1028 caritate
1158 985 1270 1029 vos
1313 986 1508 1047 arguo
1551 969 1629 1030 dc
1672 986 1933 1031 excessu
1974 967 2339 1043 verborum,

853 1064 931 1125 de
976 1062 1254 1127 salsitate
1298 1065 1680 1143 intellectuS,
1713 1067 1791 1129 de
1834 1066 2142 1148 pravitate
2187 1064 2346 1128 affe-

853 1169 1015 1224 ctuS.
1061 1162 1164 1226 Sic
1205 1171 1267 1227 et
1312 1163 1634 1246 Sapientia
1680 1165 1770 1227 ait
1816 1166 1881 1226 in
1932 1164 2287 1229 Proverbiis
2324 1182 2339 1226 :

850 1260 1310 1324 Convertimini
1348 1263 1424 1324 ad
1461 1263 1926 1345 correptionem
1971 1281 2219 1337 meam3
2263 1282 2342 1325 en

852 1358 1171 1440 proferam
1213 1360 1393 1425 vobis
1435 1362 1730 1443 spiritum
1773 1381 2004 1424 meum.
2045 1365 2130 1424 Ec
2152 1364 2345 1439 judi—

851 1462 1029 1519 cium
1072 1462 1392 1521 labiorum
1429 1483 1740 1532 meorum,
1771 1462 1834 1524 id
1878 1469 1994 1537 est,
2026 1461 2343 1541 judicium

857 1557 1345 1638 reprobationis,
1379 1578 1508 1640 quo
1540 1579 1652 1641 per
1691 1579 1904 1623 veram
1937 1560 2341 1641 prudentiam

852 1674 1063 1718 errare
1112 1674 1222 1719 vos
1267 1657 1506 1738 judicO,
1562 1658 1754 1739 idque
1809 1677 1922 1741 per
1986 1657 2154 1721 labia
2203 1678 2341 1720 mea

855 1754 1184 1831 denuntio,
1226 1760 1560 1827 attendite,
1611 1775 1739 1819 non
1789 1757 2002 1819 statim
2053 1776 2127 1819 ex
2181 1756 2345 1817 indi-

2454 778 2516 832 et
2549 767 2648 845 fit,
2673 770 2823 831 dum
2857 770 3001 851 quis
3033 768 3437 832 manifestam
3468 767 3739 849 alicujus
3759 767 3949 850 justi-

2455 868 2607 930 tiam
2652 878 2837 949 negat
2874 887 2985 932 seu
3024 867 3318 950 despicit,
3353 867 3587 929 intuitu
3626 866 3949 947 magnitu—

2452 966 2623 1028 dinis
2658 966 2921 1029 alterius
2951 966 3169 1047 partiS.
3196 964 3399 1039 Quum
3429 984 3579 1046 ergo
3610 964 3802 1027 amici
3828 964 3948 1027 Job

2454 1065 2859 1128 manifestam
2899 1066 3036 1145 ejus
3070 1065 3382 1146 justitiam
3424 1064 3735 1144 negarint,
3770 1083 3951 1127 eum-

2452 1184 2579 1245 que
2608 1163 2970 1226 damnarint
2990 1163 3125 1228 solo
3157 1163 3391 1225 intuitu
3411 1164 3647 1226 divinae
3664 1162 3949 1244 Justitiae,

2452 1262 2749 1345 quoniam
2772 1263 3119 1325 secundum
3140 1263 3432 1343 dogmata
3452 1282 3566 1324 sua
3586 1262 3802 1326 videre
3824 1280 3945 1325 non

2454 1370 2769 1443 poterant,
2824 1361 3141 1443 quomodo
3194 1360 3371 1425 salva
3408 1360 3623 1425 divina
3666 1361 3940 1441 justitia,

2454 1460 2592 1542 ipsc
2619 1460 2733 1523 Job
2771 1461 2941 1542 juste
2970 1480 3007 1521 a
3035 1461 3160 1522 Deo
3201 1459 3633 1540 flagellaretur
3663 1458 3789 1521 nisi
3819 1459 3946 1522 cul-

2453 1579 2550 1641 pae
2590 1579 2719 1622 suae
2755 1560 3106 1635 demerit03
3140 1559 3521 1623 videbantur
3558 1558 3789 1621 faciem
3831 1578 3943 1621 seu

2454 1676 2793 1740 personam
2812 1658 2923 1721 Dei
2953 1658 3261 1740 accipere.
3282 1657 3435 1720 Nam
3468 1666 3530 1720 ct
3552 1657 3949 1738 praeinducta

2454 1756 2799 1838 magnifica
2817 1757 2897 1819 de
2926 1757 3279 1837 majestate,
3296 1756 3593 1837 aequitate
3612 1764 3677 1819 et
3702 1755 3949 1838 sapien-

853 1853 1154 1933 gnatione
1203 1855 1396 1917 verba
1445 1874 1585 1918 mea
1644 1874 1819 1918 more
1869 1856 2339 1937 impatientium
2380 1858 2425 1918 B
2454 1856 2542 1918 tia
2576 1855 2703 1932 Dei,
2729 1856 2911 1935 quasi
2944 1855 3353 1931 blandiendo,
3379 1864 3640 1937 propter
3667 1854 3788 1917 hoc
3818 1854 3948 1916 dis-

849 1953 1220 2029 aversan-do,
1247 1954 1356 2016 sed
1376 1972 1450 2016 ea
1479 1954 1797 2036 sapienter
1828 1955 2177 2036 pensando.
2202 1954 2343 2017 Por-

851 2068 942 2125 r0,
978 2052 1324 2114 secundum
1355 2052 1746 2133 Gregorium,
1785 2053 1946 2115 bene
1983 2053 2191 2135 primo
2232 2072 2343 2135 po-

2453 1955 2767 2031 serebant,
2804 1972 2882 2017 ne
2912 1955 3075 2017 Deus
3106 1953 3428 2017 videretur
3457 1953 3731 2034 injustus
3765 1953 3947 2017 inno-

2450 2064 2667 2119 centes
2699 2057 3035 2138 plagando.
3059 2056 3219 2119 Hinc
3240 2056 3567 2121 subditur:
3586 2068 3646 2116 ec
3672 2076 3791 2133 pro
3811 2060 3942 2119 Deo

853 2148 946 2210 nit
990 2150 1478 2232 correptionem,
1516 2152 1746 2215 deinde
1789 2152 2100 2234 judicium
2140 2170 2153 2213 :
2190 2152 2343 2232 quia
2434 2158 2747 2233 judicare
2776 2157 3105 2225 nitimini,
3135 2155 3199 2217 id
3230 2164 3347 2231 est,
3380 2155 3723 2236 judicando
3752 2174 3943 2218 cona-

851 2248 974 2309 nisi
1007 2268 1119 2329 per
1145 2250 1578 2331 correptiones
1609 2251 1891 2333 primus*
1919 2250 2096 2312 stulti
2131 2260 2340 2313 tumor

847 2346 1265 2428 deprimatur,
1287 2367 1692 2431 nequaquam
1718 2369 1828 2431 per
1851 2348 2338 2429 intelligentiam

846 2445 1164 2525 judicium
1193 2446 1350 2526 justi
1381 2448 1806 2527 cognoscitur.

919 2548 1261 2623 Numquid
1279 2549 1450 2607 Deus
1473 2549 1722 2624 indz‘yel
1745 2557 1946 2607 vestro
1969 2550 2339 2609 mendacio?

848 2642 910 2704 id
945 2650 1060 2719 est,
1087 2644 1165 2705 ad
1196 2642 1633 2708 defensionem
1669 2664 1798 2707 suae
1824 2644 2087 2726 justitiae
2121 2664 2247 2709 non
2278 2646 2339 2708 ei

850 2760 1110 2805 necesse
1141 2750 1236 2804 est
1265 2752 1334 2804 ut
1365 2762 1479 2805 vos
1510 2742 1851 2825 proferatis
1883 2745 2207 2820 mendosa,
2243 2764 2339 2806 as—

847 2843 1116 2905 serendo
1158 2840 1409 2903 nullum
1448 2862 1485 2903 a
1517 2842 1642 2904 Deo
1690 2842 2026 2924 flagellari,
2063 2843 2186 2905 nisi
2223 2863 2337 2925 pro

847 2940 1109 3022 propria
1137 2940 1325 3021 culpa
1361 2956 1375 3001 :
1411 2960 1484 3002 ex
1517 2959 1645 3021 quo
1688 2941 1854 3003 ultra
1883 2942 2227 3022 proceditis
2258 2942 2335 3005 ad

2450 2254 2609 2316 mini
2632 2255 2827 2316 Deum
2855 2253 3213 2334 justificare
3243 2272 3356 2335 per
3375 2272 3793 2334 quaecumque
3812 2273 3944 2317 me-

2448 2353 2556 2415 dia
2599 2360 2661 2414 et
2710 2351 2911 2414 falsa?
2942 2352 3115 2432 quod
3158 2351 3283 2414 Deo
3334 2370 3461 2415 non
3511 2352 3736 2432 placet,
3783 2370 3942 2432 quo-

2449 2451 2619 2513 niam
2670 2449 2915 2512 falsitas
2957 2449 3255 2532 displicet
3292 2450 3351 2512 ei
3394 2449 3632 2532 jugiter
3682 2460 3941 2532 propter

2448 2568 2515 2611 se
2561 2549 2788 2631 ipsam,
2834 2568 3031 2629 quum
3079 2548 3162 2610 sit
3201 2548 3557 2630 obliquatio
3602 2556 3799 2629 atque
3844 2568 3941 2611 re—

2446 2667 2661 2711 cessus
2706 2666 2742 2709 a
2780 2647 3067 2710 veritate.

2526 2745 2715 2808 Porro
2749 2743 3087 2826 Gregorius
3130 2743 3392 2825 exponit
3436 2743 3571 2806 haec
3610 2742 3815 2819 aliter,
3846 2742 3941 2803 di-

2447 2861 2596 2907 cens
2631 2862 2645 2904 :
2681 2843 2929 2906 Faciem
2966 2842 3078 2905 Dei
3114 2842 3427 2923 accipere,
3469 2851 3565 2904 est
3601 2841 3939 2905 auctorita-

2448 2951 2574 3005 tem
2608 2941 2811 3023 ipsius
2842 2942 2909 3003 in
2936 2941 3279 3023 judicando
3311 2960 3655 3017 assumere,
3681 2940 3801 3003 hoc
3820 2948 3933 3015 ffit,

849 3036 1073 3099 falsam
1107 3038 1545 3101 innocentium
1577 3046 1767 3120 atque
1799 3040 2116 3120 justorum
2153 3060 2337 3103 accu-
2372 3041 2415 3103 C
2445 3040 2628 3121 quasi
2676 3039 2895 3103 divina
2952 3039 3325 3102 auctoritate
3382 3057 3493 3101 seu
3553 3038 3619 3100 in
3668 3057 3941 3120 persona

845 3134 1179 3213 sationem,
1213 3155 1410 3217 quum
1454 3137 1611 3199 tales
1664 3138 2033 3218 adspiciatis
2076 3137 2331 3220 affligi3

845 3245 917 3295 ut
941 3254 1062 3312 pro
1093 3238 1208 3295 illo
1238 3238 1604 3314 loquamini
1621 3236 1899 3308 dolos,id
1932 3245 2028 3300 est
2047 3246 2334 3299 versutas

843 3353 916 3396 ac
949 3332 1386 3396 fraudulentas
1430 3334 1897 3417 propositiones
1938 3337 2014 3398 ad
2054 3337 2336 3400 coloran-

843 3434 993 3495 dum
1015 3441 1222 3495 vestra
1245 3433 1594 3495 mendacia.
1620 3433 1921 3515 Denique,
1949 3434 2184 3497 veritas
2206 3454 2333 3498 non

843 3539 983 3610 eget
1023 3531 1377 3608 mendacio,
1413 3532 1577 3594 sicut
1622 3551 1738 3595 nec
1779 3532 1984 3595 virtus
2028 3542 2329 3615 peccat03

841 3638 904 3691 ct
935 3631 1106 3711 quod
1154 3630 1408 3711 probari
1449 3648 1576 3693 non
1611 3631 1778 3693 valet
1823 3631 1946 3693 nisi
1987 3650 2099 3713 per
2139 3632 2331 3693 falsas

844 3729 1222 3810 praemissa3‚
1276 3748 1496 3793 verum
1564 3747 1692 3791 non
1751 3738 1868 3792 est.
1922 3728 2122 3803 Quum
2182 3750 2332 3793 vero

839 3827 986 3909 quis
1015 3828 1294 3909 aliquam
1330 3826 1672 3890 falsitatem
1714 3827 1984 3909 probare
2023 3838 2085 3891 et
2115 3829 2334 3891 defen-

841 3946 980 3990 sare
1021 3935 1307 4002 conatur,
1346 3925 1773 3988 fraudulentis
1818 3928 1912 3989 uti
1957 3926 2186 3990 mediis
2235 3947 2333 3991 so-

841 4026 949 4089 let.
974 4026 1060 4087 lta
1090 4024 1280 4087 amici
1311 4024 1448 4100 lob,
1469 4033 1538 4086 ut
1571 4044 1750 4087 suam
1778 4025 2197 4089 assertionem
2230 4028 2331 4089 de-

842 4123 1206 4198 fenderent,
1272 4123 1611 4204 ipsumque
1666 4123 1782 4186 Job
1843 4125 2332 4205 comprobarent

2444 3140 2577 3215 Dei,
2614 3158 2728 3221 per
2769 3138 3027 3201 modum
3076 3156 3204 3219 quo
3248 3138 3493 3220 judicat
3542 3138 3725 3213 DeuS‚
3767 3135 3937 3199 ferre

2444 3237 2779 3318 judicium.
2806 3238 2968 3299 Deus
2989 3236 3161 3298 enim
3194 3236 3285 3298 sic
3314 3236 3766 3317 judicat,quod
3798 3236 3937 3317 ipse

2446 3336 2537 3398 nil
2588 3334 3093 3417 reprehensibile
3141 3334 3205 3396 in
3256 3354 3325 3396 se
3380 3334 3593 3411 habet,
3636 3335 3807 3415 quod
3850 3332 3935 3395 ab

2443 3434 2662 3515 aliquo
2708 3433 3028 3515 judicetur
3064 3451 3078 3494 :
3114 3432 3353 3514 sicque,
3398 3433 3745 3495 secundum
3790 3430 3937 3494 Gre—

2442 3533 2715 3613 gorium‚
2766 3532 2955 3594 amici
3002 3531 3119 3595 Job
3170 3532 3306 3613 ejus
3356 3549 3551 3612 opera
3598 3530 3938 3611 reprehen-

2443 3632 2705 3707 derunt,
2767 3650 2839 3693 ac
2896 3630 2949 3690 si
3008 3630 3130 3711 ipsi
3199 3627 3703 3711 reprehensibile
3768 3628 3933 3689 nihil

2440 3730 2770 3792 haberent.
2818 3729 3104 3811 Insuper,
3152 3746 3267 3810 pro
3312 3728 3438 3790 Deo
3484 3727 3791 3808 judicare,
3829 3734 3936 3793 est

2441 3828 2705 3890 alterius
2736 3827 3023 3890 desectus
3067 3827 3207 3889 sine
3248 3826 3689 3907 compassione
3730 3825 3937 3887 discu-

2443 3934 2573 3989 tere
2618 3933 2681 3987 et
2728 3926 3029 3987 damnare
3075 3941 3089 3985 :
3130 3924 3301 4005 quod
3348 3923 3539 3985 amici
3568 3922 3684 3986 Job
3718 3922 3936 3985 viden·

2443 4033 2545 4087 tur
2587 4024 2839 4101 fecisse,
2877 4024 3029 4105 quia
3072 4025 3229 4085 dure
3272 4031 3335 4085 et
3378 4022 3697 4085 invective
3736 4022 3931 4085 locuti

2440 4132 2591 4185 sunt
2629 4130 2848 4186 contra
2887 4141 3055 4185 eum.
3091 4122 3253 4184 Dicit
3296 4128 3507 4183 autem
3540 4120 3875 4201 Gregorius
3914 4138 3929 4181 :

841 4222 1174 4303 injustum,
1205 4221 1526 4284 cautelose
1547 4230 1833 4301 egerunt,
1857 4223 2216 4286 extollendo
2237 4224 2331 4286 di·
2363 4219 2410 4279 D
2439 4221 2614 4284 Illius
2638 4220 2837 4283 solius
2858 4230 2954 4283 est
2976 4229 3233 4303 peccata
3254 4220 3585 4284 hominum
3610 4220 3747 4281 sinc
3766 4238 3935 4283 com-

839 4320 1054 4381 vinam
1089 4318 1574 4401 perfectionem,
1597 4328 1660 4383 et
1691 4321 2084 4384 ostendendo
2111 4321 2331 4384 buma-

840 4436 984 4478 nam
1041 4416 1590 4481 defectuositatem
1630 4436 1642 4479 :
1678 4438 1754 4481 ex
1801 4418 2034 4500 quibus
2077 4419 2331 4481 conclu·

841 4523 1060 4576 serunt
1108 4514 1278 4577 beati
1323 4514 1440 4577 Job
1488 4515 1902 4597 impietatem,
1939 4516 2123 4598 quasi
2167 4518 2329 4580 Deus

840 4633 954 4696 per
985 4613 1254 4693 gratiam
1286 4633 1672 4695 praeservarc
1693 4615 2017 4678 hominem
2042 4633 2169 4678 non
2193 4634 2331 4696 pos-

840 4718 934 4774 set
965 4731 1002 4773 a
1032 4710 1218 4774 ruina
1249 4730 1363 4793 per
1394 4712 1671 4794 culpam.

921 4812 1264 4890 Numquid
1292 4813 1530 4890 faciem
1566 4812 1708 4888 ejus
1746 4813 2092 4888 accipitis?
2121 4811 2186 4873 id
2216 4820 2326 4887 est,

841 4909 904 4971 in
940 4910 1182 4991 judicio
1217 4910 1360 4986 isto,
1395 4928 1524 4991 quo
1562 4910 1726 4972 inter
1757 4910 1952 4971 Deum
1989 4919 2052 4972 et
2094 4930 2199 4973 me
2234 4911 2332 4992 ju-

839 5008 1087 5084 dicatiS,
1114 5007 1296 5069 illum
1329 5007 1667 5083 laudandO,
1693 5027 1794 5071 me
1823 5009 2326 5085 condemnandO,

2440 4319 2735 4401 passione
2766 4318 3105 4395 discutere,
3130 4318 3241 4400 qui
3273 4337 3349 4380 ex
3369 4326 3611 4381 naturae
3640 4337 3766 4381 suae
3796 4336 3933 4381 om-

2442 4418 2799 4500 nipotentia
2846 4418 3047 4480 nescit
3094 4436 3377 4499 peccare.
3432 4416 3731 4479 Homines
3778 4435 3933 4480 vero

2440 4516 2593 4597 justi
2644 4536 2843 4597 quum
2895 4535 3236 4597 pravorum
3295 4514 3461 4578 facta
3518 4516 3928 4597 redarguunt,

2442 4634 2571 4678 suae
2622 4633 2873 4695 semper
2916 4612 3318 4676 infirmitatis
3356 4613 3620 4690 conscii,
3656 4632 3763 4675 eos
3808 4614 3931 4675 etsi

2441 4714 2717 4778 exterius
2753 4712 3096 4790 saeviendo,
3130 4722 3339 4776 tamen
3379 4712 3647 4775 interius
3676 4731 3932 4794 compa-

2443 4813 2659 4875 tiendo
2690 4812 3099 4892 redarguunt.

2538 4916 2675 4971 Aut
2724 4913 3006 4988 placebit
3061 4918 3270 4973 vester
3329 4910 3727 4972 inordinatus
3785 4928 3933 4991 pro-

2441 5028 2657 5073 cessus
2699 5008 2763 5070 in
2802 5008 3170 5089 judicando,
3202 5010 3262 5067 ei
3299 5029 3487 5088 quem
3518 5012 3725 5069 celare
3754 5010 3933 5069 nihil

841 5105 1068 5168 faciem
1099 5106 1206 5167 Dei
1239 5124 1351 5167 seu
1374 5105 1570 5167 Deum
1604 5106 1842 5187 ubique
1874 5115 2244 5188 praesentem
2270 5117 2333 5170 et
2435 5117 2661 5185 potest,
2697 5106 2758 5168 id
2800 5114 2895 5168 est
2936 5106 3062 5168 Deo
3106 5105 3322 5167 omnia
3361 5104 3790 5168 infallibiliter
3826 5124 3935 5168 co-

839 5203 1056 5267 omnia
1095 5202 1473 5278 intuentem,
1508 5202 1874 5284 approbatis
1916 5212 1978 5265 et
2015 5204 2333 5285 justifica-

843 5300 922 5365 tis
953 5319 1069 5383 per
1099 5300 1636 5365 inordinationem
1672 5300 1737 5362 in
1770 5300 2014 5381 judicio
2041 5302 2332 5365 devitan-

2440 5203 2806 5285 gnoscenti2
2827 5205 3147 5267 Interdum
3170 5202 3342 5266 cnim
3363 5202 3552 5265 alicui
3575 5204 3780 5285 placet
3800 5223 3935 5267 cau-

2445 5324 2531 5368 sae
2570 5322 2698 5367 suae
2732 5302 3047 5379 defensio,
3084 5302 3377 5383 quamvis
3410 5301 3494 5363 sit
3530 5302 3790 5383 injusta,
3826 5303 3931 5367 vel
