4309 6259
84 1965 217 2005 Num.
232 1977 343 2005 xxii·

72 2042 178 2069 xxiv.

96 3742 345 3791 Eceli.1.15.

104 4713 197 4769 Sap.
213 4731 265 4768 vi,
284 4722 351 4763 ΞΟ.

130 4910 195 4953 Ρε,
210 4928 271 4957 ιιι.
292 4916 331 4956 9..

1183 510 1529 555 ENARRATIO
1574 510 1635 556 IN
1678 510 1815 556 cal».
1859 509 2057 556 XXXIII
2097 510 2223 555 1013.
2269 530 2350 539 —
2390 512 2531 556 ΛΒΤ.
2579 512 2678 557 LXI

3353 490 3466 553 661

372 675 611 751 somni,
649 679 720 737 in
766 680 1013 739 visione
1053 679 1427 759 imaginaria
1471 700 1582 743 seu
1634 680 1877 743 intelle·
1904 679 1954 741 A
1983 680 2144 760 ejuS,
2181 699 2260 742 ne
2293 689 2568 743 transeat
2597 680 2663 742 in
2693 680 2999 759 gladium,
3033 680 3097 741 id
3127 686 3245 755 est,
3277 697 3358 741 ne
3380 678 3472 740 in-

370 773 596 847 ctuali,
631 792 742 836 seu
794 796 871 838 ex
918 785 1187 859 utraque
1226 778 1589 854 commixta,
1625 790 1877 839 noctur-

369 892 485 941 na,
520 871 584 933 id
634 882 753 949 est,
799 893 943 955 quae
989 875 1068 936 fit
1108 876 1173 937 in
1224 885 1433 951 nocte,
1484 895 1712 959 sopore
1764 896 1872 939 seu

366 970 555 1047 gravi
606 990 832 1035 somno
886 972 953 1035 in
1006 975 1296 1037 homines
1354 976 1675 1049 irruente3
1724 986 1877 1035 tunc

372 1068 541 1129 Deus
586 1088 704 1150 per
742 1090 830 1147 se,
864 1071 968 1134 vel
1004 1072 1433 1135 ministerium
1477 1075 1869 1153 angelorum,

371 1169 591 1243 aperit
620 1168 959 1231 interiores
998 1192 1189 1231 aures
1232 1175 1545 1243 virorum,
1579 1172 1875 1235 videlicet

374 1264 861 1344 imaginativam
892 1276 953 1329 et
997 1269 1475 1347 intellectivam,
1514 1271 1749 1351 quibus
1780 1271 1874 1331 in—

372 1362 613 1425 teriora
662 1364 859 1427 verba
914 1368 1415 1449 percipiuntur,·
1433 1368 1869 1450 proferuntur,

374 1471 755 1539 noscuntur,
789 1464 955 1527 sicut
993 1466 1054 1527 in
1099 1466 1263 1528 libro
1308 1468 1387 1529 de
1416 1466 1723 1529 Trinitate
1755 1468 1875 1529 Au-

371 1560 674 1637 gustinus
703 1562 997 1625 deducit:
1022 1564 1307 1627 virorum
1336 1565 1653 1646 (inquam)
1687 1565 1876 1628 virtu-

376 1666 439 1719 te
457 1658 830 1735 virentium,
850 1661 1097 1723 scilicet
1116 1663 1562 1737 virtuosorum,
1582 1662 1873 1744 quamvis

374 1756 703 1818 interdum
745 1776 821 1820 ex
864 1760 1126 1840 speciali
1174 1761 1651 1842 dispensatione
1687 1769 1748 1823 ct
1782 1781 1875 1823 ra-

1982 778 2151 839 cidat
2186 779 2250 840 in
2298 778 2501 840 divini
2547 779 2772 860 judicii
2811 778 3297 853 districtionem,
3345 794 3474 858 poe-

1983 896 2127 937 nam
2180 896 2251 939 ac
2299 877 2794 941 damnationem.
2825 877 3004 939 Unde
3051 875 3344 957 superius
3385 875 3472 936 ait

1978 975 2093 1038 Job
2130 992 2144 1036 ε
2180 975 2356 1037 Ultor
2389 975 2799 1056 iniquitatum
2829 975 3078 1056 gladius
3109 982 3224 1037 est.

2059 1073 2271 1149 Porr0,
2294 1075 2642 1136 secundum
2670 1073 3020 1149 Albertum,
3045 1073 3121 1134 ad
3154 1072 3318 1133 hanc
3339 1090 3474 1132 eru-

1982 1172 2289 1235 ditionem
2353 1191 2692 1253 supernam
2745 1172 3071 1235 reducitur
3119 1169 3329 1233 omnis
3380 1169 3475 1230 in-

1983 1270 2249 1332 structio
2290 1290 2432 1351 quae
2478 1269 2554 1331 fit
2597 1289 2710 1351 per
2739 1270 3179 1333 vehementem
3212 1286 3250 1329 a
3277 1266 3476 1330 sensi-

1983 1368 2220 1430 bilibus
2242 1368 2731 1432 abstractionem
2754 1368 2996 1431 homini
3021 1386 3132 1449 per
3151 1366 3474 1429 oraculum

1984 1467 2081 1528 vel
2106 1486 2220 1548 per
2235 1466 2546 1529 visionem
2581 1466 3013 1542 revelationiS,
3047 1466 3183 1529 sive
3215 1464 3329 1526 fiat
3361 1484 3475 1545 per

1984 1566 2166 1643 signa
2204 1565 2372 1636 coeli,
2409 1566 2545 1627 sive
2576 1585 2689 1647 per
2729 1565 3011 1645 angeIOS‚
3051 1564 3186 1627 sive
3224 1582 3336 1645 per
3379 1563 3476 1623 in·-

1983 1662 2396 1743 spirationem
2428 1663 2857 1725 immediatam
2887 1682 2924 1725 a
2953 1662 3078 1724 Deo
3113 1680 3126 1723 :
3161 1669 3223 1723 et
3241 1660 3348 1723 vix
3379 1670 3476 1723 est

1984 1760 2174 1823 homo
2205 1761 2316 1841 qui
2349 1780 2476 1823 non
2506 1761 2722 1841 aliquo
2753 1761 2978 1823 borum
3011 1761 3341 1823 modorum
3373 1760 3476 1821 ad-

372 1854 555 1917 tione
604 1874 716 1917 seu
768 1858 1040 1920 consilio
1086 1858 1217 1929 Dei,
1270 1860 1459 1923 etiam
1511 1860 1757 1922 vitiosis
1808 1861 1871 1921 id
1910 1856 2318 1921 Bmoneatur
2366 1860 2446 1921 de
2493 1859 2749 1935 futuriS‚
2805 1867 2873 1919 ut
2919 1858 3074 1921 dicit
3115 1857 3360 1920 Tullius
3409 1858 3473 1919 in

376 1952 515 2029 l'iat,
562 1962 633 2015 ut
676 1964 850 2035 patet
898 1956 964 2018 in
1010 1958 1258 2020 Balaam
1296 1977 1309 2019 :
1342 1978 1534 2039 quem
1566 1958 1625 2020 S.
1664 1959 1873 2021 {liero—

376 2071 611 2134 nymus
661 2062 724 2115 et
780 2054 891 2116 alii
942 2056 1129 2118 multi
1180 2065 1407 2137 putant
1456 2056 1655 2121 fuisse
1703 2057 1871 2119 hunc

374 2149 544 2211 Eliu.
575 2154 659 2212 Et
687 2156 990 2214 erudiens
1018 2175 1117 2215 eos
1151 2156 1569 2217 instructione
1600 2156 1867 2230 interna,

373 2252 653 2309 instruit
692 2268 799 2312 eos
836 2254 1211 2329 disciplina,
1256 2254 1319 2315 id
1368 2262 1463 2315 est
1509 2254 1873 2335 cognitione

372 2366 488 2409 seu
519 2348 883 2411 eruditione
914 2351 1323 2431 agendorum,
1359 2352 1655 2415 videlicet
1686 2352 1873 2432 perti-

374 2453 570 2508 nente
602 2446 680 2507 ad
712 2464 952 2520 mores;
990 2448 1119 2509 imo
1149 2449 1337 2511 etiam
1377 2449 1743 2530 frequenter
1773 2469 1875 2513 co-

374 2543 670 2623 gnitione
715 2546 1109 2625 speculativa
1140 2555 1197 2609 et
1239 2548 1467 2609 notitia
1512 2548 1873 2610 futurorum

375 2642 637 2723 penitus
666 2644 1199 2723 contingentium.
1234 2646 1346 2708 Hic
1380 2655 1587 2710 tamen
1624 2647 1875 2729 potissi-

376 2759 478 2802 me
527 2740 813 2821 loquitur
856 2743 935 2803 de
980 2742 1399 2807 instructione
1445 2746 1690 2808 morali.
1727 2747 1875 2808 Nam

376 2838 675 2900 subditur
712 2858 725 2900 :

472 2941 547 2997 Ut
576 2948 826 2998 avertat
862 2940 1181 3000 hominem
1207 2944 1285 3001 ab
1314 2943 1417 3001 his
1444 2963 1586 3021 quoe
1614 2944 1789 3019 fecit,
1810 2942 1871 3003 id

1984 1956 2148 2020 libro
2204 1957 2282 2019 de
2329 1958 2731 2021 Divinatione
2785 1966 2847 2019 et
2905 1966 3126 2019 natura
3185 1957 3472 2019 deorum.

1980 2054 2124 2116 Ideo
2153 2074 2412 2136 quoque
2451 2056 2590 2116 Elin
2623 2056 2732 2129 ait,
2766 2056 2842 2116 Ut
2870 2063 3114 2117 avertat
3150 2054 3472 2118 hominem

1982 2154 2061 2216 ab
2092 2154 2194 2215 his
2223 2174 2366 2235 quae
2409 2154 2580 2231 fecit,
2622 2154 2774 2235 quia
2820 2153 3258 2235 peccatoribus
3300 2153 3476 2214 terri-

1981 2252 2135 2314 bilia
2177 2252 2426 2315 somnia
2469 2253 2675 2315 solent
2713 2272 3067 2315 occurrere.
3101 2251 3471 2332 Alluditque

1982 2351 2040 2413 ei
2081 2352 2248 2432 quod
2280 2370 2473 2433 supra
2500 2352 2660 2413 dixit
2686 2351 2803 2415 Job
2833 2351 2959 2413 Deo
2997 2368 3010 2411 :
3044 2350 3334 2412 Terrebis
3367 2368 3470 2411 mc

1982 2469 2095 2530 per
2142 2449 2412 2511 somnia.
2465 2450 2578 2511 Per
2633 2451 2801 2529 quod
2852 2451 2988 2532 ipse
3044 2448 3186 2509 Eliu
3243 2448 3472 2529 pungit

1979 2546 2095 2609 Job
2130 2566 2142 2609 ε
2177 2548 2362 2628 quasi
2410 2548 2600 2623 dicat,
2635 2548 2776 2609 Ideo
2809 2547 3030 2609 terruit
3069 2554 3131 2607 te
3175 2565 3286 2627 per
3315 2564 3472 2608 som-

1982 2646 2111 2721 nia,
2148 2655 2217 2707 ut
2255 2648 2580 2709 recederes
2627 2666 2664 2708 a
2703 2655 2807 2708 tua
2847 2644 3110 2707 malitia.
3145 2645 3295 2707 Item
3338 2644 3474 2705 haec

1982 2745 2090 2819 ait,
2125 2752 2196 2806 ut
2236 2745 2462 2806 innuat
2499 2745 2672 2825 quod
2706 2745 2868 2807 Deus
2908 2762 3020 2825 per
3058 2742 3374 2805 somnium
3411 2742 3470 2804 ei

1982 2842 2134 2903 satis
2195 2843 2544 2924 respondit,
2610 2842 3008 2905 immittendo
3069 2840 3126 2905 ei
3189 2840 3471 2904 visiones

1982 2939 2344 3003 horribilcS.

374 3045 471 3099 est
514 3036 793 3117 peccatis
838 3038 1221 3112 commissis,
1257 3050 1315 3097 et
1356 3043 1574 3099 liberet
1617 3062 1759 3100 eum
1798 3044 1876 3099 de
1906 3033 1949 3096 C
2062 3038 2242 3102 Circa
2294 3039 2645 3122 praehabita
2694 3038 2916 3101 scribit
2959 3038 3160 3101 multa
3209 3038 3476 3121 pulchra

372 3138 703 3212 superbia,
735 3135 800 3197 id
833 3144 951 3211 est,
976 3137 1054 3198 ad
1086 3136 1511 3199 humilitatem
1548 3139 1870 3220 perducat,

374 3235 452 3296 ad
498 3253 695 3314 quam
748 3234 939 3297 homo
992 3243 1166 3297 tanto
1214 3235 1562 3317 perfectius
1613 3237 1878 3319 profun-

374 3332 653 3412 diusque
701 3332 1093 3413 perducitur,
1145 3342 1386 3414 quanto
1434 3336 1706 3416 desuper
1752 3336 1877 3397 cla-

378 3430 511 3491 rius
552 3429 931 3491 illustratur.
973 3430 1346 3511 Specialiter
1384 3451 1661 3513 quoque,
1707 3442 1877 3515 post-

375 3546 573 3608 quam
605 3528 1031 3589 communiter
1059 3528 1241 3604 dixit,
1268 3529 1519 3591 Avertat
1552 3530 1874 3593 hominem

376 3626 459 3687 ab
491 3625 592 3686 his
617 3644 759 3705 quae
786 3624 961 3698 fecit,
983 3627 1295 3709 expressit
1324 3628 1685 3709 superbiam
1714 3647 1727 3690 :
1756 3630 1878 3711 pri-

378 3743 508 3800 mo,
530 3724 683 3804 quia
714 3724 1015 3806 superbia
1038 3726 1327 3788 omnium
1356 3728 1555 3807 origO‚
1576 3737 1767 3809 caput
1794 3738 1879 3790 at-

376 3840 507 3902 que
552 3821 771 3901 regina
817 3830 913 3883 est
957 3823 1295 3899 vitiorum3
1328 3826 1629 3901 secundO,
1667 3834 1733 3887 ut
1784 3827 1876 3887 in-

376 3919 663 3979 sinuaret
695 3918 905 4001 ipsum
946 3921 1060 3983 Job
1098 3922 1430 4003 potissime
1469 3931 1869 3999 excaecatum,

374 4018 551 4100 quod
585 4018 829 4081 scilicet
873 4020 1065 4081 nimis
1102 4022 1309 4100 justus
1337 4030 1398 4083 et
1428 4021 1681 4103 sapiens
1710 4030 1875 4084 esset

376 4118 443 4178 in
476 4117 683 4179 oculis
722 4118 878 4193 suis,
916 4118 1187 4198 ideoque
1226 4128 1475 4200 putaret
1526 4139 1593 4182 se
1634 4120 1874 4201 absque

1983 3140 2346 3219 Gregorius.
2372 3138 2525 3200 Nam
2557 3157 2748 3220 super
2770 3138 2952 3215 illud,
2984 3137 3098 3200 Per
3129 3137 3474 3214 somnium,

1986 3247 2132 3315 etc.‚
2169 3239 2257 3299 ait
2291 3256 2304 3298 :
2337 3236 2496 3310 Quid
2537 3244 2631 3299 est
2670 3237 2837 3317 quod
2879 3255 2993 3317 per
3037 3226 3356 3299 somnium
3394 3236 3478 3298 lo-

1986 3337 2160 3399 cutio
2191 3334 2376 3397 nobis
2397 3332 2754 3395 divinitatis
2776 3333 3131 3408 innotescit,
3158 3333 3280 3394 nisi
3304 3334 3474 3414 quod

1987 3434 2093 3496 Dei
2128 3442 2370 3495 secreta
2407 3450 2535 3493 non
2580 3430 3046 3509 cognoscimus,
3083 3432 3136 3493 si
3185 3433 3250 3494 in
3285 3441 3477 3495 terre-

1988 3534 2085 3595 nis
2136 3530 2468 3594 desideriis
2506 3529 2889 3610 vigilemus?
2919 3528 2980 3591 Si
3028 3548 3179 3609 ergo
3227 3530 3477 3593 interna

1984 3630 2400 3712 contemplari
2443 3630 2760 3701 volumuS‚
2795 3628 2875 3690 ab
2917 3628 3352 3710 implicatione
3381 3648 3478 3691 ex-

1986 3738 2164 3791 terna
2189 3728 2599 3791 dormiamus,
2637 3726 2768 3789 Vox
2800 3726 2909 3789 Dei
2951 3726 3134 3808 quasi
3165 3745 3279 3808 per
3311 3744 3476 3787 som-

1984 3828 2163 3888 nium
2195 3827 2468 3901 auditur,
2495 3826 2750 3906 quando
2782 3824 3128 3905 tranquilla
3155 3832 3367 3887 mente
3393 3824 3475 3886 ab

1983 3926 2173 4005 hujus
2224 3924 2434 3987 saeculi
2497 3923 2746 3986 actione
2797 3923 3170 4005 quiescitur,
3223 3932 3284 3985 et
3336 3923 3474 4004 ipso

1982 4024 2214 4085 mentis
2247 4022 2503 4084 silentio
2525 4022 2744 4086 divina
2774 4031 3084 4103 praecepta
3107 4030 3469 4103 pensantur.

1982 4159 2063 4167 —
2090 4122 2399 4201 Denique,
2434 4140 2626 4201 super
2672 4120 2852 4195 illud,
2898 4119 3208 4182 Erudiens
3238 4138 3345 4182 cos
3388 4120 3475 4181 in·

374 4217 512 4278 suis
554 4234 929 4298 percussum
965 4218 1314 4294 demet-iffi,
1350 4238 1465 4281 nec
1512 4220 1875 4300 acquiesce-
1907 4220 1955 4281 D
1983 4220 2171 4281 struit
2201 4218 2561 4299 disciplina,
2598 4226 2860 4280 testatur
2891 4236 2906 4279 :
2940 4217 3376 4280 consideranti
3409 4226 3472 4279 et

380 4322 475 4377 ret
516 4313 873 4377 rationibus
905 4316 1270 4397 oppositum
1314 4316 1505 4397 hujus
1552 4317 1875 4399 probanti-

382 4412 525 4473 buS.
566 4414 821 4473 Eruens
849 4414 1141 4473 animam
1174 4415 1313 4489 ejus
1334 4417 1413 4473 cle
1440 4418 1873 4491 corruptione,

384 4510 445 4571 id
470 4518 565 4571 est
589 4509 847 4572 laesione
869 4518 931 4571 et
954 4510 1255 4591 languore
1278 4514 1538 4593 peccati,
1554 4514 1721 4593 quod
1745 4512 1877 4576 vul-

385 4626 505 4668 nus
538 4616 635 4669 est
665 4607 918 4669 animae.
944 4608 1121 4670 Unde
1154 4618 1211 4671 ct
1248 4610 1312 4670 in
1344 4610 1682 4691 Sapientiae
1714 4610 1875 4673 libro

386 4705 655 4767 habetur
687 4723 701 4766 ε
738 4707 1133 4788 Incorruptio
1166 4707 1317 4771 facit
1350 4726 1489 4771 esse
1518 4709 1873 4790 proximum

384 4804 531 4867 Deo.
579 4804 664 4866 De
713 4805 1157 4885 peccatoribus
1194 4825 1451 4888 quoque
1499 4808 1585 4868 ait
1625 4806 1878 4868 Psalmi·

380 4909 479 4964 sta
515 4921 529 4964 :
562 4901 857 4984 Corrupti
910 4912 1079 4980 sunt,
1113 4912 1172 4965 et
1212 4904 1675 4966 abominabiles
1724 4904 1876 4967 sacti

382 5010 534 5062 sunt
566 5000 633 5062 in
669 4999 1141 5081 iniquitatibus,
1181 5006 1263 5063 Ec
1294 5006 1497 5063 vitam
1533 5006 1715 5063 illius
1743 5023 1881 5067 cor-

385 5099 671 5180 poralem
710 5118 783 5161 ac
822 5100 1231 5180 temporalem
1279 5100 1557 5163 liberans
1596 5120 1632 5163 a
1672 5103 1878 5183 poenis

388 5198 835 5277 praesentibUS‚
871 5208 943 5257 ut
976 5219 1103 5257 non
1138 5209 1421 5259 transeat
1452 5203 1523 5257 in
1548 5202 1873 5275 ylade'mn,

386 5295 453 5357 id
497 5305 592 5357 est
645 5296 709 5357 in
757 5296 1185 5375 occisionem3
1236 5297 1358 5372 vcl,
1394 5297 1599 5359 Vitam
1650 5298 1879 5359 animae

1983 4336 2121 4381 sese
2150 4336 2263 4399 per
2292 4316 2732 4398 poenitentiam
2756 4315 3083 4392 laceranti,
3101 4315 3283 4397 quasi
3305 4335 3472 4396 quae-

1983 4418 2127 4479 dam
2163 4415 2362 4497 plagae
2384 4415 2812 4496 percussionis
2842 4424 2990 4476 sunt
3012 4414 3288 4476 lamenta
3308 4432 3472 4476 com-

1984 4514 2372 4596 punctionis
2405 4513 2561 4575 Hinc
2593 4513 2885 4575 Salomon
2920 4513 3244 4594 loquitur:
3281 4512 3470 4576 Livor

1984 4611 2272 4674 vulneris
2322 4610 2638 4690 absterget
2683 4611 2868 4687 mala,
2913 4620 2974 4673 et
3024 4612 3226 4694 plagae
3274 4612 3337 4673 in
3379 4630 3472 4674 se-

1985 4709 2362 4773 cretioribus
2422 4710 2684 4771 ventris,
2735 4709 2849 4771 Per
2908 4710 3173 4773 livorem
3230 4711 3470 4792 quippe

1986 4809 2291 4884 vulneriS,
2347 4808 2750 4889 disciplinam
2813 4807 3097 4869 insinuat
3155 4826 3472 4889 corporeae

1988 4906 2453 4988 percussionis3
2494 4906 2695 4986 plagae
2726 4924 2878 4968 vero
2918 4906 2984 4967 in
3026 4906 3472 4969 secretioribus

1983 5003 2249 5079 ventriS‚
2285 5012 2434 5065 sunt
2467 5004 2716 5065 interna
2745 5004 2977 5065 mentis
3009 5004 3296 5076 vulnera,
3331 5022 3473 5085 quae

1986 5121 2100 5184 per
2128 5102 2688 5183 compunctionem
2733 5100 2925 5162 siunt.
2958 5100 3104 5174 Quae
3141 5102 3268 5163 duo
3308 5102 3474 5163 inter

1986 5220 2053 5262 se
2082 5198 2181 5261 dis
2186 5199 2413 5272 ferunt,
2434 5198 2736 5279 quoniam
2761 5199 2962 5278 plagae
2991 5199 3472 5280 percussionum

1984 5297 2225 5371 dolent,
2262 5297 2536 5358 lamenta
2567 5296 3132 5377 compunctionum
3173 5297 3469 5378 sapiunt3

3497 993 3582 1037 Ιοὸ
3599 1006 3682 1044 ux,
3694 994 3761 1035 2⁹.

3499 2364 3528 2407 1
3528 2365 3687 2417 bid-vn,
3695 2369 3712 2407 ί
3719 2367 3759 2408 ὁ.

3537 4533 3675 4576 Prov.
3691 4546 3760 4583 xx,

3499 4598 3565 4639 20.
