4309 6259
594 1310 703 1365 Sap.
724 1323 779 1359 ιι,
795 1310 860 1351 17.

622 1595 653 1637 ΙΙ
670 1597 856 1649 Κεφκιι,

598 1662 661 1701 ll.

591 2674 721 2717 Dent.
734 2688 773 2725 v,
784 2678 827 2717 2¹
839 2708 848 2717 .

603 3670 710 3711 Gen.
726 3683 766 3716 ιι,
782 3672 847 3712 24.

884 516 1003 581 646

1730 536 2075 583 ENARRATto
2118 536 2180 581 IN
2223 538 2358 581 CAP.
2405 537 2554 583 xxx!
2595 537 2722 583 1013.
2767 556 2848 566 —
2888 538 3030 583 ΛΒΤ.
3077 537 3175 582 ux

886 708 1239 765 insidiatus
1257 726 1420 771 sum,
1442 704 1879 768 fraudulenter
1906 715 1964 767 et
1997 707 2226 769 callide
2249 706 2374 769 eni·
2401 705 2454 767 A
2483 715 2616 767 tum
2645 724 2797 786 ergo
2825 705 3032 767 scelus
3073 723 3332 787 prorsus
3368 706 3720 768 cavendum
3751 714 3868 781 est,
3901 714 3964 767 et

884 804 1423 884 tend0‚quom0do
1446 822 1701 866 uxorem
1732 804 1873 884 ejus
1903 822 2368 883 cognoscerem.

884 905 1181 963 Scortum
1208 906 1293 962 sit
1322 906 1516 961 alteri
1548 923 1715 962 zea-or
1748 925 1909 972 mea,
1932 904 1993 966 id
2026 912 2142 974 est,
2169 904 2376 985 publi-

885 1018 956 1061 ce
988 1000 1423 1081 prostituatur,
1442 1010 1501 1060 el
1520 1023 1711 1077 snper
1735 1004 1918 1061 illam
1948 1005 2376 1061 incurventur

886 1100 1036 1165 alii,
1065 1117 1202 1159 eam
1245 1116 1356 1178 per
1391 1098 1774 1160 adulterium
1811 1100 2270 1177 cognoscendO,
2309 1108 2376 1161 ut

889 1212 1079 1275 poena
1125 1196 1607 1276 correspondeat
1660 1196 1884 1278 culpae,
1918 1205 1981 1257 et
2020 1196 2176 1257 illud
2208 1215 2378 1258 com-

891 1292 1141 1373 pleatur
1170 1293 1235 1353 in
1276 1312 1379 1355 mc
1412 1311 1425 1353 :
1460 1294 1573 1354 Per
1616 1313 1758 1373 quae
1803 1294 1946 1375 quis
1990 1304 2230 1376 peccat,
2264 1314 2377 1376 per

891 1391 1024 1453 haec
1070 1400 1133 1453 et
1180 1392 1466 1473 punitur.
1499 1392 1674 1453 Unde
1725 1392 1919 1457 David
1968 1393 2121 1471 regi,
2175 1412 2372 1472 quum

893 1508 1147 1551 uxorem
1173 1490 1334 1551 Uriae
1356 1490 1777 1568 cognovisset,
1800 1490 2045 1551 locutus
2066 1500 2162 1551 est
2180 1491 2370 1552 Deus:

890 1587 1047 1649 Ecce.
1082 1606 1198 1667 ego
1238 1587 1454 1650 tollam
1500 1608 1724 1651 uxores
1768 1598 1928 1665 tuaS‚
1960 1596 2021 1650 et
2061 1589 2223 1652 dabo
2271 1610 2374 1652 eas

888 1686 1176 1767 proximo
1200 1694 1403 1762 tuo,et
1428 1687 1694 1749 dormiet
1728 1706 1873 1749 cum
1904 1687 2150 1749 eiS.Sed
2175 1707 2374 1768 quum

884 1783 1267 1845 adulterium
1312 1794 1373 1847 et
1417 1785 1783 1866 prostitutio
1830 1785 2081 1847 seminae
2124 1784 2376 1845 marita-

2481 803 2539 865 ei
2587 803 2963 883 gravissima
3009 804 3276 866 debetur
3321 803 3664 865 damnatio.
3697 802 3968 875 Quidam

2481 920 2736 983 quoquc
2781 901 3141 982 pravissimi
3183 910 3374 982 atque
3403 901 3764 962 stultissimi
3795 910 3966 971 sunt,

2481 999 2594 1079 qui
2649 1008 2772 1060 tam
2833 998 3108 1062 faciliter
3156 1007 3217 1062 et
3267 999 3632 1080 frequenter
3687 998 3970 1060 virorum

2482 1097 2786 1177 conjuges
2815 1106 3144 1178 appetunt.
3165 1097 3479 1159 Interdum
3511 1098 3702 1159 etiam
3735 1098 3804 1158 in
3834 1097 3973 1159 loco

2483 1213 2662 1257 sacro
2693 1203 2755 1256 et
2785 1195 2852 1257 in
2879 1195 3100 1257 divino
3120 1195 3374 1268 Officio,
3397 1195 3660 1276 soloque
3689 1195 3970 1275 cogitatu

2483 1312 2555 1355 ac
2580 1293 2916 1369 desiderio,
2939 1294 3003 1354 in
3035 1302 3273 1355 tantam
3307 1312 3374 1355 se
3402 1294 3798 1375 impietatem
3821 1312 3974 1374 pm

2483 1392 2750 1473 cipitant
2800 1410 2813 1453 :
2866 1392 2930 1452 in
2979 1391 3213 1472 quibus
3262 1392 3423 1453 nihil
3474 1390 3677 1455 divini
3725 1391 3972 1453 timoris

2483 1499 2593 1566 est,
2612 1490 2830 1571 nilque
2854 1490 3222 1554 reverentiae
3243 1491 3320 1551 ad
3343 1490 3536 1552 Deum
3556 1490 3964 1551 immensum.

2565 1590 2747 1663 Iym's
2775 1600 2864 1647 est
2892 1588 3295 1663 adulterium,
3341 1595 3598 1669 propter
3637 1596 3862 1651 aestum
3904 1588 3972 1649 li-

2483 1684 2722 1747 bidinis
2762 1696 2824 1748 et
2865 1706 2981 1768 per
3020 1686 3507 1748 similitudinem
3535 1686 3772 1767 operiS,
3805 1687 3970 1748 sicut

2484 1783 2915 1864 subjungitur,
2951 1806 3148 1863 usque
3177 1788 3265 1844 ad
3291 1787 3834 1860 consumptionem
3867 1788 3972 1843 de-

890 1890 965 1943 tae
1002 1881 1083 1943 sit
1124 1890 1251 1944 tam
1290 1883 1529 1962 grande
1560 1892 1913 1965 peccatum,
1948 1884 2266 1964 quomodo
2304 1882 2374 1944 li-
2411 1885 2456 1946 B
2491 1902 2740 1953 vorans,
2792 1882 2855 1944 id
2903 1892 2995 1944 est
3045 1884 3504 1945 adulterantem
3553 1882 3973 1963 spiritualiter

884 1980 1011 2040 cuit
1058 1990 1275 2043 sancto
1316 1981 1430 2043 Job
1472 1981 1533 2043 id
1573 1990 1791 2062 optare
1830 1981 1911 2043 ab
1940 1981 2084 2043 aliis
2116 1980 2283 2055 ficri,
2318 1981 2369 2040 si

886 2078 1022 2159 ipse
1052 2078 1170 2140 hoc
1202 2078 1481 2141 faceret?
1516 2078 1589 2139 Et
1634 2079 2168 2160 respondendum,
2203 2078 2370 2158 quod

883 2176 1265 2238 desideravit
1293 2175 1412 2239 hoc
1446 2176 1509 2237 in
1545 2176 1649 2239 tali
1686 2196 1857 2249 casu,
1896 2195 2020 2238 non
2066 2176 2130 2236 in
2173 2194 2374 2256 quan—

886 2283 1015 2336 tum
1072 2274 1437 2355 prostitutio
1484 2274 1627 2337 talis
1672 2275 1861 2337 habet
1902 2274 2212 2337 rationem
2245 2274 2373 2336 cul—

883 2392 999 2453 pae,
1035 2374 1145 2434 scd
1176 2390 1400 2453 poenae.

964 2474 1099 2533 Hoc
1128 2472 1330 2540 em‘m,
1352 2471 1592 2533 seilicet
1616 2472 2023 2547 adulterium,
2048 2472 2230 2546 nefas
2257 2480 2371 2539 est,

886 2568 1154 2649 impium
1200 2578 1258 2631 et
1305 2588 1563 2650 prorsus
1612 2569 1931 2642 illicitum,
1969 2569 2121 2648 quia
2152 2576 2370 2630 contra

881 2667 1173 2729 divinum
1206 2676 1610 2749 praeceptum,
1624 2677 1681 2725 et
1702 2670 2025 2745 iniquita-s·
2048 2669 2370 2726 maa-ima:

880 2766 1034 2846 quia
1093 2766 1261 2827 inter
1318 2774 1575 2847 peccata
1631 2784 1773 2846 quae
1828 2764 1995 2825 siunt
2048 2765 2111 2825 in
2164 2765 2372 2846 proxi-

882 2884 1079 2941 mum,
1131 2874 1227 2927 est
1281 2882 1481 2926 unum
1530 2865 1608 2926 dc
1653 2863 1945 2925 maximis
1985 2888 1999 2937 3
2052 2864 2182 2927 imo
2228 2873 2372 2947 post

880 2963 1297 3026 homicidium
1328 2964 1408 3025 ab
1437 2962 1763 3044 aliquibus
1796 2963 2244 3042 gravissimum
2277 2964 2372 3025 di-

2482 1980 2836 2055 destruenS,
2892 1981 2978 2041 ita
3029 1982 3200 2061 quod
3257 1999 3511 2042 omnem
3561 1980 3861 2042 virtutem
3908 1991 3967 2043 ct

2480 2079 2746 2157 gratiam
2782 2079 3011 2160 perdit,
3048 2079 3516 2141 damnationem
3551 2079 3842 2150 incurrit,
3867 2099 3972 2141 sae·

2482 2196 2560 2258 pc
2603 2176 2791 2238 etiam
2843 2176 3174 2239 facultates
3219 2197 3364 2238 suas
3405 2177 3763 2240 consumit:
3807 2184 3870 2238 et
3901 2188 3966 2239 ut

2481 2275 2718 2336 dictum
2769 2284 2885 2349 est,
2921 2294 3033 2356 per
3081 2274 3459 2337 adulterium
3513 2275 3966 2356 patrimonium

2481 2373 2741 2435 alterius
2773 2374 2852 2435 ad
2882 2373 3398 2455 impertinentem
3429 2373 3724 2435 heredem
3757 2375 3970 2436 devol-

2481 2471 2672 2546 vitur,
2700 2472 2881 2551 juxta
2913 2471 3068 2532 illud
3103 2471 3526 2534 Ecclesiastici
3553 2490 3566 2532 :
3591 2472 3810 2533 Omnis
3839 2492 3969 2533 mu-

4000 2492 4122 2533 Ecca
4141 2506 4200 2531 us

2483 2568 2600 2631 lier
2647 2569 3014 2650 relinquens
3063 2570 3271 2633 virum
3320 2589 3528 2636 suum,
3573 2580 3814 2651 peccat,
3845 2578 3970 2631 sta-
3999 2560 4062 2595 ³²·

2481 2676 2665 2728 tuens
2708 2666 3005 2728 heredem
3049 2668 3146 2728 vel
3192 2666 3600 2729 hereditatem
3641 2686 3716 2728 ex
3754 2669 3968 2729 alieno

2478 2766 2908 2827 matrimonio.
2929 2767 3015 2828 De
3038 2766 3182 2845 igne
3210 2784 3466 2846 quoque
3493 2766 3786 2827 adulterii
3809 2766 3966 2828 Osee

2477 2863 2634 2925 dicit
2669 2882 2682 2926 :
2715 2862 2946 2925 Omnes
2979 2864 3408 2925 adulterantes
3449 2865 3632 2945 quasi
3673 2864 3966 2926 clibanus

2479 2980 2822 3023 succensus
2851 2980 2886 3022 a
2917 2970 3251 3043 coquente.
3271 2965 3358 3023 Ec
3377 2966 3596 3022 omnia
3625 2965 3966 3023 eradicans

879 3063 1067 3125 citur.
1100 3060 1277 3123 Unde
1305 3071 1369 3124 et
1397 3062 1666 3124 Thomas
1706 3062 1794 3123 ait
1828 3079 1842 3123 :
1875 3061 2118 3134 Quanto
2163 3062 2369 3142 majus
2400 3063 2442 3125 C
2471 3062 2838 3135 flammina,
2862 3060 2926 3121 id
2956 3068 3051 3121 est
3078 3060 3364 3139 germina
3394 3060 3689 3122 auferens
3723 3061 3970 3123 univer-

880 3160 1118 3222 honnm
1166 3160 1357 3222 alicui
1404 3179 1515 3242 per
1552 3169 1880 3242 peccatum
1913 3160 2221 3236 aufertur,
2256 3179 2366 3221 seu

878 3258 1085 3338 majus
1117 3267 1569 3320 nocumentum
1603 3259 1899 3335 insertur,
1936 3266 2109 3320 tanto
2151 3277 2370 3339 pecca-

879 3365 1011 3418 tum
1045 3356 1204 3417 illud
1233 3364 1328 3417 est
1356 3357 1613 3435 gravius
1650 3374 1663 3417 τ
1697 3357 1807 3437 qui
1848 3364 2057 3418 autem
2104 3356 2368 3418 alterius

876 3455 1214 3535 conjugem
1247 3454 1463 3530 violat,
1500 3454 1843 3516 maximum
1886 3455 2039 3534 quid
2080 3463 2139 3516 ct
2177 3454 2370 3516 caris-

879 3552 1112 3615 simum
1145 3552 1381 3615 bonum
1415 3553 1554 3632 ejus
1595 3552 1912 3614 subtrahit
1951 3552 2031 3628 ei,
2068 3552 2368 3615 videlicet

880 3650 1237 3731 conjugem,
1291 3671 1433 3732 quae
1481 3659 1575 3713 est
1626 3670 1751 3712 una
1797 3670 1942 3713 caro
1991 3670 2136 3713 cum
2187 3651 2362 3724 vir03

879 3748 1087 3811 aufert
1116 3768 1374 3830 quoque
1404 3748 1851 3811 certitudinem
1885 3749 2102 3829 prolis,
2139 3757 2202 3809 et
2247 3748 2369 3809 sre-

877 3855 1147 3928 quenter
1196 3856 1386 3910 totam
1440 3846 1807 3927 patrimonii
1858 3846 1977 3909 viri
2025 3846 2368 3909 successio-

877 3965 1045 4022 nem,
1089 3965 1231 4026 quae
1279 3964 1393 4026 per
1440 3944 1820 4007 adulterium
1868 3944 1947 4005 ad
1996 3954 2364 4007 extraneum

874 4044 1070 4107 venit.
1103 4044 1409 4124 Denique,
1445 4042 1767 4123 conjugati
1808 4041 1931 4103 sibi
1974 4042 2247 4105 invicem
2291 4042 2367 4103 si-

872 4143 1017 4205 dem
1065 4161 1175 4204 seu
1235 4150 1605 4222 perpetuam
1670 4139 2046 4203 fidelitatem
2106 4142 2366 4221 promit-

2480 3177 2568 3234 sa,
2604 3158 2756 3238 quia
2783 3159 2882 3236 (ut
2909 3158 3150 3221 (lictum
3181 3161 3305 3238 cst)
3333 3159 3777 3221 certitudinem
3825 3179 3968 3241 pro-

2481 3256 2558 3316 lis
2603 3256 2786 3332 tollit,
2819 3264 2881 3317 et
2916 3256 3382 3318 successionem
3425 3256 3574 3317 lacit
3617 3257 3962 3331 incertam;

2483 3354 2756 3415 fructum
2789 3373 3046 3435 quoque
3077 3354 3330 3417 virtutis
3359 3362 3422 3415 et
3450 3356 3666 3433 gratiae
3704 3374 3964 3436 prorsus

2478 3452 2804 3534 exstirpat,
2827 3453 3006 3534 juxta
3035 3453 3192 3514 illud
3223 3453 3702 3517 Proverbiorum
3733 3472 3748 3515 :
3781 3455 3964 3515 Num-

2480 3550 2632 3631 quid
2681 3559 2892 3632 potest
2947 3550 3137 3612 homo
3189 3551 3578 3613 abscondere
3635 3551 3846 3631 ignem
3895 3553 3958 3613 iu

2477 3648 2622 3709 sinu
2651 3666 2788 3718 suo,
2809 3658 2876 3709 ut
2899 3648 3276 3710 vestimenta
3305 3648 3478 3709 illius
3511 3667 3637 3711 non
3665 3651 3958 3712 ardeant?

2478 3746 2579 3808 Sic
2608 3746 2718 3827 qui
2755 3746 3107 3825 ingreditur
3134 3747 3212 3807 ad
3246 3764 3504 3808 uxorem
3538 3748 3806 3828 proximi
3839 3749 3954 3821 sui,

2478 3863 2604 3906 non
2636 3845 2758 3907 erit
2787 3844 3063 3906 mundus
3096 3864 3291 3925 quum
3336 3845 3609 3925 tetigerit
3637 3865 3800 3907 eam.

2555 3945 2653 4011 Si,
2677 3960 2790 4023 pro
2822 3953 3231 4017 nome-omem
3231 3946 3341 4021 psi
3352 3944 3694 4019 judicium
3719 3948 3955 4014 subire,

2476 4040 2541 4101 id
2563 4049 2651 4101 est
2684 4040 2810 4121 juri
2843 4049 2899 4102 et
2934 4040 3132 4120 judici
3164 4059 3268 4102 me
3298 4039 3754 4116 subdere‚cum
3784 4064 3957 4103 servo

2475 4158 2607 4198 meo
2638 4148 2696 4197 et
2725 4142 2970 4198 ancilla
3001 4159 3167 4206 mea,
3197 4159 3398 4217 quum
3425 4141 3954 4216 cle'sceptarem,id

877 4248 1039 4317 tunt,
1063 4241 1233 4321 quod
1265 4239 1511 4301 scilicet
1541 4238 1740 4301 altero
1772 4238 2048 4313 vivente,
2085 4257 2212 4300 non
2244 4240 2366 4300 erit
2397 4237 2446 4297 D
2475 4244 2590 4311 est,
2616 4236 2680 4296 in
2710 4236 2952 4317 judicio
2982 4235 3453 4311 contenderent,
3474 4240 3815 4297 adversum
3839 4260 3956 4305 ww,

872 4357 1016 4401 cum
1054 4338 1178 4399 alia
1221 4338 1493 4417 quadam
1541 4354 1811 4417 persona
1850 4336 2239 4399 commixtio.
2273 4337 2365 4397 Id-

873 4436 1041 4497 circo
1093 4435 1155 4496 in
1199 4434 1512 4496 adulterio
1558 4442 1653 4495 cst
1697 4432 1923 4496 fractio
1968 4435 2123 4509 voti,
2155 4453 2300 4514 quae
2328 4454 2364 4495 a

872 4533 1091 4596 multis
1112 4532 1477 4595 doctoribus
1504 4532 1762 4613 ponitur
1792 4532 1997 4612 majus
2030 4542 2357 4613 peccatum

871 4652 1061 4714 quam
1111 4632 1487 4714 perjurium.
1520 4632 1586 4691 ln
1626 4631 1941 4693 adulterio
1982 4650 2238 4711 quoquc
2267 4640 2363 4692 cst.

873 4730 1135 4806 lurtum,
1172 4729 1323 4811 quia
1356 4728 1704 4809 possessori
1736 4748 1835 4790 res
1866 4748 1999 4805 sua,
2022 4728 2081 4790 id
2105 4738 2201 4790 est
2232 4748 2361 4791 ma-

868 4828 991 4891 rito
1020 4828 1254 4910 conjux
1283 4846 1418 4902 sua,
1441 4826 1689 4889 occulte
1709 4825 2020 4903 aufertur,
2047 4835 2358 4907 quantum

864 4928 945 4988 ad
995 4945 1179 4988 usum
1230 4934 1293 4986 ct
1344 4933 1613 5006 tempuS.
1668 4924 1921 4999 lterum,
1972 4924 2356 4987 adulterium

866 5024 1139 5087 maxime
1194 5031 1290 5085 est
1348 5030 1569 5085 contra
1625 5021 1949 5083 caritatem
2012 5022 2353 5083 fraternam

864 5142 975 5187 seu
1012 5121 1309 5205 proximi.
1342 5120 1605 5181 Adulter
1649 5137 1927 5199 namque
1972 5120 2356 5183 invitissime

860 5222 1144 5299 haberet,
1180 5219 1350 5301 quod
1383 5216 1528 5297 quis
1568 5234 1746 5278 suam
1788 5218 2126 5298 conjugem
2159 5218 2355 5281 viola-

861 5328 977 5397 ret,
1012 5338 1202 5411 quam
1242 5315 1343 5384 vel
1384 5312 1592 5393 nabet,
1630 5315 1729 5385 vel
1776 5315 1828 5387 si
1871 5315 2153 5391 haberet.
2191 5316 2354 5387 Tan-

2471 4334 2550 4395 de
2588 4334 3019 4396 subtractione
3058 4335 3366 4397 mercedis
3407 4336 3504 4397 vel
3546 4336 3956 4417 oppressione

2473 4431 2758 4493 laboris:
2797 4432 3330 4512 quemadmodum
3381 4433 3444 4493 in
3493 4432 3720 4495 Genesi
3769 4434 3955 4497 Jacob

2470 4530 2558 4591 ait
2585 4530 2664 4591 ad
2697 4530 2930 4605 Laban‚
2957 4530 3201 4591 Mutasti
3237 4532 3590 4593 mercedem
3623 4551 3828 4594 meam
3857 4534 3954 4595 de-

2469 4648 2606 4690 cem
2638 4628 2907 4689 vicibuS.
2929 4628 3017 4689 Ex
3049 4628 3148 4689 his
3181 4636 3352 4709 patet
3383 4646 3610 4709 magna
3629 4629 3951 4692 humilitas

2469 4726 2669 4788 sancti
2712 4726 2849 4801 Iob,
2892 4735 2955 4788 et
2997 4726 3166 4807 quod
3217 4726 3378 4787 nulli
3428 4727 3728 4808 injuriam
3781 4728 3946 4798 tecit,

2469 4844 2584 4887 nec
2614 4824 2897 4887 avaritiae
2928 4825 3177 4887 deditus
3221 4823 3364 4886 suit.
3397 4825 3472 4886 Et
3510 4826 3627 4887 hoc
3669 4825 3820 4888 fecit
3861 4827 3952 4887 in-

2468 4922 2630 4982 tuitu
2663 4921 2864 4985 divini
2895 4922 3143 5003 judicii.
3177 4922 3438 5003 Propter
3473 4924 3640 5003 quod
3685 4924 3895 4986 subdit
3931 4943 3944 4985 :

2467 5022 2640 5088 Quid
2687 5023 2861 5080 enlm
2907 5024 3212 5097 fac-erem,
3243 5020 3367 5081 nisi
3417 5020 3719 5102 praedicto
3766 5024 3948 5085 modo

2464 5136 2565 5179 me
2611 5116 2999 5192 habuissem,
3035 5138 3235 5195 quum
3273 5122 3632 5179 surrex-erit
3661 5125 3750 5181 ad
3760 5123 3949 5197 jude·-

2462 5219 2744 5275 candum
2777 5219 2971 5283 Deua,
3002 5216 3065 5277 id
3105 5225 3220 5288 cst,
3258 5224 3631 5297 potestatem
3665 5226 3724 5279 et
3755 5220 3946 5299 aequi-

2465 5324 2650 5389 tatem
2685 5332 2860 5385 suam
2893 5313 3249 5384 exhibuerit
3291 5315 3460 5383 circa
3503 5334 3627 5391 me,
3661 5316 3741 5379 ad
3777 5318 3943 5400 judi*

4009 2884 4115 2924 03oe
4129 2896 4188 2922 tur.
4207 2900 4220 2919 ο

3993 3474 4099 3513 Prot
4125 3488 4159 3513 u
4175 3475 4226 3512 ·.’”.

3989 3540 4050 3578 39,

4005 4548 4104 4588 Gen.
4119 4562 4186 4587 nx
4205 4579 4213 4588 .

3977 4614 4036 4651 Sl.
4278 4666 4279 4699 1
