4309 6259
93 1954 265 1996 lauh.
280 1966 344 2004 τι,

102 2556 222 2599 leid.
241 2558 316 2599 24.

111 2744 264 2787 Secti.
296 2758 347 2795 ιι,

73 2810 132 2856 ss:
153 2822 182 2857 1,
202 2810 278 2849 ³6.

75 3150 350 3199 Prot-mnas.

95 3346 352 3401 Philippu,

123 4134 356 4179 omna-

111 5115 246 5159 !’rot-
259 5128 350 5165 nv,

87 5180 146 5219 15.

1287 480 1636 527 nummi-10
1679 480 1742 525 m
1785 478 1922 527 car.
1967 481 1986 523 ι
2029 478 2157 525 son.
2202 498 2283 508 —
2323 479 2465 525 Ali-r.
2514 480 2575 524 lv
3352 458 3465 523 301

363 652 470 715 los
515 650 720 715 fuisse
759 661 1064 731 moratuS,
1101 650 1449 736 perfectior
1486 651 1867 714 declaratur.
1900 648 1952 713 A
2060 648 2205 711 Fuit
2230 656 2443 711 autem
2462 659 2521 710 ec
2540 658 2768 721 rectus,
2787 648 2852 711 id
2873 655 2968 711 est
2986 648 3197 730 justus
3226 646 3470 710 affectu

360 751 900 831 Itemfiregorius
937 770 952 813 ε
984 751 1203 832 Neque
1231 750 1404 815 enim
1442 750 1627 815 valde
1656 748 1874 810 lauda·
1978 755 2041 809 et
2069 766 2280 829 opere.
2304 747 2633 810 Rectitudo
2663 746 2959 829 equidem
2989 746 3246 829 proprie
3275 746 3352 807 ad
3373 748 3473 827 ju-

359 848 500 911 bile
519 857 638 925 est,
663 848 906 912 bonum
939 868 1078 911 esse
1097 866 1245 911 cum
1267 848 1473 925 boniS,
1499 846 1608 909 sed
1629 847 1871 908 bonum
1980 846 2217 909 stitiam
2247 847 2545 929 pertinet,
2578 865 2721 927 quae
2760 847 2828 908 in
2865 845 3230 927 aequalitate
3272 845 3473 909 consi-

363 966 511 1010 esse
529 968 682 1010 cum
703 948 913 1011 malis.
937 947 1479 1021 Quemadmodum
1500 954 1714 1007 autem
1733 962 1876 1023 gra·
1980 945 2110 1023 stit,
2150 946 2328 1027 juxta
2368 945 2527 1008 illud
2557 945 2731 1008 lsaiae
2765 962 2778 1006 :
2814 944 3049 1007 Semita
3094 944 3253 1027 justi
3304 952 3471 1007 recta
3515 961 3579 1006 18.
3596 963 3767 1013 xxva.

365 1046 570 1111 vioris
609 1056 708 1109 est
753 1047 982 1131 culpan,
1016 1047 1184 1109 inter
1221 1045 1422 1108 bonos
1460 1044 1702 1107 bonum
1745 1060 1872 1106 non
1983 1053 2098 1107 est.
2130 1044 2483 1118 Quocontra
2512 1044 2591 1107 de
2621 1043 2836 1125 impiis
2868 1043 3163 1107 Salomon
3190 1043 3280 1106 ait
3313 1061 3327 1104 ε
3360 1044 3475 1106 Β6-
3505 1053 3765 1103 Pron-nd&

365 1164 552 1219 esse;
589 1146 677 1206 ita
709 1145 1006 1207 immensi
1029 1144 1333 1226 praeconii
1353 1151 1470 1219 est,
1497 1144 1688 1205 etiam
1710 1142 1876 1205 inter
1983 1144 2286 1225 linquunt
2314 1144 2433 1206 iter
2462 1150 2726 1218 rectum,
2751 1150 2814 1205 et
2841 1142 3174 1204 ambulant
3203 1160 3318 1223 per
3338 1142 3473 1205 vias

367 1244 576 1306 malos
605 1243 853 1306 bonum
883 1242 1254 1306 consistere.
1617 1268 1622 1275 ·
1986 1243 2374 1305 tenebrosas,
2407 1241 2595 1305 Porro
2627 1249 2795 1304 recta
2826 1240 3054 1303 itinera
3084 1249 3233 1303 sunt
3254 1240 3474 1303 divina

456 1346 542 1405 Et
568 1352 714 1403 erae
742 1344 849 1403 vir
877 1344 990 1402 ille
1015 1343 1322 1418 simplem,
1351 1337 1590 1421 triplici
1633 1338 1878 1421 simpli-
1986 1349 2321 1424 praecepta,
2354 1340 2493 1402 sine
2521 1340 2822 1403 vitiorum
2852 1339 3235 1421 obliquitate
3264 1340 3343 1401 ad
3378 1339 3477 1401 be-

367 1440 588 1517 citate‚
627 1440 982 1503 secundum
1021 1438 1354 1501 Albertum
1390 1438 1534 1518 (per
1571 1454 1765 1517 quem
1807 1436 1876 1498 in
1985 1439 2365 1501 atitudinem
2396 1456 2609 1502 veram
2639 1437 2976 1501 ducentia:
3012 1457 3124 1520 per
3154 1457 3295 1519 quae
3321 1438 3476 1520 justi

369 1547 508 1601 toto
538 1538 662 1601 hoc
693 1556 887 1621 opere
917 1536 1206 1617 intelligo
1234 1535 1564 1598 Albertum
1585 1534 1876 1614 Magnum
1988 1539 2147 1620 pede
2176 1537 2507 1600 ambulant
2535 1535 2881 1613 inoffenso,
2908 1536 3090 1619 pravi
3111 1556 3259 1601 vero
3290 1537 3354 1598 in
3386 1536 3477 1599 eis

371 1636 626 1699 ordinis
653 1635 1197 1715 Praedicatorum),
1229 1632 1530 1698 videlicet
1569 1631 1879 1712 simplici·
1990 1637 2313 1713 labuntur,
2344 1636 2520 1717 juxta
2559 1635 2719 1697 illud
2748 1634 2903 1698 Osee
2937 1652 2950 1697 :
2983 1636 3189 1698 Rectae
3217 1636 3336 1700 viae
3366 1637 3481 1698 Do·
3558 1650 3668 1694 osee
3689 1664 3773 1703 nv,

374 1743 506 1797 tate
529 1733 910 1796 intentionis
946 1750 960 1794 :
997 1732 1299 1814 quoniam
1323 1731 1388 1791 in
1418 1730 1716 1793 omnibus
1737 1748 1878 1810 quae
1989 1734 2172 1811 mini,
2206 1742 2269 1795 et
2285 1732 2444 1816 justi
2471 1733 2895 1795 ambulabunt
2926 1733 2991 1795 in
3022 1733 3115 1796 eis
3142 1753 3158 1813 ;
3192 1734 3483 1815 praevari-
3513 1716 3577 1757 ¹⁰·

371 1832 630 1913 agebat,
656 1851 860 1894 unum
880 1849 1203 1893 summum
1223 1830 1464 1893 bonum
1485 1828 1875 1891 intendebat·
1917 1837 1964 1898 B
1991 1841 2233 1897 catores
2253 1842 2465 1895 autem
2489 1841 2787 1895 corruent
2808 1831 2873 1893 in
2896 1832 3009 1894 eis,
3035 1833 3321 1915 Denique
3341 1832 3484 1895 Am·

375 1932 468 1993 De
514 1950 642 2013 qua
692 1929 1105 2012 simplicitate
1153 1927 1437 2009 loquitur
1476 1926 1783 2005 ChristuS,
1817 1926 1880 1989 Si
1993 1931 2243 1995 brosius
2262 1931 2351 1992 ait
2373 1930 2623 1993 :Rectus
2644 1938 2739 1993 est
2760 1930 3069 2011 quisnam
3092 1932 3483 1995 voluntatem

373 2030 608 2093 oculus
649 2037 800 2092 tuus
841 2028 1038 2091 fuerit
1076 2027 1369 2108 simplex,
1404 2034 1605 2089 totum
1653 2043 1882 2106 corpus
1993 2029 2351 2094 conformat
2378 2029 2633 2106 divinae‚
2659 2028 2878 2092 volens
2907 2030 2986 2092 de
3013 2030 3187 2094 omni
3217 2049 3285 2093 re
3315 2032 3485 2112 quod

373 2138 562 2191 tuum
593 2128 882 2191 lucidum
913 2126 1034 2189 erit
1068 2144 1082 2187 :
1115 2126 1220 2189 cui
1251 2123 1650 2206 simplicitati
1688 2141 1890 2205 oppo·
1994 2131 2157 2193 Deus
2185 2128 2323 2192 vult
2360 2148 2505 2191 eum
2535 2128 2723 2205 velle,
2758 2136 2819 2190 et
2848 2148 2925 2191 ex
2962 2130 3181 2192 eadem
3222 2130 3484 2193 caritate

373 2228 558 2288 nitur
605 2224 954 2308 duplicitas
1003 2224 1213 2288 cordis
1252 2222 1607 2285 volentium
1657 2224 1784 2285 Deo
1824 2230 1888 2284 et
1996 2247 2122 2310 qua
2150 2228 2337 2303 Deus,
2372 2227 2509 2291 vult
2548 2227 2719 2308 quod
2758 2226 2916 2289 vult.
2949 2227 3287 2291 Anselmus
3330 2246 3485 2310 quo-

375 2325 630 2389 mundo
657 2324 936 2407 placere,
971 2340 1272 2403 nuncque
1299 2322 1580 2401 gaudere
1608 2340 1754 2384 cum
1785 2339 1892 2383 sae-
1997 2346 2124 2408 que
2175 2344 2188 2388 ε
2237 2325 2511 2402 lustitia,
2564 2325 2796 2406 inquit,
2847 2334 2944 2389 est
2990 2326 3303 2390 rectitudo
3351 2328 3485 2389 sola

377 2424 558 2501 culn,
592 2431 658 2486 et
684 2431 907 2505 postea
937 2440 1203 2503 regnare
1241 2440 1388 2483 cum
1417 2420 1666 2483 Christo
1693 2446 1708 2498 3
1740 2439 1886 2482 cum
1999 2433 2212 2488 mente
2257 2423 2715 2506 perceptibilis
2760 2424 2849 2486 Ex
2896 2442 3023 2505 quo
3074 2433 3315 2488 certum
3363 2434 3479 2503 cst,

383 2532 607 2585 tamen
637 2521 780 2604 ipse
808 2529 1073 2585 testatus
1103 2520 1186 2583 sit
1219 2538 1233 2581 ε
1266 2520 1460 2583 Nemo
1501 2528 1709 2601 potest
1737 2520 1891 2581 duo-
2001 2524 2174 2606 quod
2203 2523 2513 2585 rectitudo
2532 2522 2609 2585 ad
2639 2522 2953 2604 justitiam
2982 2532 3244 2605 spectet.
3270 2524 3398 2605 Itaq
3410 2542 3487 2586 ue

381 2621 512 2684 bus
559 2621 842 2684 dominis
891 2619 1152 2681 servire.
1183 2618 1361 2681 Unde
1407 2617 1889 2681 Ecclesiasticus
2000 2629 2210 2685 rectus
2238 2628 2335 2683 est
2367 2620 2477 2701 qui
2518 2639 2631 2703 per
2660 2620 2859 2683 lineas
2888 2621 3207 2702 aequitatis
3238 2621 3305 2684 in
3334 2622 3488 2684 acti·

379 2739 654 2801 quoque
693 2719 921 2782 asserit
964 2736 978 2780 ε
1011 2718 1119 2782 Vae
1148 2717 1467 2799 peccatori
1507 2715 1889 2797 ingredienti
1999 2720 2119 2783 bus
2149 2720 2282 2783 suis
2320 2718 2627 2801 procedit.
2661 2719 2923 2781 Rectum
2963 2738 3239 2801 namque
3268 2728 3384 2797 est,
3419 2728 3490 2781 ut

379 2828 632 2882 terram
657 2816 910 2880 duabus
950 2816 1094 2880 viis.
1126 2816 1204 2878 Et
1241 2817 1472 2879 iterum
1510 2834 1523 2876 :
1557 2815 1644 2877 Ne
1683 2833 1892 2877 acces·
1999 2820 2191 2893 etiam
2228 2838 2265 2879 a
2302 2818 2559 2881 Platone
2604 2818 2933 2896 asseritur,
2967 2819 3151 2900 cujus
3197 2819 3481 2882 medium

378 2918 552 2981 seris
581 2918 664 2980 ad
683 2917 884 2980 Deum
912 2914 1156 2998 duplici
1185 2915 1394 2977 corde.
1419 2914 1733 2988 Quantum
1755 2913 1891 2975 haec
2001 2936 2127 2980 non
2160 2916 2288 2979 exit
2305 2915 2390 2978 ab
2418 2915 2737 2978 extremis.
2770 2916 3061 2979 Extrema
3092 2935 3240 2980 vero
3270 2936 3489 3000 opera-

379 3017 564 3080 bona
604 3014 984 3097 simplicitas
1026 3014 1272 3098 placeat
1299 3013 1448 3090 Deo,
1481 3019 1656 3094 patet
1693 3030 1770 3074 ex
1815 3030 1889 3075 eo
1925 3014 1971 3080 C
2002 3015 2193 3078 tionis
2238 3014 2534 3077 humanae
2574 3022 2724 3076 sunt
2756 3032 2769 3076 :
2803 3014 3008 3096 prima
3057 3015 3372 3098 principia
3421 3017 3487 3079 in

383 3114 570 3197 quod
611 3114 910 3177 Salomon
958 3111 1299 3195 profitetur
1335 3129 1348 3173 :
1381 3111 1537 3174 Cum
1585 3109 1892 3193 simplici·
1998 3112 2456 3196 operabilibuS‚
2490 3112 2655 3175 sicut
2701 3121 2796 3175 est
2842 3112 3005 3175 illud
3042 3113 3381 3177 Salvatoris
3422 3116 3487 3177 in

383 3215 518 3277 bus
577 3211 1026 3275 sermocinatio
1081 3211 1244 3293 ejus.
1303 3209 1396 3271 Ad
1450 3209 1890 3291 Philippenses
1999 3211 2365 3293 Evangelio,
2416 3211 2841 3293 Quascumque
2887 3212 3083 3274 vultis
3136 3221 3205 3275 ut
3252 3212 3491 3277 faciant
3534 3232 3780 3284 uanam,

386 3331 660 3395 quoque
698 3311 790 3373 ait
816 3310 1156 3393 Apostolus
1194 3326 1207 3370 :
1241 3309 1392 3372 Sitis
1430 3308 1569 3371 sine
1609 3308 1888 3389 querela,
2001 3312 2183 3375 vobis
2211 3311 2525 3387 homineS,
2561 3309 2754 3373 facite
2792 3311 2883 3373 eis
2910 3330 2927 3390 3
2958 3320 3021 3373 et
3062 3312 3221 3375 illud
3251 3313 3485 3393 Tobiae,
3522 3298 3587 3339 ¹²·

387 3412 732 3495 simplices
772 3409 900 3472 filii
938 3410 1071 3472 Dei.
1115 3408 1426 3485 Secundo,
1461 3406 1586 3469 fuit
1623 3407 1894 3489 simplex
2001 3410 2177 3484 Quod
2205 3409 2288 3472 ab
2314 3410 2443 3472 alio
2482 3408 2691 3471 oderis
2733 3407 2875 3471 fieri
2910 3410 3051 3487 tibi,
3084 3411 3229 3476 vide
3269 3431 3350 3476 ne
3378 3414 3494 3476 ali-
3526 3430 3782 3481 r0⁶.1v‚w.

385 3510 816 3593 simplicitate
837 3508 1091 3573 virtutis
1122 3507 1190 3570 in
1217 3506 1499 3588 generali
1535 3524 1548 3569 :
1582 3526 1725 3587 quae
1753 3505 1896 3567 sim·
2003 3509 2260 3590 quando
2286 3508 2399 3570 alii
2430 3506 2631 3571 facias
2658 3526 2675 3587 3
2715 3515 2779 3571 et
2815 3508 3082 3573 ultimus
3124 3510 3301 3589 finis,
3338 3522 3491 3594 puta

385 3610 656 3693 plicitas
685 3607 982 3672 consistit
1008 3606 1075 3669 in
1103 3606 1248 3683 hoc,
1273 3606 1444 3687 quod
1473 3605 1676 3670 virtus
1705 3611 1896 3667 estex
2003 3617 2238 3671 aeterna
2280 3607 2575 3670 felicitas,
2606 3607 2721 3670 Job
2759 3600 2922 3688 ergo*
2947 3616 3010 3671 et
3048 3610 3255 3672 omnis
3283 3611 3493 3692 justus

386 3728 526 3772 una
548 3708 686 3771 sola
709 3715 972 3789 totaque
993 3724 1206 3783 causa,
1232 3704 1582 3767 secundum
1603 3703 1894 3766 divinum
2005 3707 2239 3771 dicitur
2260 3715 2489 3782 rectuS‚
2516 3705 2818 3786 quoniam
2842 3705 2907 3767 in
2928 3707 3175 3770 actibus
3197 3708 3329 3770 suis
3352 3728 3496 3791 pro-

385 3806 778 3890 Dionysium
805 3814 999 3886 atquc
1024 3802 1502 3885 Philosophum,
1535 3802 1763 3867 vitium
1793 3822 1899 3865 ve-
2007 3806 2199 3870 cessit
2224 3824 2261 3866 a
2290 3803 2624 3887 principiis
2653 3804 3097 3885 operabilium,
3121 3805 3363 3888 absque
3391 3808 3497 3871 de-

387 3924 470 3969 ro
509 3926 592 3969 ex
630 3924 822 3968 causa
869 3902 1241 3984 multiplici.
1292 3900 1450 3964 Huic
1499 3901 1899 3984 simplicitati
2009 3906 2357 3970 clinatione
2393 3905 2474 3966 ad
2511 3904 2787 3985 culpam,
2821 3905 2899 3966 ad
2940 3905 3237 3967 ultimum
3268 3904 3491 3970 finem.

387 4003 754 4088 opponitur
779 4001 1222 4084 multiplicitas
1243 3999 1509 4082 peccati,
1531 4002 1707 4082 juxta
1738 4001 1896 4063 illud
2092 4004 2171 4065 At
2210 4020 2361 4065 vero
2402 4000 2750 4063 secundum
2788 3998 3181 4079 Gregorium,
3234 4002 3495 4082 quidam

389 4103 671 4167 secundi
701 4101 1226 4183 Paralipomenon
1254 4117 1268 4161 :
1292 4099 1549 4163 Peccavi
1581 4118 1770 4181 super
1791 4120 1898 4163 nu·
2015 4102 2100 4164 ita
2131 4109 2279 4164 sunt
2300 4098 2645 4181 simpliceS‚
2672 4106 2741 4160 ut
2761 4098 2917 4180 quid
2944 4098 3026 4161 sit
3046 4108 3310 4178 rectum,
3332 4100 3499 4181 igno-

391 4222 654 4267 mcrum
713 4220 922 4279 arenae
969 4199 1214 4273 maris3
1263 4198 1704 4280 multiplicatae
1751 4208 1902 4263 sunt
1932 4203 1981 4265 D
2016 4210 2195 4275 rent3
2245 4200 2355 4263 sed
2405 4218 2479 4262 eo
2526 4216 2689 4261 verae
2729 4197 3157 4280 simplicitatis
3198 4199 3500 4264 innocen-

391 4300 786 4383 iniquitates
825 4318 1003 4362 meae.
1038 4298 1272 4375 Tertio,
1305 4297 1714 4379 simplicitate
1753 4318 1902 4380 pru·
2014 4300 2167 4363 tiam
2188 4299 2508 4375 deserunt,
2531 4316 2659 4378 quo
2678 4298 2757 4359 ad
2779 4296 3078 4361 virtutem
3102 4298 3499 4364 rectitudinis

387 4400 662 4478 dentiae,
698 4418 842 4480 quae
869 4406 965 4461 est
995 4398 1134 4460 sine
1163 4396 1328 4479 plica
1367 4395 1635 4473 astutiae‚
1669 4396 1901 4460 dolosi·
2013 4418 2141 4463 non
2187 4404 2549 4477 assurgunt.
2582 4396 2841 4479 Propter
2888 4397 3059 4476 quod
3089 4397 3318 4461 Paulus
3357 4400 3447 4462 ait
3480 4418 3495 4463 τ

386 4502 549 4566 tatis
581 4508 646 4563 et
687 4496 1231 4578 tergiversationis
1271 4496 1351 4557 ad
1388 4495 1650 4557 malum.
1683 4495 1900 4577 ltaque
2012 4498 2170 4562 Volo
2199 4515 2311 4561 vos
2340 4495 2656 4577 sapientes
2690 4512 2829 4557 esse
2857 4494 2923 4555 in
2952 4494 3142 4571 bon0‚
3176 4497 3499 4580 simplices
3552 4522 3683 4567 Rom.
3703 4537 3788 4574 xvv.

385 4598 722 4681 accipitur
750 4596 856 4658 hic
885 4594 1262 4677 simplicitas
1291 4612 1420 4657 non
1451 4602 1518 4655 ut
1555 4594 1900 4676 opponitur
2010 4605 2224 4659 autem
2254 4595 2321 4656 in
2342 4594 2531 4657 malo.
2554 4594 2631 4655 Et
2652 4593 2919 4675 ipsemet
2937 4592 3223 4657 Christus
3250 4596 3501 4660 :Estote
3532 4587 3605 4691 ’ᾗ
3638 4648 3718 4691 mk

391 4697 776 4761 intellectus
832 4692 1328 4776 perspicacitati,
1387 4693 1497 4755 sed
1554 4691 1896 4755 dolositati.
2013 4694 2355 4777 prudentes
2376 4692 2541 4755 sicut
2560 4699 2974 4773 serpenteS,et
2993 4692 3317 4774 simplices
3335 4694 3501 4758 sicut
3531 4662 3635 4753 naa
3748 4662 3792 4700 ι’

387 4799 512 4860 Est
542 4812 836 4875 namque·
855 4800 920 4855 et
947 4792 1115 4854 mala
1142 4810 1216 4853 ac
1243 4791 1495 4853 asinina
1525 4790 1900 4872 simplicitas
2012 4792 2365 4857 columbae:
2402 4799 2469 4852 ut
2497 4789 2741 4853 scilicet
2768 4788 3245 4872 simplicitatem
3268 4792 3501 4855 colum-

389 4915 518 4980 ρει·
567 4891 804 4956 debitae
852 4888 1380 4953 considerationis
1426 4887 1770 4965 desectum,
1819 4890 1901 4951 ad
2012 4891 2110 4955 bae
2127 4890 2359 4953 astutia
2378 4887 2688 4971 serpentis
2711 4887 3070 4965 instrueret,
3093 4897 3155 4951 et
3184 4891 3499 4971 serpentis

389 5012 602 5077 quam
627 4990 951 5073 pertinere
971 4997 1179 5071 potest
1200 4987 1358 5049 illud
1377 4985 1897 5050 Proverbiorum:
2011 4990 2307 5051 astutiam
2339 4986 2649 5051 columbae
2682 4986 3058 5068 simplicitas
3090 4995 3494 5069 temperaret.

387 5090 694 5173 Simplex
722 5088 925 5152 credit
954 5086 1127 5150 omni
1159 5085 1356 5150 verbo
1382 5104 1398 5165 ;
1429 5093 1676 5147 astutus
1705 5084 1906 5148 consi·
2010 5086 2169 5148 Hinc
2198 5084 2471 5167 Spiritus
2494 5084 2757 5147 Sanctus
2788 5101 2915 5145 non
2945 5084 3011 5145 in
3034 5084 3247 5166 specie
3267 5083 3501 5147 colum·
3582 5112 3699 5157 md,
3734 5126 3792 5166 m,

381 5194 582 5256 derat
619 5206 882 5269 gressus
928 5204 1098 5249 suos.
1150 5186 1484 5265 Potestque
1532 5182 1623 5245 ibi
1671 5183 1901 5246 astutia
2011 5182 2108 5246 bae
2158 5191 2425 5258 tantum,
2460 5180 2567 5242 sed
2609 5188 2673 5242 et
2718 5178 2784 5239 in
2836 5180 2979 5259 igne
3017 5180 3339 5262 apparuit.
3384 5181 3500 5245 Per
3530 5177 3793 5229 “vu-“³¹¹³-

381 5289 572 5355 sumi
603 5288 672 5349 in
703 5286 900 5350 bono.
2010 5279 2371 5344 columbam
2401 5296 2677 5359 namque
2704 5277 3101 5359 simplicitaS,
3136 5297 3251 5363 per
3278 5279 3495 5362 ignem
