4309 6259
1221 508 1566 555 cumano
1609 509 1671 554 IN
1713 509 1848 555 ml».
1896 508 2006 556 xm
2046 508 2172 555 1013.
2218 526 2297 539 -
2338 509 2483 556 ΛΒΤ.
2527 510 2678 556 1111

3374 490 3488 554 491

391 674 694 756 quamvis
743 676 863 739 fiat
909 695 1023 759 per
1070 677 1281 741 media
1323 678 1706 755 inordinata,
1741 696 1897 760 quo-
1924 675 1975 738 A
2004 678 2467 755 vindicaturuS,
2502 679 2597 742 ira
2624 698 2733 742 seu
2770 680 2985 761 aliqua
3027 678 3371 743 affectione
3402 677 3495 741 in-

393 773 568 836 niam
615 775 822 838 nescit
859 796 1118 838 causam
1162 796 1342 839 suam
1387 796 1526 840 esse
1566 778 1891 860 injustam,

391 881 505 935 aut
533 874 746 937 media
777 874 888 935 illa
917 874 1154 955 quibus
1185 874 1574 953 defenditur,
1609 895 1749 940 esse
1777 877 1897 939 dis—

399 980 562 1033 torta
598 988 613 1033 :
657 974 830 1054 quod
877 973 945 1035 in
992 975 1116 1037 Deo
1161 974 1376 1037 omnia
1419 983 1761 1038 contuente
1806 977 1896 1039 lo-

391 1090 542 1133 cum
573 1072 803 1153 nequit
825 1073 1070 1135 habere.
1087 1076 1223 1135 Aut
1243 1077 1604 1151 decipietur
1621 1084 1694 1135 ut
1712 1078 1893 1136 homo

391 1172 623 1231 vestris
658 1173 1166 1248 fraudulentiis,
1207 1171 1272 1235 id
1317 1181 1414 1236 est
1453 1172 1705 1235 callidis
1747 1192 1896 1236 con-

391 1277 493 1330 tra
525 1288 630 1331 me
667 1268 1096 1350 processibuS,
1133 1277 1203 1332 ut
1243 1277 1420 1353 putet
1455 1290 1568 1335 vos
1605 1271 1894 1334 ordinate

387 1386 574 1429 suam
615 1387 874 1430 causam
914 1376 1136 1431 contra
1179 1387 1281 1432 me
1319 1369 1698 1432 defensare?
1729 1370 1894 1433 sicut

387 1466 716 1529 interdum
751 1467 988 1547 aliquis
1025 1468 1296 1550 simplex
1327 1477 1509 1550 putat
1545 1488 1728 1531 suam
1757 1489 1895 1533 cau-

311 1616 321 1621 -
387 1585 528 1627 sam
561 1585 702 1629 esse
736 1566 1066 1647 injustam,
1093 1567 1366 1648 ideoque
1398 1585 1526 1630 non
1557 1568 1736 1650 cupit
1754 1588 1894 1632 eam

83 1878 352 1925 Panum&

119 2762 130 2802 i
149 2762 248 2805 Cor.
265 2777 342 2813 xv,

84 2826 140 2870 13,
163 2828 227 2867 ίδ.

385 1663 699 1740 defendi3
735 1667 846 1728 sed
879 1665 962 1728 ab
1000 1666 1322 1730 advocatis
1361 1668 1778 1749 persuadetur
1807 1668 1889 1745 ei,

385 1766 564 1845 quod
607 1782 800 1826 causa
845 1783 960 1826 sua
1005 1764 1087 1825 sit
1127 1765 1321 1845 justa,
1359 1765 1580 1846 sicque
1625 1766 1784 1848 petit
1825 1774 1894 1827 ut

2006 785 2102 839 tra
2131 798 2201 840 se
2230 786 2545 855 movetur,
2580 786 2643 842 et
2674 778 2766 841 sic
2798 779 2863 841 in
2896 778 3203 843 ultionem
3238 796 3495 861 progre-

2005 876 2197 938 ditur.
2240 880 2547 939 Turbabit
2584 899 2715 950 vos,
2748 896 2861 959 per
2904 897 3159 960 poenam
3201 877 3495 958 infligen-

2003 975 2172 1051 dam,
2194 975 2280 1037 ita
2312 977 2482 1056 quod
2514 996 2734 1058 pacem
2762 985 2827 1039 et
2858 975 3405 1058 tranquillitatem,
3426 975 3493 1037 in

2003 1093 2130 1156 qua
2160 1093 2330 1137 nunc
2369 1094 2507 1138 esse
2541 1084 2603 1138 et
2642 1084 2862 1139 contra
2902 1095 3005 1138 me
3043 1075 3370 1157 disputare
3404 1074 3496 1137 vi-

2004 1172 2268 1249 demini,
2295 1193 2370 1236 ex
2401 1174 2523 1237 levi
2546 1174 2735 1237 etiam
2758 1175 3169 1256 percussione
3198 1173 3495 1256 perdetiS,

2003 1271 2116 1352 qui
2166 1272 2633 1354 reprehenditis
2688 1292 2790 1336 me
2837 1274 3008 1355 quod
3056 1280 3317 1355 propter
3367 1272 3497 1353 pla-

1999 1387 2144 1449 gam
2169 1370 2331 1433 hanc
2352 1371 2689 1434 maximam
2712 1392 2853 1434 sum
2877 1371 3172 1433 turbatus
3188 1373 3273 1433 Ec
3296 1381 3495 1431 terror

2002 1470 2167 1545 ejus,
2202 1468 2265 1530 id
2296 1478 2392 1532 est
2434 1469 2623 1533 timor
2654 1489 2843 1551 quem
2876 1489 2953 1533 ex
2986 1469 3495 1533 consideratione

2004 1566 2112 1629 Dei
2145 1575 2208 1628 et
2240 1586 2369 1629 suae
2409 1568 2709 1631 vindictae
2747 1567 3145 1650 concipietiS,
3182 1567 3283 1629 vel
3317 1566 3497 1629 terri-

2003 1664 2154 1728 bilis
2186 1666 2326 1746 ejus
2358 1666 2680 1748 majestaS,
2704 1670 2913 1728 irruet
2930 1688 3123 1745 super
3144 1687 3267 1735 vos,
3290 1666 3354 1728 id
3374 1674 3493 1742 est,

2003 1765 2195 1826 corda
2238 1773 2449 1827 vestra
2492 1765 2807 1847 deprimet
2852 1766 2960 1842 ita,
3008 1766 3179 1847 quod
3223 1764 3349 1827 alia
3386 1783 3497 1827 seu

385 1863 802 1927 defendatur.
837 1862 957 1926 Sed
990 1864 1152 1927 Deus
1181 1864 1367 1944 cujus
1407 1864 1734 1947 sapientiae
1765 1884 1892 1927 non
1931 1860 1978 1923 B
2003 1864 2299 1945 graviora
2336 1872 2655 1928 tormenta
2693 1864 3001 1927 timebitis
3038 1882 3051 1927 :
3084 1872 3147 1927 et
3186 1864 3306 1927 hoc
3344 1863 3501 1926 dici-

385 1973 491 2028 est
527 1963 683 2025 finis
714 1971 825 2026 aut
855 1982 1184 2039 numeruS,
1208 1962 1300 2025 sic
1331 1962 1471 2025 falli
1500 1984 1627 2027 non
1655 1973 1888 2046 potest.

475 2067 622 2142 lpse
641 2084 749 2124 vos
777 2072 1006 2140 arquec
1035 2063 1114 2125 de
1143 2071 1355 2125 vestra
1385 2063 1746 2126 inordinata
1771 2063 1896 2126 dis-

388 2163 734 2246 putatione
788 2164 1126 2225 adversum
1177 2181 1281 2224 me
1325 2179 1339 2223 :
1387 2163 1554 2225 sicut
1609 2172 1672 2224 et
1727 2162 1895 2225 infra

385 2261 628 2324 ultimo
656 2260 938 2343 capitulo
971 2270 1166 2343 patet.
1200 2261 1316 2336 Qui
1347 2262 1518 2326 enim
1551 2263 1752 2327 Deum
1782 2283 1894 2344 per

383 2359 558 2421 falsa
603 2359 1029 2435 commendat,
1061 2378 1189 2423 non
1231 2360 1434 2422 solum
1481 2360 1539 2423 ei
1585 2379 1711 2423 non
1760 2360 1895 2443 pla-

379 2465 514 2534 cet,
569 2457 678 2519 sed
732 2456 996 2538 insuper
1041 2456 1360 2539 displicet,
1394 2475 1648 2540 poenam
1696 2477 1893 2521 mere-

379 2566 526 2632 tur,
581 2562 643 2618 et
691 2556 818 2618 Deo
865 2556 978 2637 qui
1028 2556 1261 2619 veritas
1319 2564 1440 2631 est,
1495 2556 1885 2633 adversatur,

375 2653 936 2735 quemadmodum
966 2654 1044 2717 ad
1075 2654 1437 2717 Corinthios
1478 2654 1702 2718 scribit
1732 2656 1891 2738 Apo-

375 2754 592 2817 stolus
630 2771 645 2815 :
680 2752 1050 2815 Invenimur
1082 2751 1349 2833 (inquit)
1395 2760 1458 2815 et
1501 2752 1647 2814 falsi
1697 2762 1888 2816 testes

371 2854 492 2917 Dei
518 2852 851 2943 (videlicet
871 2853 924 2914 si
947 2853 1326 2915 resurrectio
1347 2861 1737 2917 mortuorum
1762 2874 1887 2918 non

371 2954 530 3031 est),
561 2949 870 3032 quoniam
902 2949 1339 3012 testimonium
1369 2950 1646 3016 diximus
1677 2952 1888 3016 adver-

2004 1972 2126 2039 tur,
2166 1963 2291 2025 nisi
2323 1964 2797 2045 poenituissent,
2824 1965 2989 2027 sicut
3020 1963 3375 2046 sequentia.

2083 2065 2401 2123 Memoria
2432 2074 2639 2123 vestra
2668 2066 3157 2141 comparabitur
3183 2064 3413 2134 cineri,
3434 2062 3497 2125 id

2002 2168 2118 2237 est,
2152 2162 2281 2223 cito
2310 2161 2586 2224 cessabit
2615 2170 2677 2225 et
2708 2160 3053 2239 auferetur,
3087 2162 3499 2243 quemadmo-

2001 2262 2151 2323 dum
2186 2261 2349 2323 cinis
2382 2260 2657 2323 faciliter
2681 2261 2948 2338 tollitur,
2978 2270 3185 2325 cessat
3212 2268 3275 2323 et
3304 2261 3491 2342 perit.

2003 2358 2121 2420 Sed
2152 2361 2474 2439 quomodo
2503 2378 2722 2423 verum
2766 2368 2861 2423 est
2892 2360 3033 2437 hoc,
3061 2378 3259 2441 quum
3294 2376 3495 2439 usque

2005 2456 2070 2519 in
2103 2475 2383 2538 praesens
2424 2477 2537 2540 per
2580 2466 2780 2521 totum
2820 2460 3127 2521 mundum
3171 2467 3295 2520 tam
3325 2476 3496 2520 com-

2003 2556 2218 2618 munis
2250 2557 2333 2619 sit
2364 2558 2648 2621 virorum
2681 2557 2945 2621 istorum
2976 2557 3301 2633 memoria,
3338 2576 3495 2639 prae-

2001 2655 2219 2717 sertim
2281 2675 2481 2737 quum
2542 2656 2703 2718 liber
2760 2656 2865 2719 hic
2924 2656 3154 2736 legitur
3182 2659 3207 2717 ’ῑ
3259 2656 3335 2718 Et
3393 2674 3491 2718 re-

2001 2754 2473 2835 spondendum,
2505 2755 2677 2835 quod
2720 2753 3003 2836 loquitur
3049 2753 3141 2817 eis
3189 2762 3491 2835 tanquam

1999 2852 2362 2915 errantibus
2414 2871 2427 2914 :
2478 2853 2700 2934 sicque
2748 2871 2967 2917 eorum
3012 2851 3318 2915 memoria
3362 2852 3491 2914 cito

1998 2950 2293 3032 deperiit,
2321 2970 2449 3014 non
2480 2951 2663 3032 quasi
2695 2951 2959 3014 omnino
2990 2969 3118 3014 non
3159 2950 3484 3027 manserit,

369 3070 490 3113 sus
526 3051 746 3125 Deum,
766 3048 937 3130 quod
971 3047 1302 3111 suscitavit
1319 3047 1638 3110 Christum
1661 3066 1673 3110 :
1693 3068 1884 3131 quem
1922 3047 1966 3110 C
1997 3050 2106 3111 sed
2135 3049 2285 3131 quia
2318 3068 2445 3113 non
2476 3048 2713 3111 mansit
2740 3050 2819 3110 ad
2852 3048 3092 3112 bonum
3114 3068 3225 3111 seu
3258 3048 3335 3111 ad
3358 3048 3489 3111 lau-

369 3168 514 3212 non
559 3147 917 3223 suscitavit,
967 3145 1020 3207 si
1071 3146 1306 3209 mortui
1347 3163 1476 3208 non
1521 3157 1880 3227 resurgunt.

365 3249 625 3328 Nempe
671 3245 990 3327 quidquid
1032 3244 1286 3308 veritati
1317 3245 1762 3323 contrariatur,
1795 3248 1884 3309 di-

1995 3150 2138 3211 dem
2190 3168 2431 3225 eorum,
2466 3148 2785 3230 quomodo
2827 3147 3140 3228 justorum
3182 3144 3489 3209 memoria

1993 3246 2229 3310 dicitur
2272 3265 2667 3330 permanere,
2711 3247 2893 3329 juxta
2935 3246 3093 3309 illud
3129 3245 3488 3309 Proverbio-

1995 3364 2134 3406 rum
2163 3345 2497 3408 :Memoria
2526 3345 2680 3427 justi
2704 3365 2849 3408 cum
2884 3344 3215 3420 laudibus3
3252 3362 3481 3407 nomen
3523 3372 3775 3429 mmm,

1994 3444 2337 3526 impiorum
2368 3451 2710 3525 putrescet.
2736 3444 2811 3506 Et
2843 3445 2909 3506 in
2940 3444 3187 3507 Psalmo
3222 3461 3235 3505 :
3269 3442 3336 3505 In
3358 3460 3484 3505 me·
3540 3471 3775 3521 puna,

1991 3542 2193 3604 moria
2237 3551 2474 3604 aeterna
2517 3541 2636 3603 erit
2683 3542 2915 3622 justuS.
2958 3542 3035 3603 Et
3082 3543 3161 3604 de
3210 3541 3427 3624 impiis
3462 3560 3476 3605 :

1988 3641 2181 3703 Periit
2200 3640 2468 3720 (inquit)
2486 3639 2797 3703 memoria
2823 3658 3041 3703 eorum
3064 3660 3209 3703 cum
3240 3642 3476 3703 sonitu.
3534 3660 3688 3713 me,
3706 3662 3746 3703 7.

365 3348 628 3411 vinitas
669 3344 1068 3427 reprobatur.
1107 3347 1426 3413 Quoniam
1459 3348 1530 3405 in
1563 3348 1884 3407 abscondi-

367 3457 464 3517 ιο,
497 3445 568 3507 id
607 3452 704 3507 est
733 3443 946 3507 cordis
977 3443 1252 3519 occulto,
1285 3445 1523 3521 faeiem
1551 3446 1692 3521 ejus
1721 3447 1883 3504 acci-

356 3546 542 3621 pitis
570 3564 594 3603 .·
624 3543 976 3605 secundum
1017 3560 1278 3603 sensum
1308 3541 1760 3623 praehahitum3
1795 3542 1880 3605 ita

363 3642 555 3724 quod
587 3640 770 3705 vohis
811 3640 1055 3703 conscii
1095 3640 1271 3718 estis»,
1309 3641 1408 3704 vel
1452 3641 1675 3702 saltem
1716 3660 1882 3703 esse-

365 3743 482 3817 tis,
533 3740 589 3801 si
631 3740 964 3802 advertere
1009 3738 1341 3801 veritatem
1393 3738 1665 3814 velletiS,
1708 3742 1879 3821 quod

359 3838 729 3921 judicando
767 3837 937 3899 inter
970 3837 1165 3899 Deum
1207 3844 1272 3899 et
1299 3856 1426 3913 me,
1457 3837 1750 3919 accipitis
1791 3837 1882 3901 fa-

361 3939 548 4002 ciem
576 3936 716 4018 ejus
753 3954 768 3997 :
802 3935 958 4017 quia
987 3934 1240 4017 justitia
1266 3954 1408 3997 mea
1443 3935 1626 4000 vobis
1657 3946 1720 3999 et
1749 3957 1882 4002 om-

362 4037 576 4099 nibus
633 4042 786 4098 nota
832 4033 977 4111 fuit,
1030 4034 1251 4116 sicque
1301 4053 1414 4115 per
1470 4033 1694 4097 falsam
1753 4036 1879 4099 mei

359 4133 852 4197 accusationem
886 4131 1234 4195 defenditis
1267 4132 1376 4194 Dei
1405 4132 1739 4214 justitiam.

1988 3743 2074 3802 Ec
2103 3742 2481 3817 redigentur
2512 3740 2584 3799 in
2616 3743 2851 3809 lutum,
2889 3738 2950 3799 id
2990 3746 3085 3801 est
3116 3738 3307 3801 vilem
3352 3759 3482 3802 ma-

1989 3839 2239 3916 teriam,
2280 3840 2552 3899 cervz’ces
2600 3848 2845 3906 vestrae,
2884 3836 3095 3898 anima
3140 3856 3177 3898 a
3216 3854 3479 3917 corpore

1990 3936 2577 4019 separata,quando
2605 3952 2872 4017 corpora
2890 3942 3101 3997 vestra
3128 3934 3481 4015 putrefient

1989 4045 2051 4099 et
2084 4034 2633 4098 incinerabuntur.

2068 4135 2545 4215 Consequenter
2580 4132 2695 4196 Job
2731 4139 2952 4196 contra
2990 4131 3229 4196 amicos
3266 4130 3480 4214 dispu-

449 4234 706 4295 Statim
743 4242 816 4293 ue
851 4254 916 4293 se
955 4236 1392 4302 commoverit,
1433 4250 1561 4294 non
1599 4252 1710 4314 per
1749 4252 1880 4296 suae
1909 4236 1958 4297 D
1991 4241 2257 4309 taturuS‚
2278 4240 2586 4295 eteorum
2619 4231 2779 4293 falsa
2810 4232 3103 4310 dogmata
3130 4231 3479 4295 destructu-

359 4340 624 4395 naturae
661 4331 948 4412 aliquam
987 4330 1426 4407 variationem,
1463 4332 1570 4394 sed
1619 4350 1733 4414 per
1771 4351 1881 4414 po-

357 4429 625 4495 testatis
670 4449 800 4493 suae
845 4447 1213 4512 processum
1258 4429 1323 4490 in
1362 4437 1571 4491 actum
1619 4431 1880 4493 exterio·

357 4548 538 4605 rem,
573 4528 637 4589 id
677 4536 796 4604 est,
842 4547 988 4591 mox
1034 4545 1232 4609 quum
1273 4546 1566 4590 exercere
1613 4529 1880 4610 coeperit

356 4626 714 4690 ultionem.
765 4626 951 4688 Juxta
1008 4625 1179 4688 hunc
1235 4626 1492 4687 modum
1547 4625 1872 4707 loquendi,

353 4727 552 4789 Plato
599 4724 760 4786 dixit
811 4724 1090 4806 primum
1141 4730 1450 4787 motorem
1501 4725 1765 4788 moveri.
1801 4726 1878 4787 Et

357 4824 749 4888 Aristoteles
794 4822 1116 4885 Platonem
1167 4840 1360 4904 super
1407 4822 1526 4885 hoc
1577 4841 1871 4904 arguenS,

357 4922 574 4987 verba
601 4922 765 5002 ejuS,
787 4938 915 4983 non
939 4929 1241 4997 mentem,
1261 4921 1612 5003 impugnat.
1631 4921 1782 4983 Nam
1813 4932 1876 4985 et

355 5019 786 5086 beatissimus
807 5019 1142 5101 Dionysius
1175 5020 1265 5082 ait
1293 5020 1500 5101 primo
1531 5020 1610 5082 de
1631 5020 1873 5083 Divinis

357 5116 747 5181 nominibus
796 5118 1078 5199 capitulo
1129 5136 1144 5180 :
1191 5118 1421 5182 Omnes
1472 5118 1653 5181 Patre
1700 5127 1871 5181 moto

355 5215 878 5279 illuminationes
938 5217 1356 5279 descendunt.
1420 5216 1530 5280 Vel
1591 5216 1870 5279 humano

353 5316 564 5380 modo
594 5314 880 5396 loquitur
908 5314 1024 5378 Job
1055 5317 1134 5379 de
1165 5316 1312 5393 Deo,
1339 5316 1644 5397 quoniam
1675 5316 1868 5379 homo

1987 4352 2118 4409 ruS,
2165 4331 2553 4394 audientiam
2602 4329 2784 4412 petit.
2834 4334 3051 4391 Tacete
3086 4333 3426 4409 paulisper
3453 4350 3478 4392 .·

1987 4432 2140 4513 quia
2179 4431 2289 4493 diu
2328 4438 2560 4506 tacere,
2595 4427 3011 4510 impatientiae
3050 4436 3275 4491 vestrae
3312 4439 3480 4493 esset

1987 4530 2358 4601 molestum;
2392 4546 2508 4608 ego
2529 4544 2786 4608 quoque
2806 4543 2933 4587 non
2968 4526 3324 4589 inordinate
3346 4546 3481 4609 pro-

1987 4627 2233 4690 traham
2262 4625 2455 4689 verba
2482 4648 2498 4699 ς
2530 4636 2603 4687 ut
2632 4630 2861 4705 loquar
2890 4627 3332 4705 quodcumque
3362 4629 3479 4686 mi-

1984 4729 2057 4787 ln'
2117 4746 2291 4785 mens
2347 4726 2751 4802 suyyesserit,
2801 4722 2864 4784 id
2919 4731 3035 4797 est,
3085 4724 3257 4803 quod
3318 4724 3478 4786 ratio

1982 4823 2321 4887 dictaverit
2348 4842 2487 4885 esse
2518 4822 2882 4895 dicendum,
2917 4838 3044 4883 non
3076 4820 3155 4882 ad
3187 4822 3359 4901 quod
3390 4820 3479 4883 in-

1982 4923 2319 4987 clinaverit
2351 4921 2561 5003 passio
2596 4939 2609 4982 :
2644 4928 2706 4983 et
2747 4920 2835 4983 ita
2874 4919 3237 4983 succinctus
3268 4938 3377 4982 ero
3409 4920 3475 4983 in

1982 5020 2217 5085 verbiS.

2049 5124 2262 5189 Quare
2284 5124 2487 5178 lacero
2509 5136 2731 5177 carnes
2752 5136 2924 5175 meas
2942 5117 3241 5175 dentibus
3272 5118 3428 5175 meis
3446 5119 3476 5175 ἓ

1980 5218 2044 5279 id
2075 5226 2192 5293 est,
2211 5236 2326 5279 cur
2345 5234 2577 5296 corpus
2608 5232 2819 5276 meum
2846 5212 2983 5275 dire
3012 5211 3243 5291 affligo
3275 5211 3474 5273 instar

1977 5334 2197 5381 eorum
2240 5315 2351 5397 qui
2390 5332 2519 5396 prae
2561 5312 2729 5375 fame
2770 5330 3025 5375 carnem
3066 5330 3243 5374 suam
3298 5330 3475 5375 man-
