4309 6259
899 506 1018 568 214

1277 521 1624 568 ENARRA'rlo
1669 522 1728 566 IN
1773 521 1909 566 CAP.
1955 521 2066 566 xm
2108 519 2267 565 unm
2310 520 2561 565 SECUNDI
2601 519 3129 565 PARALlPouENON.
3176 539 3257 549 -
3296 520 3439 566 ΛΒΤ.
3484 520 3595 565 xm

899 694 1124 755 Abiam
1151 710 1164 754 ε
1197 693 1518 774 quomodo
1549 710 1700 773 ergo
1731 711 1900 754 nunc
1931 692 2188 767 dicitur,
2214 690 2387 770 quod
2417 688 2465 749 A
2499 690 2749 753 videtur
2791 690 2951 753 Abia
2999 691 3269 754 intrasse
3319 699 3547 753 terram
3596 692 3775 771 regni
3818 692 3979 755 Jero-

900 800 1101 854 mater
1139 790 1312 853 Abiae
1345 789 1470 853 fuit
1499 790 1763 854 Michaia
1796 789 1938 852 filia
1964 790 2132 853 Uriel
2170 790 2250 851 de
2278 787 2388 850 Ga-

899 889 1059 952 baaz
1102 890 1193 951 Ad
1235 890 1355 952 hoc
1395 888 1654 970 quidam
1698 889 2018 965 dixerunt,
2054 888 2227 970 quod
2267 887 2389 948 Ab-

900 987 1077 1051 salon
1113 987 1239 1050 alio
1269 988 1528 1050 nomine
1557 987 1764 1050 dictus
1797 987 1880 1049 sit
1903 987 2095 1049 Uriel.
2118 986 2237 1049 Sed
2267 985 2388 1049 hoc

901 1104 1028 1149 non
1062 1086 1314 1150 videtur
1339 1084 1833 1167 sufficere‚quia
1863 1085 2234 1166 adjunctum
2267 1092 2385 1160 est,

900 1184 985 1247 De
1023 1183 1253 1247 Gabaa.
1289 1183 1566 1247 Absalon
1609 1191 1816 1247 autem
1853 1202 1978 1246 non
2013 1182 2136 1244 suit
2166 1183 2246 1245 de
2274 1181 2390 1244 Ga-

899 1281 1041 1359 baa,
1077 1284 1186 1346 sed
1221 1284 1298 1345 de
1330 1282 1699 1359 Jerusalem,
1735 1283 1869 1346 sive
1904 1283 1982 1344 de
2024 1281 2387 1344 Bethlehem

901 1401 977 1444 ex
1017 1390 1196 1463 parte
1235 1382 1434 1462 patris
1473 1381 1572 1442 sui
1620 1381 1839 1457 David,
1893 1390 1957 1442 et
2006 1381 2084 1442 de
2131 1380 2387 1442 Gessuri

899 1500 976 1543 ex
1035 1488 1215 1562 parte
1269 1480 1512 1541 matriS.
1563 1480 1754 1541 Porro
1803 1480 1964 1560 Lyra
2021 1480 2382 1560 respondet,

898 1578 1070 1660 quod
1122 1597 1311 1640 verus
1357 1586 1562 1639 textus
1613 1576 1862 1655 habeat,
1916 1576 2078 1639 Filia
2124 1576 2390 1640 Abessa-

900 1677 1029 1754 lon,
1063 1677 1218 1759 quia
1260 1677 1324 1738 in
1368 1675 1627 1739 Hebraeo
1674 1677 1758 1738 ita
1799 1676 2089 1753 habetur,
2124 1684 2185 1737 et
2232 1695 2382 1754 non,

898 1775 1057 1839 Filia
1104 1776 1401 1838 Absalon.
1437 1775 1569 1849 Quo
1608 1774 1907 1852 admisso,
1951 1775 2161 1837 adhuc
2192 1794 2388 1837 rema-

2496 788 2707 851 boam.
2753 793 2836 851 Et
2882 792 2980 850 ait
3025 789 3152 852 alta
3202 807 3356 853 voce
3404 789 3737 853 clamando
3780 808 3795 853 ε
3841 790 3979 853 ideo

2498 888 2671 950 stetit
2703 888 2769 949 in
2799 897 3038 965 monte,
3075 897 3144 950 ut
3174 888 3401 950 melius
3432 890 3757 951 audiretur
3787 909 3826 952 a
3851 899 3980 953 tan-

2500 994 2561 1049 to
2610 986 2891 1050 exercitu
2945 1005 2958 1049 :
3011 990 3221 1057 Audi,
3266 990 3617 1059 Jeroboam,
3668 998 3729 1048 et
3772 992 3981 1049 omm's

2497 1088 2727 1155 Israel,
2774 1084 2836 1147 id
2886 1094 2982 1148 est
3030 1084 3213 1167 plebs
3262 1086 3481 1148 decem
3532 1086 3813 1149 tribuum
3866 1088 3975 1149 tihi

2496 1184 2775 1245 adstans.
2812 1187 2959 1244 Non
2981 1186 3005 1209 *
3038 1187 3357 1259 iquoracis
3387 1204 3410 1244 .·
3440 1185 3623 1265 quasi
3652 1185 3843 1261 dicat,
3864 1187 3981 1249 Uti·
4026 1204 4044 1222 ·
4066 1203 4157 1245 Νι-

2496 1301 2622 1363 que
2653 1282 2829 1345 scitis
2860 1290 2969 1343 aut
2991 1282 3154 1345 scire
3177 1282 3453 1355 debetis;
3478 1288 3648 1363 quod
3666 1288 3979 1346 Dominus

2495 1383 2665 1441 Deus
2686 1383 2891 1441 Israel
2918 1383 3168 1441 dederit
3198 1400 3470 1457 reynum
3499 1380 3620 1463 ipsi
3643 1385 3865 1444 David
3888 1405 3981 1444 su-

2487 1498 2609 1556 per
2640 1481 2865 1551 Israel,
2890 1479 2952 1541 id
2985 1486 3081 1541 est
3111 1478 3445 1541 duodecim
3472 1480 3702 1557 tribus,
3732 1484 3803 1542 in
3828 1504 3981 1542 sem-

2486 1578 2851 1654 piternum,
2883 1580 3014 1655 ipsi
3044 1588 3103 1639 et
3131 1579 3293 1656 filiis
3324 1579 3465 1655 ejus
3495 1581 3567 1638 in
3590 1589 3859 1656 pactum
3886 1602 3980 1640 sa-

2497 1676 2604 1744 lis,
2638 1675 2699 1736 id
2736 1683 2829 1737 cst
2870 1674 3110 1738 soedere
3154 1675 3281 1739 fixo
3320 1684 3383 1738 et
3422 1676 3634 1739 stabili
3674 1678 3975 1741 datione:

2497 1773 2660 1835 sicut
2711 1773 2775 1835 in
2825 1773 3001 1836 omni
3050 1762 3377 1837 oblatione⁴
3418 1774 3536 1838 rite
3586 1774 3775 1853 sacta,
3812 1784 3875 1839 ct
3914 1778 3977 1839 in

901 1882 1008 1937 net
1046 1874 1336 1956 quaestio,
1371 1874 1524 1955 quia
1564 1873 1668 1937 hic
1708 1874 1965 1946 dicitur,
1999 1874 2161 1935 Filia
2188 1874 2381 1936 Uriel.
2424 1868 2469 1929 B
2496 1872 2669 1934 omni
2700 1872 2844 1935 cibo
2869 1871 3034 1935 bene
3062 1872 3317 1936 condito
3356 1874 3447 1935 sal
3486 1874 3767 1955 ponitur.
3811 1874 3979 1937 lnl'ra

898 1972 990 2035 Ad
1022 1973 1194 2054 quod
1241 1972 1441 2053 aliqui
1483 1974 1969 2054 responderunt,
2006 1973 2180 2053 quod
2215 1972 2384 2034 Uriel

897 2081 956 2134 et
980 2071 1324 2134 Abessalon
1359 2070 1620 2133 fuerunt
1639 2072 1766 2133 duo
1793 2071 2054 2133 nomina
2074 2070 2197 2132 viri
2223 2071 2387 2152 ejus-

896 2171 1064 2233 dem.
1103 2169 1226 2232 Alii
1259 2170 1627 2252 opinantur,
1664 2170 1834 2251 quod
1871 2168 2219 2232 Abessalon
2262 2168 2387 2230 suit

895 2289 1052 2334 avus
1093 2268 1350 2331 feminae
1389 2268 1604 2349 hujus,
1640 2277 1703 2331 et
1730 2269 1900 2331 Uriel
1937 2276 2116 2350 pater
2157 2268 2380 2350 ipsius,

893 2366 972 2429 At
1002 2385 1153 2430 vero
1180 2366 1471 2447 Magister
1502 2366 1570 2427 in
1600 2366 1884 2428 historiis
1916 2366 2017 2441 ait,
2042 2366 2207 2447 quod
2227 2366 2386 2428 Abia

896 2454 1020 2526 fuit
1051 2463 1231 2526 tilius
1264 2464 1534 2527 Thamar
1567 2463 1722 2526 filiae
1759 2464 2118 2527 AbsaloniS.
2155 2463 2385 2545 Sicquc

895 2562 1022 2625 dici
1055 2570 1289 2644 posset,
1315 2563 1486 2643 quod
1506 2562 1675 2624 Uriel
1708 2562 1828 2625 iste
1859 2562 1982 2623 fuit
2013 2563 2279 2624 maritus
2312 2562 2386 2623 il-

852 2709 865 2730 ,
895 2659 1020 2723 lius
1052 2662 1343 2737 Thamar,
1378 2680 1520 2742 quae
1566 2659 1690 2722 fuit
1735 2661 2008 2740 eleganti
2049 2659 2277 2737 forma,
2314 2670 2385 2723 ut

895 2761 1174 2823 secundo
1218 2760 1458 2838 Regum
1494 2760 1762 2821 habetur
1799 2777 1812 2821 :
1855 2767 1918 2821 et
1960 2760 2129 2821 istud
2172 2760 2383 2822 verius

619 2677 652 2720 ll
660 2680 770 2734 1109.
781 2692 848 2721 xiv

603 2742 672 2787 27.

892 2878 1044 2922 reor.
1061 2858 1126 2921 Si
1145 2867 1356 2921 autem
1378 2858 1444 2919 in
1461 2857 1720 2921 Hebraeo
1739 2859 2046 2941 scriptum
2069 2867 2181 2935 est,
2199 2858 2386 2921 Abes-

889 2957 1092 3033 salon,
1113 2956 1348 3039 poterit
1368 2956 1517 3033 dici,
1538 2956 1708 3038 quod
1728 2956 2078 3019 Abessalon
2109 2957 2384 3019 sumitur

2497 1970 2560 2031 in
2596 1970 2715 2033 isto
2748 1969 2951 2033 fertur
2981 1970 3284 2052 capitulo,
3305 1981 3367 2034 et
3387 1980 3535 2034 sunt
3551 1972 3747 2035 verba
3765 1972 3974 2037 Ahiae:

2492 2067 2637 2129 Filii
2682 2068 2893 2145 Israel,
2939 2068 3135 2132 nolite
3182 2087 3465 2151 pugnare
3514 2079 3737 2134 contra
3784 2072 3977 2135 Deum

2494 2176 2743 2249 patrum
2792 2175 3168 2245 vestrorum,
3204 2167 3357 2249 quia
3402 2188 3528 2232 non
3576 2170 3759 2233 vobis
3798 2190 3979 2253 expc-

2492 2264 2608 2327 dit.
2642 2265 2729 2326 Ex
2759 2284 2888 2347 quo
2919 2265 3192 2343 elicitur,
3219 2268 3391 2348 quod
3421 2266 3580 2329 Abia
3610 2267 3978 2332 intendebat

2493 2362 2872 2427 adversariis
2914 2365 3317 2445 persuadere,
3355 2373 3425 2427 ut
3467 2364 3606 2427 sine
3642 2365 3815 2429 bello
3852 2368 3981 2429 abi-

2494 2470 2655 2536 rent,
2692 2461 2792 2524 vel
2821 2480 3087 2541 regnum
3130 2470 3333 2524 totum
3372 2463 3494 2525 sibi
3536 2463 3811 2545 pacifice
3848 2466 3980 2528 red·

2493 2561 2717 2622 derent
2759 2577 2773 2621 :
2814 2561 2892 2622 ad
2929 2560 3101 2642 quod
3140 2560 3393 2625 diversa
3432 2561 3675 2625 inducit
3714 2562 3975 2639 motiva,

2490 2675 2765 2740 quorum
2816 2658 3094 2739 primum
3137 2659 3267 2739 jam
3314 2667 3550 2722 tactum
3598 2667 3715 2736 est,
3759 2670 3979 2743 utpote

2491 2756 2795 2837 quoniam
2818 2755 3123 2818 Dominus
3157 2757 3429 2819 contulit
3452 2758 3644 2820 David
3673 2778 3748 2821 ac
3779 2768 3979 2841 poste-
4022 2781 4055 2824 11
4068 2782 4221 2833 new.

2491 2855 2579 2916 ris
2610 2856 2749 2937 ejus
2780 2855 3194 2917 israeliticum
3230 2873 3491 2934 regnum
3525 2856 3592 2918 in
3620 2876 3853 2920 aevum.
3872 2858 3981 2921 Vc·
4008 2848 4131 2887 ¹³⁴⁶·

2493 2961 2848 3016 rumtamen
2881 2954 3223 3036 promissio
3247 2954 3357 3017 Dei
3389 2955 3468 3017 dc
3496 2954 3617 3018 hoc
3649 2955 3819 3018 facta
3850 2956 3978 3037 regi

4028 2008 4121 2039 vers.
4138 1998 4185 2036 ¹2,

890 3055 980 3118 ibi
1021 3074 1137 3138 pro
1175 3054 1473 3131 Absalon,
1520 3054 1686 3117 sicut
1723 3054 1988 3118 Michaia
2023 3063 2119 3117 est
2158 3057 2380 3119 eadem
2416 3054 2461 3118 C
2490 3051 2710 3121 David,
2747 3060 2810 3114 et
2850 3052 3020 3113 datio
3060 3051 3220 3134 ipsa,
3258 3051 3689 3133 intelligendae
3722 3052 3980 3117 fuerunt

888 3173 1030 3236 quae
1059 3153 1333 3229 Maacha,
1367 3154 1672 3234 quoniam
1704 3154 1925 3216 eadem
1966 3153 2227 3216 nomina
2266 3154 2380 3216 ali-

888 3253 1141 3333 quando
1163 3250 1484 3315 variantur
1502 3250 1567 3311 in
1589 3250 1907 3333 principio
1927 3258 1989 3313 et
2011 3251 2074 3313 in
2100 3251 2242 3314 fine.
2255 3253 2377 3315 Nec

889 3360 1066 3433 puto,
1096 3351 1263 3433 quod
1297 3368 1454 3413 uxor
1484 3349 1764 3413 Roboam
1806 3350 1972 3431 regis
2006 3350 2130 3413 fuit
2159 3352 2379 3415 imme-

887 3448 1058 3510 diata
1089 3447 1226 3511 filia
1255 3448 1617 3525 AbsaloniS,
1643 3458 1714 3510 ut
1747 3448 1931 3510 multi
1964 3457 2205 3530 putant,
2227 3469 2379 3531 quo-

888 3546 1058 3608 niam
1092 3544 1367 3607 Absalon
1405 3545 1516 3607 diu
1558 3554 1846 3608 mortuus
1881 3544 2004 3607 fuit
2033 3554 2374 3628 antequam

887 3642 1183 3706 Salomon
1221 3643 1418 3724 coepit
1459 3660 1724 3721 regnare
1765 3651 1876 3705 aut
1913 3662 2240 3723 generare.
2276 3644 2377 3706 Sa-

887 3742 1103 3805 lomon
1134 3750 1345 3803 autem
1379 3741 1671 3823 regnavit
1693 3742 2116 3823 quadraginta
2145 3742 2331 3804 annis
2358 3760 2372 3804 ε

887 3839 1107 3921 sicque
1139 3838 1280 3901 tilia
1302 3839 1636 3902 Absalonis
1674 3840 2062 3917 immediata,
2085 3840 2211 3903 tuit
2229 3861 2378 3923 qua-

888 3938 942 4000 s'i
967 3937 1180 4002 vetula
1199 3938 1350 3999 dum
1373 3937 1650 4001 Roboam
1675 3957 1820 3999 suas
1844 3938 2090 4020 accepit
2123 3958 2370 4002 uxoreS.

970 4039 1056 4098 Et
1083 4046 1223 4097 erat
1251 4038 1486 4097 bellum
1518 4038 1690 4097 incer
1710 4038 1946 4097 Abiam
1967 4046 2026 4097 et
2046 4040 2376 4099 Jeroboam

891 4134 1066 4197 omni
1100 4142 1382 4215 tempore
1419 4134 1566 4196 vitae
1605 4133 1768 4216 ejuS‚
1803 4134 2048 4197 scilicet
2077 4134 2271 4212 Abiae,
2309 4143 2378 4197 ut

2492 3149 2612 3211 sub
2656 3149 3042 3227 conditione,
3080 3150 3398 3227 videlicet,
3442 3151 3495 3213 si
3538 3152 3602 3213 in
3647 3150 3759 3215 Dei
3802 3152 3983 3216 obse-

2488 3248 2645 3330 'quio
2678 3258 3159 3330 perseverarent
3189 3248 3437 3312 fideleS.

2567 3349 2654 3407 Et
2670 3349 2957 3407 surrexit
2976 3349 3306 3408 Jeroboam
3325 3350 3507 3425 filius
3526 3350 3745 3411 Nabal
3761 3370 3981 3410 servus

2489 3447 2854 3506 Salomonis
2882 3447 3017 3522 filii
3041 3448 3283 3515 David,
3305 3456 3363 3506 et
3391 3448 3727 3507 rebellavit
3757 3460 3979 3509 contra

2486 3546 2825 3603 dominum
2850 3564 3039 3604 suum
3081 3544 3363 3607 Roboam
3405 3564 3639 3626 regem,
3672 3547 3773 3609 vel
3804 3546 3979 3610 Salo-

2485 3660 2738 3705 monem
2766 3660 3005 3723 :quum
3040 3642 3226 3706 tertio
3246 3644 3483 3724 Regum
3514 3646 3823 3727 scriptum
3854 3648 3971 3708 sit:
4261 3704 4262 3707 ,

2483 3740 2813 3803 Jeroboam
2846 3758 3101 3821 quoque
3143 3740 3320 3802 silius
3354 3741 3551 3805 Nabat
3578 3742 3966 3825 Ephrataeus,
4018 3762 4231 3816 mnan.

2486 3857 2707 3901 servus
2756 3838 3136 3915 SalomoniS‚
3189 3838 3427 3902 levavit
3476 3859 3737 3903 manum
3790 3862 3967 3905 suam
4000 3828 4067 3868 ²⁶·

2485 3944 2706 3999 contra
2738 3954 2971 4015 regem.
3006 3937 3265 4019 Nem-pe,
3299 3945 3371 4000 ut
3394 3938 3703 4020 «Iosephus
3732 3940 3970 4022 aliique

2486 4042 2819 4111 testantur,
2855 4054 3051 4115 quum
3084 4034 3277 4098 Ahias
3309 4036 3619 4119 propheta
3648 4039 3971 4120 praedixis-

2485 4141 2581 4195 set
2628 4132 2778 4195 huic
2825 4133 3180 4211 Jeroboam,
3232 4136 3405 4216 quod
3456 4143 3829 4215 regnaturus
3877 4157 3973 4201 es-

613 4251 668 4294 ιιι
683 4252 860 4307 aean,
891 4232 1145 4294 additur
1192 4231 1378 4294 tertio
1420 4231 1659 4311 Regum
1696 4249 1710 4293 ε
1747 4232 1856 4293 ubi
1901 4251 2028 4296 non
2076 4234 2377 4296 recitatur
2412 4237 2459 4298 D
2486 4238 2581 4294 set
2618 4250 2811 4313 super
2850 4232 3069 4294 decem
3102 4231 3330 4309 tribuS,
3366 4232 3505 4315 ipse
3529 4234 3861 4297 Jeroboam
3892 4254 3967 4298 ex

891 4330 958 4391 in
999 4328 1261 4411 speciali
1302 4329 1534 4411 aliquis
1574 4348 1793 4392 eorum
1833 4348 2231 4411 congressus,
2266 4333 2376 4395 sed

891 4447 1056 4490 unus
1080 4427 1199 4490 hoc
1221 4426 1361 4490 loco
1381 4426 1719 4507 diligenter
1738 4428 2133 4491 describitur.
2147 4434 2377 4499 Quum—

889 4547 1008 4607 que
1039 4527 1260 4587 inisset
1287 4528 1458 4587 Abia
1483 4536 1828 4597 certamen,
1860 4526 1923 4589 id
1965 4536 2080 4605 est,
2123 4528 2192 4590 ‘in
2232 4548 2376 4612 pro-

889 4623 1104 4687 cinctu
1135 4632 1304 4687 esset
1330 4624 1410 4685 ad
1439 4625 1999 4705 congrediendum,
2034 4636 2092 4687 et
2122 4630 2375 4689 haberet

888 4725 1412 4783 bellicosissimos*
1431 4725 1622 4794 viros,
1662 4733 1720 4783 ec
1762 4728 2126 4796 electorum,
2169 4725 2233 4787 id
2278 4734 2375 4789 est

613 4838 856 4946 ηἵααινεη-
886 4821 1268 4901 elegantium
1303 4821 1380 4882 ad
1424 4822 1856 4902 pugnandum,
1889 4827 2329 4902 quadrayinta
2350 4828 2373 4849 ·

589 4914 676 4958 aen
695 4916 725 4947 α

605 5035 858 5094 ‘octinqen-
883 5020 1250 5097 octoyinca*
1279 5020 1492 5079 millia
1523 5020 1840 5091 virorum,
1864 5023 1982 5099 qui
2009 5031 2068 5081 et
2097 5024 2227 5098 ipsi
2252 5026 2371 5082 ele-

591 5102 638 5141 m
880 5122 970 5179 cti
995 5124 1182 5179 efflant
1209 5126 1267 5176 et
1296 5120 1386 5177 ad
1413 5120 1574 5177 bella
1605 5119 1972 5195 fortissimi.

881 5232 888 5239 ·
957 5219 1150 5278 Stetit
1175 5234 1322 5291 erqo
1341 5216 1512 5275 Abia
1541 5234 1733 5292 super
1767 5226 2038 5279 montem
2059 5222 2365 5280 Semeron

877 5314 1157 5390 nomine,
1183 5314 1308 5393 'qui
1335 5331 1519 5376 mons
1548 5324 1687 5375 erat
1715 5316 1788 5375 in
1817 5318 2162 5392 Ephraim.
2186 5318 2363 5381 Unde
2476 5317 2681 5380 tribus
2712 5318 2864 5380 satis
2895 5317 3292 5381 concorditer
3331 5317 3623 5382 fecerunt
3660 5335 3854 5403 super
3890 5338 3957 5383 se
3983 5312 4252 5391 mamad

2486 4330 2605 4392 hoc
2636 4330 2933 4393 audacior
2966 4330 3169 4392 taetus
3200 4341 3263 4394 et
3294 4331 3747 4410 intumescenS,
3778 4334 3973 4417 coepit

2484 4428 2813 4509 quasdam,
2858 4428 3211 4509 praesertim
3268 4430 3503 4493 tribum
3552 4430 3856 4513 Ephraim
3909 4440 3969 4495 ct

2482 4525 2774 4601 Manasse,
2794 4527 3138 4591 sollicitare
3157 4529 3236 4591 ad
3260 4530 3681 4593 recedendum
3716 4550 3753 4592 a
3776 4531 3969 4594 domi·

2484 4624 2592 4687 nio
2632 4624 3007 4688 Salomonis,
3044 4625 3177 4699 Quo
3218 4627 3495 4708 cognit0‚
3530 4628 3829 4691 Salomon
3864 4648 3969 4693 vo-

2484 4724 2603 4785 luit
2634 4742 2777 4785 eum
2812 4724 3101 4787 occidere
3128 4726 3612 4808 :propterquod
3633 4726 3964 4791 Jeroboam
4014 4744 4137 4788 ma.
4164 4750 4223 4787 ιει.
4254 4734 4256 4795 ξ

2482 4821 2667 4901 sugit,
2702 4831 2764 4884 et
2795 4822 3435 4906 intravitAEgyptum.
3468 4828 3965 4905 Coum-eyatz‘que
4254 4798 4256 4850 Ι

886 4923 1129 4994 millia,
1156 4921 1485 4981 Jeroboam
1527 4922 1842 4980 instra-mit
1880 4932 2138 4983 econtra
2167 4926 2371 4985 aciem
2476 4926 2737 4983 suntad
2756 4944 2902 4983 eum
2940 4925 3067 4982 uiri
3088 4926 3430 4985 vanissimi
3448 4934 3508 4985 et
3536 4926 3705 4985 viri‘
3726 4929 3962 4995 Belial,
4012 4944 4034 4963 ·
4060 4946 4151 5001 fita·

2478 5022 2541 5083 id
2582 5030 2678 5084 est
2724 5021 2863 5084 sine
2900 5022 3077 5102 jugo,
3120 5030 3180 5083 et
3212 5028 3703 5099 proevaluerunt
3738 5035 3961 5085 cone-ra

2472 5122 2756 5182 Roboam
2782 5123 3000 5198 filium
3031 5125 3417 5183 Salomoni&

2554 5220 3004 5282 Verumtamen
3026 5220 3519 5299 agnoscendum,
3540 5221 3709 5301 quod
3739 5222 3955 5285 decem
