4309 6259
1308 514 1655 563 mannum
1697 515 1759 560 m
1802 516 1940 563 ω.
1985 514 2131 561 XXIV
2173 516 2300 563 1013.
2345 536 2428 547 -
2466 518 2608 564 Am.
2655 519 2688 563 1.

3419 500 3540 565 599

424 683 697 747 nitendi
728 683 1039 762 abutitur,
1075 686 1368 764 augendo
1406 692 1844 766 contemptum
1876 684 1943 746 in
1974 683 2025 745 A
2054 684 2364 765 quitatem
2405 686 2458 747 si
2495 685 2754 769 adspexi
2796 686 2860 749 in
2895 688 3086 749 corde
3124 704 3287 762 mec,
3323 686 3388 749 id
3417 694 3534 761 est,

426 782 669 861 Deum,
702 782 985 865 hincque
1016 783 1305 847 securius
1337 802 1631 867 peccanS,
1653 782 1805 864 quia
1833 782 1942 845 diu

92 893 215 936 Eoo!
216 906 389 943 eeeeee
434 890 761 963 portatur,
796 883 1146 945 secundum
1181 882 1339 944 illud
1371 882 1767 946 Ecclesiastae
1798 902 1812 945 :
1848 882 1946 942 Et-

76 958 145 999 ¹¹‘
436 978 647 1057 enim,
682 980 835 1061 quia
872 998 1002 1043 non
1044 980 1171 1043 cito
1211 980 1535 1062 profertur
1562 988 1785 1043 contra
1813 1000 1944 1043 ma-

436 1078 541 1141 los
580 1078 923 1159 judicium,
958 1078 1198 1160 absque
1237 1080 1368 1141 ullo
1410 1079 1637 1141 timore
1678 1078 1802 1141 filii
1835 1079 1943 1142 ho-

442 1177 699 1240 minum
730 1185 1102 1261 perpetrant
1130 1178 1314 1241 mala.
1337 1178 1497 1241 Hinc
1519 1179 1597 1240 ad
1630 1178 1942 1241 Romanos

76 1290 397 1343 nonnas.
442 1276 537 1340 ait
577 1277 920 1359 Apostolus
961 1295 975 1339 :
1022 1277 1117 1340 An
1161 1276 1418 1342 divitias
1458 1276 1763 1340 bonitatis
1805 1276 1937 1353 Dei,

144 4166 255 4209 Jer.
274 4176 337 4213 w,
358 4164 428 4204 22.

142 4422 216 4467 ¹0,
244 4417 318 4458 ¹7.

442 1383 509 1439 et
540 1375 891 1458 patientiae,
919 1384 983 1439 et
1010 1374 1515 1456 longanimitatis
1545 1375 1941 1439 contemnis?

440 1476 703 1555 Ignoras
744 1474 1051 1556 quoniam
1091 1473 1454 1553 benignitas
1486 1474 1595 1536 Dei
1635 1474 1712 1535 ad
1742 1474 1944 1556 poeni-

442 1574 713 1637 tentiam
765 1581 828 1636 'te
876 1571 1181 1635 adducit?
1234 1571 1594 1635 Secundum
1641 1571 1943 1635 duritiam

440 1681 661 1736 autem
695 1681 871 1734 tuam
901 1680 965 1734 et
993 1671 1405 1752 impoenitens
1435 1690 1544 1735 cor
1576 1679 1776 1747 tuum,
1814 1672 1947 1734 the-

440 1770 727 1833 saurizas
760 1769 877 1832 tibi
909 1769 1070 1832 iram
1110 1770 1175 1831 in
1216 1769 1321 1833 die
1357 1768 1515 1851 justi
1551 1768 1779 1850 judicii
1807 1768 1941 1831 Dei.

2053 792 2387 864 peccatum
2437 804 2550 866 per
2599 803 2982 849 consensum
3031 794 3094 847 et
3142 784 3541 867 complacen-

2052 880 2208 943 tiam
2239 899 2368 944 non
2401 902 2540 945 sum
2573 891 2787 947 mente
2817 883 3108 945 intuituS.

2133 983 2394 1041 Elevati
2420 991 2577 1042 sunt
2603 985 2690 1043 ad
2719 983 3064 1054 modicum,
3101 981 3164 1044 id
3203 988 3320 1057 est,
3354 978 3538 1062 impii

2052 1080 2131 1141 ad
2175 1080 2370 1143 breve
2411 1090 2659 1163 tempus
2700 1080 3076 1163 prosperati,
3111 1089 3259 1145 sunt
3294 1080 3539 1163 praelati

2052 1186 2115 1241 et
2147 1178 2630 1256 intumuerunt;
2671 1191 2731 1241 et
2759 1201 2890 1241 non
2918 1183 3280 1252 subsistent,
3315 1180 3379 1242 id
3417 1188 3534 1257 est,

2051 1276 2165 1338 diu
2199 1296 2323 1339 non
2354 1278 2793 1358 perdurabunt
2828 1278 2896 1339 in
2935 1286 3102 1341 statu
3141 1278 3540 1361 hujuscemo-

2052 1376 2142 1451 di,
2170 1375 2349 1456 juxta
2387 1376 2547 1439 illud
2585 1376 2816 1439 Psalmi
2851 1394 2865 1438 ε
2899 1376 3198 1458 Dejecisti
3239 1395 3348 1439 eos
3386 1377 3538 1439 dum
3605 1404 3682 1449 ιη,
3706 1419 3830 1457 mu.

2053 1473 2505 1537 allevarentur.
2538 1474 2863 1549 Quomodo
2893 1474 3045 1538 facti
3087 1484 3235 1537 sunt
3265 1475 3330 1537 in
3361 1476 3542 1537 deso·
3569 1469 3635 1519 ¹⁸·
3661 1471 3724 1513 ¹⁹·

2054 1572 2356 1636 lationem
2398 1576 2422 1633 2
2477 1572 2698 1636 Subito
2759 1572 3154 1651 defecerunt,
3215 1573 3542 1655 perierunt

2054 1680 2318 1753 propter
2368 1672 2768 1754 iniquitatem
2820 1692 3022 1735 suam.
3075 1672 3160 1735 De
3208 1673 3328 1737 hoc
3374 1672 3542 1735 dicta

2056 1778 2207 1832 sunt
2235 1770 2435 1833 multa
2465 1790 2678 1853 supra,
2713 1771 2949 1836 idcirco
2980 1780 3370 1854 pertranseo.
3404 1770 3545 1834 Gre-
3568 1790 3652 1835 lob
3667 1793 3833 1842 ,ιω-9.

440 1870 665 1951 ltaque
720 1868 969 1930 indulta
1026 1868 1421 1949 poenitentiae
1480 1877 1767 1950 tempora
1818 1885 1942 1929 non
1982 1864 2029 1925 B
2055 1869 2274 1947 gorius
2305 1887 2561 1950 quoque
2600 1870 2704 1933 hic
2735 1870 2824 1931 ait
2860 1889 2873 1931 :
2908 1870 3275 1951 Iniquorum
3318 1869 3541 1950 gloria,

442 1969 818 2051 perdamuS‚
862 1966 1107 2029 nullam
1151 1966 1443 2031 horulam
1484 1965 1796 2029 inutiliter
1844 1984 1948 2029 ex-

443 2066 829 2148 pendamuS‚
882 2064 1119 2129 divinae
1168 2064 1389 2147 pietati
1440 2083 1569 2127 non
1616 2064 1815 2126 simus
1852 2064 1950 2126 in-

440 2164 625 2245 grati.
651 2164 996 2227 Pensemus
1017 2164 1188 2245 quod
1220 2164 1387 2228 sicut
1417 2162 1951 2245 incomprehensi-

444 2263 600 2326 bilis
631 2270 729 2327 est
754 2261 1193 2339 misericordia
1215 2262 1325 2325 Dei
1358 2281 1549 2344 super
1587 2269 1949 2344 peccatores

444 2364 515 2425 in
567 2362 703 2425 vita
758 2361 1083 2444 praesenti,
1136 2361 1228 2424 sic
1284 2360 1949 2443 incomprehensibilis

445 2469 546 2525 est
572 2479 769 2542 super
800 2477 911 2523 eos
942 2458 1146 2540 ipsius
1176 2458 1424 2539 justitia
1453 2458 1521 2520 in
1552 2458 1684 2523 vita
1710 2456 1946 2519 futura.

531 2561 724 2621 Oculi
751 2560 929 2619 enim
956 2558 1098 2635 ejus
1124 2567 1279 2618 sunt
1309 2560 1379 2618 in
1412 2559 1539 2617 viis
1579 2558 1787 2618 illius.
1822 2556 1950 2619 Hoc

446 2657 798 2741 dupliciter
837 2656 1235 2738 explanatur.
1274 2656 1479 2719 Primo
1523 2676 1537 2720 z
1582 2654 1762 2719 Oculi
1810 2656 1949 2737 ejus

331 2766 347 2771 “
444 2757 727 2837 (scilieet
758 2756 899 2835 Dei)
937 2760 1087 2816 sunt
1127 2754 1193 2816 in
1234 2754 1358 2819 viis
1398 2754 1595 2831 illius,
1640 2754 1706 2816 id
1749 2762 1845 2817 est
1883 2754 1950 2816 in

447 2855 759 2938 operibus
799 2862 1228 2937 peccatorum,
1264 2854 1341 2916 ad
1378 2853 1797 2934 judicandum
1840 2872 1952 2933 pu-

450 2953 893 3033 niendumque
950 2970 1046 3028 ea,
1098 2951 1636 3032 quemadmodum
1696 2950 1761 3012 in
1808 2950 1953 3012 Pro-

2055 1986 2256 2048 quum
2309 1967 2688 2049 plerumque
2727 1968 2794 2030 in
2836 1987 3149 2031 annorum
3198 1967 3550 2030 multitudi-

2059 2084 2204 2127 nem
2268 2065 2573 2142 tenditur,
2626 2066 2708 2129 ab
2762 2065 3168 2129 infirmorum
3225 2064 3550 2129 mentibus

2059 2182 2198 2227 esse
2229 2164 2413 2246 quasi
2444 2164 2632 2244 longa
2664 2174 2728 2227 et
2757 2164 3006 2227 stabilis
3025 2164 3406 2239 aestimatur3
3439 2164 3550 2226 sed

2058 2282 2257 2343 quum
2289 2262 2661 2345 repentinus
2685 2263 2850 2326 hanc
2874 2262 3027 2325 finis
3059 2262 3400 2343 intercipit,
3417 2261 3552 2324 bre-

2060 2380 2204 2424 vem
2237 2360 2438 2423 fuisse
2466 2362 2768 2423 ostendit.
2797 2366 2880 2423 Et
2907 2362 3462 2431 humiliabuntur,
3481 2358 3549 2422 id

2060 2468 2178 2536 est,
2226 2478 2338 2541 per
2386 2459 2670 2523 divinam
2717 2460 3032 2541 justitiam
3083 2459 3544 2541 deprimentur,

2060 2559 2228 2621 sicut
2272 2566 2335 2621 et
2378 2557 2665 2621 Christus
2707 2557 2940 2621 fatetur
2975 2576 2988 2619 :
3023 2556 3139 2632 Qui
3181 2576 3250 2620 se
3289 2556 3542 2634 exaltat,
3613 2580 3724 2623 Luc.
3755 2591 3837 2629 m,

2060 2655 2542 2731 humiliabitur3
2577 2660 2743 2717 sicut
2769 2658 2988 2721 omnia
3021 2656 3144 2718 ista
3169 2654 3550 2737 corruptibi·
3578 2643 3839 2693 ¹¹³¹⁷¹¹¹·¹⁴·

2061 2755 2149 2817 lia
2179 2763 2242 2818 et
2271 2764 2542 2831 terrena,
2577 2755 2815 2836 quibus
2853 2754 3157 2837 praefixus
3200 2762 3298 2817 est
3337 2762 3550 2816 certus

2061 2852 2372 2915 terminus
2404 2852 2782 2929 durationis,
2803 2862 2872 2917 ut
2899 2853 3142 2916 dictum
3172 2860 3268 2918 est
3298 2852 3550 2935 plenius

2062 2970 2254 3034 super
2285 2950 2467 3028 illud,
2503 2951 2902 3014 Constituisti
2937 2952 3238 3015 terminos
3268 2952 3431 3033 ejuS.
3464 2952 3552 3012 Et
3576 2970 3660 3016 ,τοι
3675 2972 3818 3022 ms.

252 3110 267 3122 .
286 3092 369 3129 u.
408 3108 419 3121 .
454 3050 693 3116 verbiis
724 3050 956 3130 legitur
983 3065 996 3111 :
1022 3050 1089 3112 In
1120 3048 1295 3111 omni
1326 3048 1467 3113 loco
1498 3048 1666 3113 oculi
1699 3048 1952 3112 Domini
1988 3043 2031 3107 C
2061 3052 2447 3127 auferentur
2468 3049 2546 3111 de
2576 3048 2707 3112 vita
2740 3048 2858 3113 hac
2890 3057 2952 3113 et
2979 3050 3058 3112 de
3088 3049 3406 3114 consortio
3437 3048 3555 3113 ele-

450 3148 975 3231 contemplantur
1018 3146 1219 3211 bonos
1262 3156 1326 3211 et
1370 3148 1593 3211 malos,
1637 3147 1843 3228 Atque
1884 3147 1952 3209 in

116 3268 423 3371 Jaxxxm,
450 3248 702 3311 Psalmo
749 3265 763 3308 z
804 3246 1035 3309 Vultus
1074 3254 1287 3309 autem
1332 3245 1583 3309 Domini
1628 3264 1820 3328 super
1867 3244 1954 3307 sa-

452 3348 697 3411 cientes
748 3346 937 3423 mala,
986 3352 1055 3407 ut
1104 3346 1329 3426 perdat
1376 3346 1455 3407 de
1506 3354 1674 3408 terra
1716 3363 1955 3407 memo-

452 3447 613 3509 riam
662 3462 907 3508 eorum.
958 3443 1247 3506 Secundo
1286 3443 1379 3507 sic
1414 3460 1427 3505 :
1464 3442 1642 3506 Oculi
1682 3443 1821 3523 ejus
1858 3442 1952 3523 (id

451 3554 551 3608 est
579 3541 967 3627 peccatoris)
996 3551 1147 3605 sunt
1173 3542 1239 3604 in
1268 3542 1392 3604 viis
1426 3542 1621 3618 illius,
1648 3542 1713 3605 id
1742 3550 1859 3619 est,
1885 3542 1951 3603 in

454 3642 737 3727 propriis
786 3641 918 3703 suis
969 3639 1272 3722 operibus
1315 3640 1544 3703 intenti
1592 3648 1741 3702 sunt
1784 3640 1952 3703 oculi

453 3742 595 3823 ejus
628 3740 967 3803 interiores
998 3758 1111 3821 per
1138 3738 1661 3821 approbationem
1694 3738 1868 3814 mali,
1894 3746 1957 3801 et

454 3838 993 3923 complacentiam
1036 3838 1263 3919 culpae,
1298 3837 1762 3901 considerando
1799 3856 1958 3918 quo-

456 3959 585 4021 que
644 3938 923 4020 qualiter
982 3937 1383 4019 propositum
1444 3944 1828 4017 exsequatur
1884 3955 1957 3998 ac

458 4044 894 4121 prosperetur,
949 4034 1115 4099 sieut
1162 4036 1241 4097 de
1291 4034 1448 4097 siliis
1498 4034 1692 4115 hujus
1742 4034 1957 4097 saeculi

460 4156 575 4220 per
601 4135 940 4198 Jeremiam
970 4134 1274 4197 asseritur
1306 4151 1319 4194 :
1352 4132 1680 4216 Sapientes
1712 4140 1859 4194 sunt
1890 4140 1959 4195 ut

2062 3157 2310 3212 ctorum
2336 3166 2350 3209 ε
2383 3147 2560 3229 juxta
2591 3148 2763 3229 quod
2795 3148 3106 3231 scriptum
3137 3157 3254 3226 est,
3273 3147 3557 3211 Tollatur
3582 3168 3844 3220 mevmo.

2064 3247 2302 3329 impius
2358 3265 2438 3309 ne
2485 3245 2699 3309 videat
2753 3246 3022 3327 gloriam
3073 3248 3206 3311 Dei.
3257 3249 3346 3309 Et
3389 3250 3557 3309 sicut

2062 3347 2462 3407 summitates
2498 3347 2855 3424 spicarum,
2885 3354 3039 3427 puta
3083 3345 3314 3423 aristae‚
3346 3355 3556 3407 conce-

2062 3454 2313 3514 rentur,
2339 3443 2402 3505 id
2433 3451 2549 3519 est,
2585 3443 2712 3506 cito
2743 3452 2934 3525 atque
2964 3442 3240 3507 faciliter
3271 3452 3556 3526 tempore

2061 3541 2372 3605 divinitus
2396 3540 2819 3624 praeordinato
2840 3540 3156 3623 peribunt,
3169 3560 3366 3623 quum
3387 3561 3558 3605 men-

2064 3659 2280 3703 suram
2333 3638 2664 3722 pravitatis
2707 3658 2836 3703 suae
2891 3638 3342 3721 impleverint3
3391 3638 3558 3703 sicut

2065 3738 2284 3820 fruges
2324 3758 2524 3820 quum
2563 3738 2640 3799 ad
2687 3737 3115 3801 maturitatem
3156 3737 3554 3813 devenerint,

2064 3856 2212 3900 mox
2242 3836 2576 3913 tolluntur,
2611 3844 2683 3897 ut
2713 3854 2911 3917 grana
2939 3834 3363 3897 excutiantur.
3381 3834 3558 3897 Unde

2068 3936 2131 3997 in
2154 3934 2381 3998 Genesi
2402 3933 2707 3998 Dominus
2741 3934 3058 4015 loquitur:
3084 3932 3374 3995 Nondum
3401 3950 3559 3995 com·
3588 3957 3849 4009 ammo.

2066 4034 2256 4116 pletae
2286 4042 2436 4095 sunt
2464 4032 2833 4114 iniquitates
2861 4030 3391 4094 Amorrhaeorum.

2138 4136 2320 4202 Quod
2345 4133 2405 4192 si
2438 4152 2564 4192 non
2583 4140 2674 4191 est
2695 4133 2805 4199 ita,
2822 4132 2968 4210 quis
2997 4151 3094 4190 me
3111 4138 3318 4207 potest
3338 4150 3561 4207 arque-

464 4234 705 4297 faciant
749 4233 937 4309 mala,
986 4231 1151 4293 bene
1201 4238 1413 4292 autem
1460 4220 1671 4292 facere
1720 4228 1959 4291 nescie-
1989 4230 2039 4292 D
2066 4252 2137 4291 re
2165 4252 2292 4291 esse
2319 4231 2662 4291 mentitum
2684 4231 2714 4289 ?
2733 4226 3012 4291 Verbum
3042 4227 3162 4291 hoc
3191 4227 3558 4291 intricatum

166 4354 205 4397 ιι
230 4352 370 4395 Patr.
388 4362 433 4399 ιι,
464 4342 627 4395 runt.
652 4331 943 4395 Secunda
961 4348 1221 4413 quoque
1240 4328 1405 4392 Petri
1427 4327 1700 4409 epistola
1726 4345 1739 4389 :
1763 4327 1961 4389 Auda-

462 4452 592 4508 ceS,
626 4430 749 4493 sibi
781 4430 1142 4512 placentes;
1172 4428 1406 4510 quibus
1438 4426 1643 4507 caligo
1676 4426 1961 4489 tenebra·

461 4550 605 4593 rum
628 4537 1005 4593 reservatur.
1026 4528 1205 4590 Tales
1228 4527 1415 4589 modo
1444 4533 1595 4587 sunt
1623 4524 1829 4602 multi,
1845 4525 1960 4605 qui

458 4626 817 4709 gloriantur
858 4625 925 4687 in
970 4624 1169 4703 vitiis,
1214 4624 1609 4705 astutiasque
1653 4623 1959 4705 implendi

459 4725 634 4806 quod
668 4723 865 4805 impie
892 4722 1187 4805 cupiunt,
1206 4722 1677 4799 machinantur,
1702 4740 1963 4802 sequen-

464 4832 557 4886 tes
586 4821 970 4905 pravitatem
1013 4820 1294 4897 illorum,
1326 4820 1439 4903 qui
1470 4821 1617 4884 a'nte
1644 4820 1961 4882 diluvium

179 4940 435 4989 Gemma.
466 4920 754 4985 suerunt.
789 4919 875 4982 De
904 4918 1141 5001 quibus
1178 4919 1411 4998 legitur
1445 4919 1509 4982 in
1547 4918 1775 4983 Genesi
1810 4936 1823 4980 ε
1858 4919 1964 4981 Vi-

464 5021 625 5084 dens
672 5018 841 5081 Deus
890 5017 1042 5099 quia
1089 5018 1293 5081 multa
1339 5017 1586 5080 malitia
1632 5017 1965 5080 hominum

468 5125 637 5183 esset
682 5116 747 5178 in
794 5125 985 5193 terra,
1030 5124 1095 5179 et
1137 5125 1367 5180 cuncta
1411 5115 1710 5197 cogitatio
1753 5116 1963 5180 cordis

467 5214 737 5278 humani
771 5214 1017 5277 intenta
1046 5223 1213 5277 esset
1239 5216 1317 5277 ad
1348 5215 1589 5277 malum
1619 5213 1791 5277 omni
1819 5223 1967 5276 tem-

156 5342 440 5395 e·.m,is.
470 5333 651 5398 pore.
698 5312 1059 5388 Quocontra
1107 5312 1207 5377 vir
1247 5313 1458 5395 justus
1504 5321 1812 5377 testatur:
1849 5312 1969 5373 Ini-

2070 4329 2343 4391 videtur.
2377 4327 2537 4402 Quid
2582 4327 2752 4390 enim
2799 4334 2896 4389 est
2933 4326 3104 4407 quod
3145 4325 3252 4403 ait,
3286 4325 3459 4399 Quod
3505 4326 3558 4387 si

2070 4446 2198 4491 non
2219 4436 2314 4490 est
2346 4426 2444 4499 ita,
2465 4426 2606 4501 nisi,
2626 4425 2691 4487 Si
2710 4444 2854 4506 quae
2884 4424 3016 4486 dixi
3049 4422 3213 4487 salsa
3236 4432 3399 4501 sunt,
3414 4424 3560 4505 quis

2070 4545 2172 4589 me
2202 4533 2410 4607 potest
2437 4541 2700 4604 arguere
2731 4542 2868 4586 esse
2898 4523 3270 4587 mentitum?
3294 4522 3358 4585 Si
3387 4522 3562 4587 enim

2072 4624 2338 4708 protulit
2370 4622 2552 4699 falsa,
2581 4640 2792 4685 nonne
2825 4620 3032 4684 fuerat
3061 4628 3364 4702 tanquam
3395 4640 3565 4684 men-

2072 4726 2236 4787 tiens
2287 4722 2688 4803 arguendus?
2717 4719 3054 4800 Gregorius
3102 4719 3317 4801 itaquo
3360 4727 3425 4782 et
3458 4720 3563 4783 Al-

2072 4824 2290 4887 bcrtus
2323 4828 2648 4902 exponunt
2680 4819 2844 4881 hanc
2875 4817 3175 4893 litteram,
3203 4827 3393 4899 prout
3422 4837 3564 4881 ver-

2073 4921 2157 4984 ba
2176 4919 2383 5003 prima
2405 4918 2569 4981 facie
2595 4924 2840 4991 sonant,
2862 4916 2951 4980 ita
2970 4917 3142 4998 quod
3161 4916 3276 4979 Job
3297 4917 3565 4998 mystica

2076 5018 2320 5081 ratione
2350 5016 2442 5079 sic
2475 5015 2760 5097 loquitur
2791 5014 2869 5075 ad
2901 5014 3368 5096 reprimendam
3408 5014 3565 5077 ami-

2072 5134 2294 5179 corum
2343 5132 2602 5177 suorum
2653 5110 3018 5193 superbiam
3070 5129 3084 5173 τ
3134 5112 3320 5192 quasi
3368 5112 3558 5189 dicat,

2074 5214 2278 5276 Etiam
2311 5214 2366 5275 si
2397 5210 2700 5274 mentitus
2727 5228 2885 5284 sum,
2906 5216 3116 5271 tamen
3141 5209 3388 5291 indigni
3409 5210 3561 5274 estis

2077 5330 2181 5375 me
2211 5311 2571 5394 reprobare,
2605 5307 2760 5389 quia
2786 5306 2984 5369 errori
3017 5315 3080 5369 ct
3109 5307 3285 5370 vitiis
3323 5308 3564 5371 subditi
