4309 6259
705 506 1056 554 ssNAnRATIO
1099 510 1161 554 IN
1204 509 1342 555 (ΞΔ-Ρ.
1387 509 1496 554 vul
1537 509 1698 555 unm
1740 508 1994 554 summm
2033 509 2564 558 PARALu’oussNON.
2612 532 2693 542 -
2732 514 2875 560 ΛΒΤ.
2921 514 3029 559 vul

3296 496 3413 560 207

313 686 374 736 et
420 696 636 739 omnes
669 682 854 740 urbes
888 682 1323 757 firmissimas,
1358 702 1500 760 quce
1539 678 1820 756 fuerunt
1850 677 1901 740 A
1929 692 2078 741 ante
2101 686 2447 759 porticum,
2482 695 2555 745 ut
2585 705 2703 762 per
2730 688 3018 763 sinyulos
3059 688 3197 745 dies
3234 690 3412 763 offer-

315 778 366 835 S
371 780 701 846 alomonis,
721 788 1108 858 cunctasque
1128 781 1310 838 urbes
1341 781 1820 858 quadriyarum

315 883 372 931 et
405 877 594 934 urbes
620 878 940 955 equitum.
978 878 1216 939 Omnia
1261 897 1676 957 qucecumque
1717 896 1820 937 vo-

317 977 468 1043 luit,
511 976 669 1053 fecit
719 996 838 1034 rex
868 978 1176 1036 Salomon
1228 986 1420 1053 atque
1461 977 1779 1052 disposuit
1794 1000 1820 1047 ,-

315 1073 674 1148 oeclificavit
719 1075 792 1133 in
818 1077 1206 1143 Jerusalem,
1247 1084 1308 1133 et
1352 1076 1423 1134 in
1457 1076 1732 1141 Liban0,
1759 1082 1819 1133 et

317 1171 626 1229 universa
659 1179 834 1230 terra
861 1173 1190 1249 potcstatis
1217 1192 1373 1231 sua’.

399 1270 672 1329 Omnem
706 1273 1024 1346 populum
1064 1272 1182 1351 qui
1223 1270 1564 1329 derelictus
1598 1270 1820 1347 suerat

315 1368 394 1425 cle
421 1367 714 1427 Hetlueis
740 1378 802 1427 et
831 1369 1230 1429 Amorrhoeis
1266 1378 1326 1427 et
1357 1371 1718 1430 Pherezoeis
1761 1376 1820 1426 et

317 1467 576 1525 Hei-teis
605 1475 666 1525 et
685 1468 1009 1536 Jebusaeis,
1023 1468 1140 1545 qui
1159 1486 1290 1527 non
1312 1477 1498 1527 erant
1527 1469 1606 1527 de
1623 1469 1822 1543 stirpe

319 1566 548 1633 Israel,
571 1567 652 1623 de
679 1566 846 1641 filiis
871 1585 1118 1635 eorum,
1147 1574 1208 1625 et
1237 1568 1316 1623 de
1337 1566 1636 1642 posteris,
1665 1586 1822 1645 quos

319 1680 443 1719 non
490 1662 956 1737 interfecerant
993 1664 1130 1739 filii
1176 1665 1403 1734 Israel,
1445 1664 1821 1741 subjuyavit

318 1761 630 1819 Salomon
691 1762 765 1819 in
821 1761 1222 1830 tributarios,
1273 1782 1474 1840 usque
1527 1764 1596 1821 in
1645 1763 1820 1822 diem

1927 790 2108 839 retur
2147 783 2219 841 in
2253 803 2347 851 e0,
2373 784 2581 859 juoeta
2613 794 3004 861 pra’ceptum
3038 785 3303 860 Moysis,
3341 784 3413 843 in

1926 880 2226 950 sabbatis,
2258 890 2317 939 et
2348 881 2420 940 in
2450 883 2767 951 calendis,
2788 892 2847 941 et
2881 884 2953 941 in
2981 883 3164 957 festis
3193 882 3415 941 diebus

1931 986 2023 1035 ter
2031 996 2152 1053 per
2167 999 2435 1051 annum,
2458 982 2530 1039 id
2548 991 2637 1043 est
2658 982 2729 1041 in
2750 982 3129 1041 solennitate
3146 982 3419 1057 Azymo-

1929 1095 2099 1145 rum,
2133 1086 2193 1136 et
2226 1079 2297 1135 in
2324 1080 2707 1139 solennitate
2734 1080 3336 1147 Hebdomadarum,
3356 1086 3417 1137 et

1930 1174 2002 1233 in
2022 1176 2403 1235 solennitate
2440 1178 3043 1237 Tabernaculorum.
3082 1179 3165 1237 Εἰ
3194 1177 3420 1236 consti-

1933 1275 2058 1332 tuit
2072 1274 2281 1350 juoeta
2309 1277 2815 1352 dispositionem,
2840 1275 2905 1337 id
2946 1282 3041 1337 est
3071 1274 3417 1338 ordinatio-

1931 1390 2074 1433 nem
2099 1392 2171 1433 ac
2198 1372 2573 1453 jussionem,
2598 1377 2818 1435 David
2834 1377 3045 1451 patris
3062 1376 3192 1445 sui,
3210 1376 3417 1449 officia

1929 1474 2329 1532 sacerdotum
2359 1475 2432 1532 in
2458 1475 2837 1533 ministeriis
2866 1474 3002 1533 suis
3019 1497 3047 1544 ,·
3074 1483 3132 1533 et
3160 1474 3419 1534 Levicas

1931 1570 2004 1627 in
2025 1572 2253 1631 ordine
2272 1592 2404 1639 suo,
2424 1580 2497 1631 ut
2522 1575 2867 1631 laudarent
2886 1581 2945 1632 et
2964 1571 3419 1631 ministrarent

1929 1688 2145 1729 coram
2184 1672 2613 1730 sacerdotibus
2633 1672 2839 1747 juoeta
2874 1671 3079 1731 ritum
3114 1671 3421 1730 uniuscu-

1916 1767 2159 1847 jusque
2198 1770 2335 1828 diei
2352 1792 2379 1839 ,·
2420 1779 2479 1829 et
2509 1770 2836 1845 janitores
2876 1770 2947 1828 in
2985 1768 3421 1828 divisionibus

318 1859 508 1917 hanc.
547 1860 758 1918 Porro
787 1860 868 1917 de
893 1860 1059 1934 filiis
1087 1862 1295 1919 Israel
1337 1880 1464 1920 non
1499 1861 1718 1937 posuit
1749 1868 1820 1919 ut
1857 1859 1902 1923 B
1929 1846 2087 1936 suis,
2103 1886 2224 1943 per
2244 1876 2503 1943 portam
2532 1876 2591 1927 et
2612 1867 3028 1943 portam.Sic
3055 1866 3239 1936 enim
3261 1885 3420 1942 proe-

315 1957 638 2016 servirent
667 1958 964 2032 operibus
1002 1958 1192 2033 reqis.
1227 1959 1367 2033 Ipsi
1408 1959 1584 2018 enim
1632 1966 1820 2018 erant

318 2056 453 2115 viri
496 2057 858 2125 bellatores,
899 2064 960 2115 et·
995 2058 1186 2115 duces
1224 2057 1459 2133 primi,
1485 2058 1816 2135 principes

319 2154 808 2231 quadriqarum
841 2162 902 2212 et
929 2155 1222 2233 equitum
1253 2154 1414 2230 ejus.
1450 2159 1676 2217 Omnes
1705 2175 1821 2215 au-

321 2260 444 2309 tem
487 2253 827 2328 principes
873 2253 1190 2312 eoeercitus
1237 2254 1404 2329 reyis
1457 2254 1822 2315 Salomonis

318 2350 598 2423 fuerunt
616 2351 884 2409 ducenti
902 2350 1414 2429 quinquaqinta,
1431 2353 1550 2430 qui
1575 2353 1824 2411 erudie-

321 2448 474 2507 bant
515 2451 864 2525 populum.
899 2446 1072 2508 Unus
1113 2446 1240 2509 suit
1284 2457 1428 2530 post
1473 2468 1687 2529 regem
1721 2469 1824 2510 su-

323 2564 588 2626 premus
617 2544 814 2607 totius
847 2545 1160 2607 exercitus
1184 2546 1504 2628 princepS,
1529 2546 1824 2610 videlicet

323 2644 612 2721 BanaiaS,
632 2644 747 2726 qui
770 2644 942 2708 vices
975 2664 1122 2706 suas
1155 2645 1472 2708 interdum
1503 2646 1825 2709 commisit

325 2743 466 2807 filio
497 2762 640 2805 suo.
678 2742 810 2805 Sub
841 2743 1134 2825 principe
1166 2743 1278 2807 illo
1327 2746 1650 2807 communi
1691 2744 1826 2807 fue-

155 2872 295 2902 mm.
326 2852 472 2905 runt
497 2842 827 2925 principes
857 2843 986 2924 jam
1019 2841 1290 2924 praesati‚
1319 2863 1592 2925 quorum
1623 2845 1823 2927 aliqui

325 2941 648 3024 pluribuS‚
694 2938 898 3021 aliqui
948 2940 1356 3023 paucioribus
1404 2942 1819 3023 praefuerunt,

1926 1975 2175 2041 ceperat
2204 1967 2424 2025 David
2453 1968 2635 2026 homo
2657 1967 2799 2025 Dei.
2825 1966 2956 2028 Nec
2978 1965 3421 2041 prceteryressi

1927 2074 2080 2123 sunt
2133 2066 2213 2123 de
2259 2066 2587 2124 mandatis
2635 2066 2824 2141 reyis,
2888 2072 3022 2123 tam
3069 2065 3420 2123 sacerdotes

1929 2182 2121 2239 quam
2153 2164 2413 2233 Levitae,
2459 2182 2539 2221 ea·
2586 2164 2884 2222 omnibus
2932 2182 3075 2240 quoe
3108 2180 3420 2237 proeccpe-

1930 2268 2077 2318 rat:
2110 2256 2176 2318 id
2207 2265 2323 2334 est,
2358 2258 2713 2320 sacerdotes
2745 2265 2808 2319 et
2838 2256 3107 2332 Levium,
3128 2262 3419 2318 cantores

1929 2363 1992 2417 et
2036 2356 2343 2437 janitores
2391 2355 2680 2418 ordinate
2732 2354 3045 2431 distinxit,
3096 2353 3315 2416 divisit
3357 2361 3421 2417 et

1931 2453 2062 2515 suis
2114 2454 2509 2535 temporibus
2556 2453 2709 2517 fecit
2757 2454 2997 2518 servire
3035 2453 3101 2514 in
3156 2452 3413 2535 temple,

1932 2571 2102 2614 nunc
2152 2552 2329 2628 istos,
2366 2572 2536 2616 nunc
2580 2553 2746 2629 illos,
2779 2552 2959 2634 juxta
3005 2552 3175 2633 quod
3221 2551 3419 2613 David

1933 2670 2125 2732 supra
2155 2651 2362 2733 primo
2394 2651 2558 2714 libro
2588 2671 2625 2713 a
2652 2650 2933 2733 capitulo
2964 2649 3265 2713 vicesimo
3296 2657 3421 2712 ter-

1934 2750 2022 2811 tio
2066 2749 2381 2813 inclusive
2431 2768 2632 2832 usque
2670 2751 2748 2812 ad
2798 2749 3151 2832 capitulum
3201 2748 3422 2812 vicesi-

1935 2867 2108 2909 mum
2154 2848 2498 2930 septimum
2548 2848 2869 2912 exclusive
2919 2848 3271 2910 instituisse
3314 2848 3422 2911 de-

1937 2946 2259 3010 scribitur.
2278 2950 2364 3008 E't
2384 2950 2457 3009 in
2478 2950 2810 3019 custodiis,
2826 2946 2890 3010 id
2911 2956 3007 3010 est
3025 2946 3421 3029 repositoriis

323 3041 684 3103 secundum
713 3040 887 3121 quod
908 3040 1168 3121 quidam
1189 3049 1372 3103 erant
1401 3041 1666 3119 tribuni,
1685 3042 1824 3123 qui·
1861 3051 1906 3115 C
1936 3053 1999 3107 et
2025 3045 2268 3109 aedibus
2291 3049 2739 3107 thesaurorum
2758 3064 3041 3122 suorum,
3065 3065 3281 3106 omnes
3300 3045 3424 3106 im-

323 3139 470 3200 dam
527 3137 963 3215 centurioneS‚
1025 3138 1286 3219 quidam
1346 3138 1824 3221 quinquagena-

323 3237 426 3299 rii.
461 3237 922 3301 Verumtamen
959 3236 1147 3299 tertio
1185 3237 1424 3317 Regum
1465 3238 1769 3301 asseritur
1804 3256 1817 3300 ε

287 3336 522 3399 ‚Erant
551 3344 768 3399 autem
801 3335 1126 3418 principes
1161 3354 1352 3417 super
1385 3336 1600 3399 omnia
1629 3355 1824 3420 opera

325 3434 710 3511 Salomoni8‚
747 3434 1072 3517 praepositi
1119 3434 1456 3517 quingenti
1501 3436 1822 3518 quinqua-

323 3534 524 3614 ginta.
575 3534 703 3596 Nec
744 3542 842 3596 est
889 3533 1308 3595 contradictio
1359 3533 1425 3595 in
1479 3534 1602 3611 his,
1658 3553 1822 3617 quo-

325 3631 496 3695 niam
543 3632 636 3695 ibi
689 3640 786 3695 est
844 3650 1054 3694 sermo
1106 3632 1186 3695 de
1234 3631 1663 3714 principibuS,
1707 3634 1819 3715 qui

322 3731 576 3793 statutis
631 3730 959 3813 operibuS,
1017 3729 1081 3792 id
1141 3738 1238 3793 est
1295 3730 1633 3812 operariis,
1698 3731 1820 3794 im-

323 3829 672 3910 perabant3
721 3828 828 3891 hic
869 3848 1020 3893 vero
1065 3829 1144 3891 de
1189 3828 1595 3911 principibus
1647 3849 1823 3893 exer-

323 3927 512 3991 citus,

399 4030 656 4089 Filiam
685 4046 833 4087 vero
866 4028 1236 4087 Pharaonis
1269 4029 1604 4087 transtulit
1631 4032 1710 4087 de
1738 4032 1823 4088 ci·

325 4128 520 4187 vitate
539 4128 760 4187 David
787 4126 862 4185 in
879 4128 1147 4186 domum
1168 4146 1366 4203 quam
1385 4128 1822 4203 (edificaverat

1925 3164 2184 3221 pensas,
2215 3143 2278 3205 id
2317 3152 2413 3208 est
2452 3144 2843 3208 necessarios
2883 3151 3175 3225 sumptus
3222 3151 3287 3205 et
3326 3160 3422 3205 re-

1930 3241 2200 3324 quisitas
2228 3241 2525 3305 materias
2559 3260 2674 3325 pro
2708 3241 2930 3324 templi
2965 3240 3411 3317 aedificatione‚

1927 3352 2333 3418 praeparatas
2352 3342 2579 3401 habuit
2608 3343 2915 3403 Salomon
2942 3361 3025 3400 em
3058 3360 3127 3401 eo
3159 3342 3266 3401 die
3293 3359 3417 3419 quo

1931 3440 2246 3515 fundavit
2287 3442 2553 3500 domum
2583 3440 2853 3500 Domini
2890 3458 3087 3519 usque
3130 3440 3205 3499 in
3244 3439 3421 3499 diem

1930 3558 2053 3616 quo
2083 3538 2357 3614 perfecit
2396 3557 2561 3597 eam.
2610 3535 2839 3616 Sicque
2875 3535 3052 3617 juxta
3101 3534 3423 3616 evangeli-

1931 3654 2070 3697 cam
2091 3633 2323 3696 Christi
2347 3633 2709 3716 parabolam
2740 3634 3059 3716 sapienter
3090 3654 3158 3697 se
3179 3633 3415 3711 habuit,

1930 3733 2236 3814 quoniam
2279 3732 2500 3797 volens
2550 3733 2807 3795 domum
2856 3731 3199 3809 aedificare,
3239 3732 3419 3814 prius

1931 3832 2157 3894 sedens
2186 3830 2489 3911 cogitavit
2516 3839 2580 3892 et
2620 3830 3000 3913 praeparavit
3029 3830 3419 3893 necessarios

1933 3938 2247 4012 sumptus,

2019 4032 2197 4090 Tunc
2236 4028 2400 4088 abiit
2444 4030 2753 4089 Salomon
2807 4029 2873 4088 in
2912 4028 3331 4103 Asionyaber,
3360 4038 3419 4089 et

1933 4129 2004 4187 in
2037 4128 2291 4197 Ailatlt,
2324 4128 2411 4186 ad
2442 4145 2625 4186 oram
2648 4126 2851 4185 maris
2882 4126 3113 4195 Rubri,
3145 4146 3289 4203 quse
3330 4136 3419 4187 est

321 4226 402 4284 ei.
441 4226 637 4285 Dia-it
675 4226 856 4285 enim
891 4244 1009 4283 rea:
1038 4244 1062 4283 .·
1099 4225 1244 4286 Non
1287 4225 1606 4285 habitabit
1653 4246 1823 4286 uxor
1853 4230 1904 4293 D
1933 4228 2004 4285 in
2045 4234 2217 4285 terra
2248 4228 2473 4286 E'dom.
2512 4225 2697 4285 Misit
2740 4244 2885 4301 erqo
2934 4225 2997 4282 ei
3027 4226 3267 4285 Hiram
3301 4246 3421 4303 per

331 4342 464 4383 mea
494 4325 568 4383 in
599 4326 788 4383 domo
819 4324 1038 4382 David
1076 4323 1244 4398 reyis
1273 4324 1503 4391 Israel,
1531 4343 1600 4382 eo
1649 4328 1820 4402 quod

326 4424 740 4497 sanctificata
784 4421 893 4491 sit,
933 4418 997 4481 id
1046 4427 1144 4482 est
1184 4420 1310 4481 Deo
1348 4420 1820 4501 quodammodo

330 4528 719 4596 consecrata,
768 4519 996 4581 domus
1037 4518 1278 4593 David3
1329 4522 1490 4599 quia
1535 4522 1821 4597 inqressa

328 4629 414 4679 est
443 4621 514 4681 in
547 4640 694 4679 eam
721 4639 878 4679 arca
907 4619 1200 4679 Domini.
1233 4618 1450 4679 Intulit
1479 4618 1648 4680 enim
1682 4639 1820 4682 eam

233 4746 302 4781 a..
331 4716 524 4779 David
555 4717 622 4778 in
655 4715 1138 4779 tabernaculum
1181 4723 1604 4796 praeparatum
1652 4716 1820 4779 infra

330 4825 504 4897 septa
535 4816 755 4898 palatii
789 4816 1007 4891 situm,
1041 4824 1104 4877 et
1132 4814 1219 4877 ibi
1251 4815 1488 4896 jugiter
1518 4816 1815 4894 ministri,

331 4912 562 4977 Levitae
590 4924 657 4976 et
681 4922 972 4978 cantores
1011 4913 1234 4975 divino
1271 4913 1473 4975 cultui
1513 4924 1693 4977 erant
1723 4916 1820 4977 in-

333 5012 486 5074 tenti
513 5021 815 5094 :propter
845 5012 1017 5092 quod
1051 5019 1182 5073 tota
1209 5011 1434 5073 domus
1467 5012 1665 5074 David
1698 5012 1820 5076 fuit

329 5109 558 5172 exinde
585 5110 1056 5191 quodammodo
1087 5117 1472 5172 consecrata.

411 5212 594 5270 Tunc
617 5211 846 5269 obtulit
875 5212 1184 5270 Salomon
1211 5210 1577 5269 holocausta
1599 5211 1820 5270 Domi-

328 5326 406 5364 no
431 5326 631 5383 super
655 5310 862 5367 altare
881 5306 1172 5375 Domini,
1205 5310 1376 5384 quod
1405 5316 1817 5367 eoestruoeerat

1933 4344 2166 4383 manus
2194 4342 2523 4383 servorum
2554 4342 2824 4383 suorum
2856 4342 3071 4396 naves,
3095 4332 3154 4383 et
3182 4333 3420 4385 nautas

1924 4442 2167 4499 qnaros
2198 4423 2422 4492 maris,
2444 4431 2503 4482 et
2524 4422 2826 4483 abierunt
2848 4441 2997 4482 cum
3025 4424 3226 4482 servis
3246 4425 3421 4483 Salo-

1933 4521 2140 4580 monis
2155 4521 2229 4580 in
2246 4520 2462 4596 Ophir.
2483 4522 2918 4600 Tuteruntque
2939 4521 3093 4580 inde
3110 4522 3421 4599 quadrin-

1923 4628 2120 4694 9enta
2150 4619 2635 4697 quinquaqinta
2667 4622 2909 4679 talenta
2950 4621 3131 4688 auri,
3160 4628 3220 4679 et
3250 4628 3421 4680 attu-

1932 4721 2146 4776 lerunt
2173 4719 2261 4776 ad
2279 4736 2488 4793 reyem
2509 4720 2940 4779 Salomonem.
2960 4716 3087 4779 Hoc
3118 4724 3215 4779 est
3242 4718 3417 4799 quod

1933 4814 2164 4894 legitur
2202 4815 2389 4877 tertio
2427 4815 2592 4879 libro
2623 4815 2860 4896 Regum
2898 4834 2912 4877 :
2946 4816 3223 4879 Classem
3266 4834 3421 4897 quo-

1928 4932 2054 4995 que
2087 4912 2239 4976 fecit
2270 4933 2376 4976 rex
2407 4913 2700 4977 Salomon
2725 4915 2789 4976 in
2817 4914 3227 4995 Asiongaber‚
3249 4923 3369 4977 etc.
3400 4937 3414 4989 3

1928 5012 2098 5093 quod
2149 5011 2239 5073 ibi
2290 5012 2648 5093 expositum
2695 5022 2812 5074 est.
2864 5012 3017 5075 Illuc
3066 5031 3215 5093 ergo
3260 5012 3419 5075 abiit

1930 5109 2227 5172 Salomon
2260 5111 2535 5190 navigio,
2556 5111 2709 5192 quia
2739 5130 2955 5174 servos
2989 5130 3135 5173 suos
3156 5110 3309 5173 illuc
3330 5111 3419 5172 di-

1929 5208 2130 5281 rexit3
2166 5226 2291 5270 non
2325 5216 2535 5270 tamen
2574 5217 2837 5290 apparet
2865 5209 3033 5289 quod
3066 5208 3417 5290 personali-

3451 2668 3585 2713 [Par.
3601 2682 3716 2712 xxm-

3448 2744 3561 2775 XXV!-

3490 3752 3599 3798 Luc.
3627 3768 3710 3807 xiv,

3448 3818 3516 3859 28.

3468 4840 3522 4885 111
3535 4842 3640 4897 Rev.
3652 4856 3706 4895 nx,

3448 4906 3585 4949 26-28.

1927 5316 2024 5369 ter
2052 5306 2207 5368 illuc
2236 5305 2557 5387 profectus
2580 5306 2684 5382 sit,
2708 5306 2832 5367 nisi
2866 5306 3031 5369 forte
3052 5308 3131 5369 ad
3162 5306 3421 5371 visitan·
3498 5332 3507 5342 ·
