4309 6259
863 521 1213 567 mannum
1254 522 1319 569 IN
1361 522 1496 569 car.
1543 523 1692 570 xxvl
1733 522 1892 569 unm
1932 484 2101 569 rium
2142 522 2673 572 PARALIPOMENON.
2716 544 2797 555 —-
2837 526 2980 572 ΑΜ.
3027 526 3175 573 xxm
3415 486 3559 572 '173

115 704 136 721 ·
167 701 394 747 ιιι-κιαι
459 696 586 755 bus
605 696 746 770 ejus
763 696 1128 755 duodecim.
1153 696 1448 773 Septima
1469 696 1718 757 Isarela
1731 696 1779 767 ¹¹,
1801 693 1966 772 ficiis
1994 690 2046 753 A
2077 695 2211 763 tha,
2241 696 2406 772 filiis
2441 704 2501 756 ei
2536 696 2858 773 fratribus
2894 698 3035 776 ejus
3063 699 3424 758 duodecim.
3457 699 3563 757 Vi-

453 804 526 853 ec
555 794 884 871 fratribus
903 795 1044 870 ejus
1069 795 1429 855 duodecim.
1457 798 1695 857 Octava
1712 793 1967 861 Jesaioe,
2071 793 2307 853 cesima
2328 794 2553 870 prima
2575 795 2785 863 othir,
2804 797 2969 871 filiis
2996 804 3057 855 et
3084 795 3407 872 fratribus
3423 795 3563 871 ejus

451 894 634 967 filiis
678 902 740 952 et
786 892 1113 968 fratribus
1159 892 1300 969 ejus
1358 894 1718 953 duodecim.
1775 894 1966 954 Nona
2073 892 2433 951 duodecim.
2460 893 2767 953 Vicesima
2796 896 3075 954 secunda
3100 894 3462 964 Geddelthi,
3490 897 3564 970 fi-

453 992 864 1059 Blachanioe,
891 991 1058 1067 filiis
1096 1000 1155 1050 ec
1197 990 1523 1067 fratribus
1551 992 1690 1070 ejus
1736 992 1968 1050 duode-
2077 990 2188 1047 liis
2222 999 2282 1049 el
2318 990 2642 1066 fratribus
2683 992 2824 1068 ejus
2860 994 3217 1052 duodecim.
3252 993 3563 1052 Vicesima

447 1091 620 1150 cim.
670 1092 943 1151 Decima
992 1091 1286 1159 Semeice,
1332 1091 1498 1166 filiis
1545 1099 1605 1150 et
1646 1090 1968 1166 fratribus
2077 1089 2266 1147 tertia
2313 1090 2717 1159 Makazioth,
2756 1090 2920 1166 filiis
2966 1099 3026 1149 et
3060 1090 3383 1167 fratribus
3422 1090 3564 1168 ejus

445 1188 608 1261 ejus
649 1188 1012 1247 duodecim.
1059 1188 1411 1249 Undecima
1463 1190 1763 1257 Azareel,
1803 1188 1968 1265 filiis
2071 1186 2433 1247 duodecim.
2452 1188 2761 1247 Vicesima
2781 1198 3018 1265 quarta
3036 1189 3563 1257 Romemihiezer,

442 1295 520 1345 ec
541 1287 875 1362 fratribus
893 1286 1035 1362 ejus
1052 1287 1403 1346 duodecim.
1423 1287 1712 1346 Duodeci
1715 1306 1821 1345 ma
1837 1287 1968 1346 Ha·
2070 1286 2148 1360 fil
2153 1284 2235 1343 iis
2248 1294 2307 1344 et
2325 1283 2645 1360 fratribus
2664 1286 2805 1363 ejus
2824 1288 3179 1347 duodecim.
3200 1286 3352 1349 Nam
3373 1306 3565 1348 unus-

443 1386 684 1455 sabiae,
735 1385 902 1459 filiis
949 1392 1009 1443 ec
1055 1384 1380 1460 fratribus
1424 1385 1564 1461 ejus
1603 1384 1961 1444 duodecim.
2071 1382 2349 1463 quisque
2412 1381 2668 1445 illorum
2720 1384 2945 1464 viginti
3009 1393 3283 1465 quatuor
3345 1394 3562 1448 canto-

457 1482 948 1543 Tertiadecima
995 1484 1270 1551 Subuel,
1316 1484 1480 1559 filiis
1527 1491 1588 1541 et
1645 1483 1968 1563 fratribus
2074 1497 2239 1556 rum,
2274 1478 2499 1542 habuit
2530 1480 2648 1542 sub
2680 1500 2747 1543 se
2777 1481 3113 1545 duodecim
3144 1482 3268 1544 sibi
3300 1483 3565 1546 associa-

445 1582 609 1658 ejus
637 1582 1004 1642 duodecim.
1029 1583 1536 1650 Quartadecima
1556 1582 1962 1652 Matkatkioe,
2076 1584 2195 1655 tos,
2240 1597 2385 1640 cum
2426 1578 2665 1659 quibus
2710 1580 2994 1642 exercuit
3032 1600 3219 1642 suum
3265 1580 3561 1645 officium

399 1666 406 1670 ’
446 1681 632 1757 filiis
668 1689 732 1739 ec
759 1679 1084 1755 fratribus
1126 1680 1268 1758 ejus
1303 1681 1665 1740 duodecim.
1703 1681 1970 1749 Quinta·
2075 1695 2219 1739 cum
2241 1677 2565 1741 sacerdote
2585 1698 2709 1742 suae
2730 1678 3159 1743 hebdomadae.
3180 1680 3371 1742 Erant
3391 1681 3561 1743 enim

447 1780 724 1839 decima
768 1780 1110 1848 Jerimock,
1152 1780 1317 1854 filiis
1362 1787 1423 1837 et
1459 1779 1782 1856 fratribus
1827 1780 1967 1855 ejus
2077 1775 2307 1855 viginti
2356 1785 2630 1858 quatuor
2675 1779 3030 1842 sacerdotes
3080 1779 3389 1862 praecipui
3436 1797 3449 1841 :
3484 1780 3562 1843 de

443 1878 828 1937 duodecim.
853 1878 1310 1938 Sed-tadecima
1331 1878 1686 1946 Hananiae,
1709 1879 1877 1954 filiis
1907 1886 1968 1937 et
2004 1879 2050 1941 B
2078 1874 2313 1956 quibus
2364 1875 2603 1937 dictum
2652 1884 2749 1939 est
2795 1876 3079 1960 capitulo
3133 1878 3515 1960 praecedenti
3544 1903 3558 1953 ;
3592 1897 3835 1942 waram<

442 1976 790 2054 fratribus
831 1974 972 2051 ejus
1015 1977 1375 2035 duodecim.
1423 1976 1968 2054 Septimadecima
2077 1993 2348 2056 quorum
2372 1973 2643 2055 quilibet
2663 1994 2841 2037 suam
2873 1976 3099 2038 habuit
3118 1977 3556 2059 septimanam,
3591 1963 3709 2005 ⁷⁴⁸·

439 2076 859 2141 Jesbacassoe,
873 2074 1038 2150 filiis
1055 2083 1116 2133 et
1129 2075 1448 2151 fratribus
1459 2074 1600 2151 ejus
1615 2075 1964 2134 duodecim.
2076 2079 2295 2153 utpote
2342 2073 2588 2154 primus
2636 2073 2930 2154 primam,
2974 2075 3293 2137 secundus
3340 2094 3563 2138 secun-

449 2172 964 2233 Occavadecima
1003 2173 1302 2243 Hanani,
1334 2173 1500 2249 filiis
1542 2181 1602 2231 ec
1645 2174 1968 2251 fratribus
2075 2171 2243 2247 dam,
2270 2170 2489 2252 sicque
2520 2170 2853 2254 deinceps;
2880 2171 3049 2234 idem
3082 2171 3205 2235 fuit
3233 2172 3387 2236 ordo
3416 2193 3564 2237 can-

441 2272 606 2347 ejus
623 2272 982 2331 duodecim.
1002 2271 1446 2333 Nonadecima
1465 2271 1784 2337 ΜεῑίοεΙιί,
1804 2272 1969 2348 filiis
2076 2278 2287 2333 torum
2318 2269 2584 2333 istorum
2611 2288 2624 2332 :
2659 2289 2735 2333 ex
2762 2270 2997 2352 quibus
3036 2272 3338 2335 elucescit
3368 2272 3561 2354 hujus

443 2377 518 2428 ee
537 2370 872 2445 fratribus
896 2369 1038 2446 ejus
1065 2370 1428 2429 duodecim.
1455 2370 1657 2430 Vicesi
1661 2389 1765 2429 ma
1791 2371 1972 2430 Elia·
2077 2367 2342 2451 capituli
2374 2387 2621 2431 sensus,

1517 2800 2169 2887 ARTICULUS
2250 2800 2531 2885 XXVI

559 3074 946 3123 »eumundo
988 3074 1264 3122 cunum
1305 3073 1568 3120 vlOEsml
1611 3073 1785 3120 813le
1821 3072 1834 3118 :
1879 3070 2220 3119 mvlslouus
2258 3073 2465 3119 AUTEH
2503 3073 2845 3121 launoium
2878 3076 2892 3121 :
2937 3078 3017 3122 DE
3056 3076 3309 3138 nonme,
3354 3079 3483 3126 mc.

615 3352 1048 3418 ISTINCTIO
1100 3373 1173 3417 ac
1232 3353 1571 3436 dispositio
1617 3353 1968 3435 janitorum
1997 3352 2042 3415 C
2079 3356 2410 3416 benedioeit
2438 3356 2548 3415 illi
2574 3356 2915 3419 Dominum
2950 3359 3217 3419 Semeiae
3246 3368 3460 3420 autem
3489 3360 3571 3437 fi-

635 3462 825 3536 atque
867 3452 1208 3517 custodum
1247 3471 1361 3516 seu
1401 3453 1829 3530 saci-istarum,
1864 3454 1970 3517 hic
2082 3454 2170 3512 lio
2208 3453 2350 3530 ejus
2391 3455 2538 3514 nati
2576 3464 2729 3515 sunt
2765 3456 2921 3532 filii,
2944 3456 3243 3535 proefecti
3270 3458 3570 3535 familia·

2081 3571 2231 3611 rum
2260 3572 2533 3613 suarum
2558 3562 2785 3613 :erant
2825 3555 3001 3614 enim
3032 3555 3167 3614 viri
3193 3556 3566 3632 fortissimi.

2081 3651 2250 3711 Filii
2285 3669 2432 3727 erqo
2464 3653 2735 3713 Semeioe
2752 3672 2774 3712 .·
2808 3653 3030 3722 omni,
3058 3662 3118 3713 et
3144 3655 3463 3731 Raphael,
3510 3666 3569 3717 et

2087 3751 2279 3819 Obed,
2312 3751 2620 3819 Eisabad,
2648 3759 2709 3811 et
2734 3750 2977 3826 fratres
3004 3752 3144 3829 ejus
3182 3754 3316 3811 viri
3354 3753 3572 3829 fortis-

2080 3849 2237 3907 simi
2254 3871 2282 3919 ,·
2324 3850 2485 3909 Eliu
2546 3868 2795 3927 quoque
2847 3858 2907 3908 et
2964 3852 3368 3912 SamackiaS.
3429 3854 3573 3913 Om-

2081 3967 2193 4007 nes
2222 3948 2297 4007 hi
2336 3949 2415 4007 de
2441 3948 2607 4023 filiis
2641 3948 2992 4009 obededom
3011 3964 3034 4007 .·
3066 3949 3195 4024 ipsi
3234 3958 3293 4009 et
3321 3951 3482 4025 filii,
3511 3960 3571 4011 et

2080 4045 2320 4122 fratres
2367 4064 2591 4105 eorum
2643 4044 2993 4121 fortissimi
3044 4047 3130 4105 ad
3190 4047 3572 4109 ministran-

2081 4146 2269 4213 dum,
2297 4144 2638 4220 seoeayinta
2676 4144 2805 4203 duo
2845 4146 2925 4203 de
2958 4144 3329 4206 Obededom.
3366 4148 3570 4207 Porro

2085 4244 2461 4303 Meselemice
2479 4242 2639 4318 ficii,
2669 4250 2729 4301 et
2748 4241 2987 4320 fratres
3015 4262 3237 4303 eorum
3268 4245 3573 4306 robustis-

459 3552 780 3616 recitatur
813 3570 829 3613 z
859 3570 1138 3634 quorum
1175 3550 1506 3614 distinctio
1536 3551 1812 3614 sumitur
1839 3552 1974 3633 jux-

453 3660 539 3714 ta
577 3650 1060 3713 distinctionem
1103 3656 1428 3732 portarum
1478 3668 1590 3712 seu
1631 3649 1972 3730 Januarum

457 3749 623 3813 atrii
652 3749 902 3831 templi,
925 3749 994 3811 in
1025 3748 1211 3830 cujus
1241 3747 1404 3811 atrio
1426 3756 1608 3810 erant
1627 3747 1790 3811 ostia
1819 3766 1974 3829 qua-

447 3858 624 3912 tuor
666 3848 846 3930 juxta
892 3854 1251 3929 respectum
1304 3847 1383 3908 ad
1435 3854 1708 3927 quatuor
1755 3846 1972 3929 plagas

459 3958 682 4011 terrae.
725 3948 1092 4009 Divis-iones
1139 3954 1359 4007 autem
1395 3946 1776 4023 janitorum
1823 3952 1973 4007 sunt

452 4066 614 4131 quae
665 4044 838 4107 infra
885 4044 1202 4107 habentur
1254 4044 1321 4106 in
1370 4043 1492 4105 isto
1539 4043 1843 4126 capitulo.
1878 4047 1973 4106 De

457 4148 708 4209 Cor-itis
729 4165 752 4206 .·
775 4145 1144 4205 Meselemia
1163 4144 1348 4220 filius
1373 4144 1551 4212 Core,
1576 4141 1640 4204 id
1662 4149 1780 4219 est,
1804 4161 1971 4203 unus

450 4245 820 4327 janitorum
851 4242 1346 4326 praecipuorum,
1375 4240 1498 4303 fuit
1517 4240 1616 4303 vir
1646 4240 1765 4303 iste
1787 4240 1974 4304 Mese-

459 4342 667 4407 lemia
697 4350 885 4404 natus
915 4360 993 4404 ex
1035 4339 1194 4402 [iliis
1224 4338 1383 4403 Core
1413 4339 1668 4417 Levitae‚
1702 4343 1783 4400 de
1808 4341 1973 4417 filiis
2081 4342 2258 4412 simi,
2295 4343 2507 4400 decem
2534 4348 2595 4399 et
2624 4349 2779 4400 octo.

453 4444 719 4519 Asaplz.
767 4440 1006 4503 Deinde
1049 4439 1116 4502 in
1163 4438 1421 4502 exordio
1468 4438 1659 4519 hujus
1704 4436 1971 4520 capituli
2164 4441 2257 4498 De
2286 4440 2460 4499 Hosa
2489 4447 2730 4507 autem,
2764 4440 2837 4497 id
2862 4447 2952 4498 est
2994 4442 3074 4499 de
3101 4441 3263 4516 filiis
3292 4443 3569 4514 Merari,

457 4540 929 4605 describuntur
948 4536 1393 4620 generationes
1411 4537 1974 4618 janitorum.Filii
2003 4540 2052 4602 D
2083 4538 2300 4598 Semri
2333 4537 2663 4614 princepe.
2700 4536 2849 4599 Non
2897 4539 3075 4597 enim
3122 4540 3433 4603 habuerat
3476 4541 3571 4625 ip-

465 4642 858 4704 Meselemioe
888 4660 911 4697 .·
933 4638 1290 4699 Zacharias
1324 4638 1820 4714 primogenitu-5,
1864 4638 1975 4695 Ja-
2084 4653 2151 4696 se
2196 4634 2378 4711 Hosa,
2410 4634 2942 4711 primoyenitum,
2986 4637 3227 4696 idcirco
3265 4651 3571 4715 posuerat

459 4742 660 4801 dihel
704 4740 1048 4807 secundm,
1079 4738 1408 4798 Zabadias
1454 4737 1704 4805 certiuS,
1749 4738 1975 4795 Jatlza-

463 4840 630 4900 nael
682 4846 983 4917 quartae,
1031 4837 1265 4897 AE'lam
1320 4835 1612 4913 quintu-5,
1670 4835 1974 4894 Johanan

461 4946 709 5003 savius,
734 4936 1038 4997 Elioenai
1055 4935 1386 5012 septimum
1405 4934 1575 4993 Filii
1595 4942 1809 4993 autem
1835 4935 1975 4994 Obe-

465 5038 708 5098 dedom
747 5053 770 5094 .·
809 5034 1097 5095 semeias
1147 5032 1647 5108 primoyenituS,
1688 5032 1976 5091 Jozabad

463 5134 822 5200 secundus,
848 5133 1054 5192 Joalza
1102 5130 1350 5199 cerciuS,
1383 5131 1638 5190 Sackar
1673 5138 1972 5206 quartae,

471 5232 858 5297 Nathanael
889 5230 1188 5307 quincue,
1217 5230 1505 5288 Ammiel
1543 5237 1783 5296 semiue,
1814 5228 1974 5287 Issa-

467 5334 638 5391 ckar
686 5330 1018 5407 septimus,
1066 5327 1407 5388 Phollachi
1451 5335 1710 5386 octavus
1748 5346 1770 5384 .·
1813 5328 1971 5403 quia

2080 4753 2251 4806 eum,
2287 4732 2352 4795 id
2382 4739 2476 4795 est
2508 4731 2719 4813 ipsum
2750 4732 2973 4810 Semri,
2998 4743 3193 4810 pater
3215 4737 3357 4813 ejus
3384 4738 3566 4816 Hosa,

2084 4833 2157 4891 in
2180 4832 2552 4909 principem
2584 4848 2714 4892 suae
2744 4828 3026 4893 familiae.
3060 4830 3240 4895 Circa
3270 4834 3391 4898 hoc
3420 4836 3573 4911 scri-

2083 4930 2181 4991 bit
2226 4928 2511 5011 quidam,
2546 4929 2716 5009 quod
2763 4927 2933 4989 istud
2978 4929 3319 5011 dupliciter
3368 4934 3570 5014 possit

2083 5028 2337 5111 exponi.
2362 5026 2594 5103 Primo,
2618 5028 2696 5089 ad
2729 5024 3249 5091 satisfaciendum
3279 5034 3570 5112 quoestio-

2084 5126 2173 5204 ni,
2208 5146 2337 5208 qua
2383 5126 2581 5208 quaeri
2633 5133 2868 5207 posset,
2903 5143 3100 5205 quare
3146 5126 3309 5191 Hosa
3356 5134 3569 5213 posuit

2083 5225 2278 5287 istum
2310 5223 2519 5285 filium
2542 5241 2729 5283 suum
2762 5222 3021 5285 nomine
3053 5223 3275 5303 Semri,
3300 5227 3366 5290 in
3397 5231 3567 5312 prin-

2081 5324 2313 5406 cipem.
2332 5322 2424 5383 Ad
2454 5320 2625 5403 quod
2648 5319 2857 5381 littera
2888 5320 3010 5382 ista
3029 5326 3391 5405 respondet,
3415 5332 3569 5411 quia
