4309 6259
643 1204 750 1245 Gen.
768 1217 809 1251 n,
824 1206 862 1245 7.

610 2480 671 2523 12.
686 2496 777 2529 mn.
794 2485 856 2525 lti-

608 2766 720 2809 Dan.
735 2781 775 2817 v,
791 2772 855 2811 2³.

635 3460 778 3503 Ecclv‘.
803 3474 857 3510 iv,

598 3526 661 3565 12.

618 3585 785 3627 Mateta.
803 3600 856 3637 xi,

599 3650 659 3689 10.

601 4730 798 4772 Maenala.
814 4745 855 4777 n.

598 4794 658 4835 10.

894 506 1015 568 658
1692 518 2039 567 ENAnnA’rio
2082 522 2141 565 iu
2187 514 2323 565 cAP.
2372 514 2568 564 xxxin
2607 512 2733 563 son.
2779 538 2860 547 —
2901 518 3044 563 Aur.
3091 516 3186 563 Lx!

896 693 1112 755 lariuS.
1162 693 1375 769 Porr0,
1415 711 1530 774 per
1577 692 1879 775 Spiritum
1937 692 2065 766 Dei,
2111 688 2382 769 intelligi
2416 687 2465 749 A
2497 688 2718 771 primae
2748 708 2974 755 causae.
3009 690 3200 751 etiam
3229 690 3410 769 juxta
3437 687 3875 770 philosophos
3897 689 3975 747 Ec

896 800 1102 873 potest
1133 790 1406 872 Spiritus
1438 790 1723 867 SanctuS‚
1750 790 1849 853 vel
1881 789 2242 852 intellectus
2275 806 2382 849 seu

894 889 1189 952 voluntas
1240 888 1481 965 divina,
1536 908 1647 951 seu
1700 890 1859 951 Deus
1908 888 2218 959 absolute,
2271 885 2384 965 qui

894 988 1157 1069 spiritus
1204 996 1319 1049 est.
1356 989 1440 1048 Ec
1481 990 1883 1063 spiraculum
1920 985 2386 1061 omnipotentis

894 1087 1259 1163 vivificavit
1310 1106 1427 1144 me.
1481 1084 1547 1145 ln
1590 1082 1814 1148 Genesi
1869 1084 1956 1144 ait
2006 1082 2379 1163 Scriptura:

894 1183 1217 1245 Formavit
1248 1182 1411 1243 Deus
1444 1182 1767 1243 hominem
1798 1182 1876 1243 de
1908 1181 2062 1242 limo
2096 1188 2296 1255 terrae,
2323 1186 2384 1239 et

894 1280 1232 1362 inspiravit
1262 1280 1326 1341 in
1352 1280 1581 1343 faciem
1613 1281 1753 1360 ejus
1784 1279 2174 1361 spiraculum
2201 1278 2378 1349 vitae3

892 1387 955 1441 et
987 1378 1191 1441 factus
1230 1387 1324 1441 est
1366 1378 1556 1441 homo
1600 1379 1665 1440 in
1708 1378 1989 1439 animam
2033 1377 2378 1438 viventem.

894 1476 1008 1538 Ubi
1062 1496 1174 1558 per
1224 1476 1638 1559 spiraculum,
1690 1476 2070 1553 intelligitur
2120 1474 2384 1555 spiritus

892 1594 1003 1637 seu
1032 1575 1247 1637 anima
1280 1575 1628 1650 rationaliS,
1655 1594 1887 1655 corpus
1918 1572 2258 1637 vivificans
2293 1573 2384 1635 vi-

890 1681 953 1734 ta
985 1680 1247 1744 natum,
1283 1672 1411 1735 imo
1444 1673 1600 1733 dans
1632 1670 1874 1733 homini
1908 1671 2099 1734 vitam
2135 1679 2384 1749 vegeta-

892 1771 1109 1845 tivam,
1147 1770 1541 1845 sensitivam,
1588 1770 1933 1833 secundum
1990 1769 2199 1830 locum
2251 1787 2383 1830 mo-

2494 790 2573 845 de
2602 790 2818 847 eodem
2859 792 2990 847 luto
3029 808 3137 863 eqo
3176 807 3425 866 quoque
3455 789 3776 863 formatus
3813 807 3970 843 sum.

2495 884 2790 957 Quamvis
2823 904 3052 967 corpus
3087 886 3435 947 humanum
3467 904 3542 947 ex
3571 891 3850 963 quatuor
3869 883 3978 944 ele-

2497 982 2727 1043 mentis
2777 983 3044 1043 mixtum
3096 983 3364 1058 dicatur,
3399 981 3602 1043 nihilo
3647 980 3864 1041 minus
3905 980 3976 1041 de

2496 1079 2648 1141 limo
2682 1090 2860 1143 terrae
2892 1081 3137 1162 primus
3168 1098 3398 1162 parens
3428 1078 3738 1142 formatus
3756 1078 3978 1140 deseri·
4033 1100 4124 1138 tm.
4145 1102 4222 1142 ·.ι.τ.

2495 1178 2688 1255 bitur,
2723 1179 2872 1261 quia
2909 1180 2973 1240 in
3008 1180 3286 1243 hominis
3316 1198 3580 1261 corpore
3618 1178 3978 1241 dominatur

2495 1284 2661 1338 terra
2693 1296 2820 1357 prae
2849 1278 3076 1339 ceteris
3107 1276 3462 1338 elementis,
3497 1276 3582 1338 De
3625 1276 3852 1337 eodem
3891 1295 3980 1336 er-

2493 1393 2572 1454 go
2605 1376 2735 1437 luto
2769 1375 2833 1435 in
2875 1375 3107 1456 specie,
3143 1394 3271 1438 non
3311 1377 3532 1439 eodem
3579 1373 3644 1435 in
3691 1391 3974 1447 numero,

2491 1473 2607 1536 Job
2655 1473 2924 1553 Elinque
2979 1472 3232 1535 formati
3293 1472 3555 1534 fuerunt
3607 1490 3621 1532 :
3677 1471 3976 1551 quoniam

2497 1571 2828 1651 utriusque
2878 1571 3163 1648 materia,
3195 1571 3480 1651 ejusdem
3532 1577 3627 1632 est
3672 1569 3975 1641 rationi53

2493 1678 2555 1731 et
2584 1678 2893 1751 quantum
2927 1669 3004 1729 ad
3040 1670 3310 1751 primam
3345 1668 3622 1731 hominis
3657 1666 3980 1731 formatio-

2495 1787 2661 1840 nem,
2682 1787 2904 1830 omnes
2935 1769 3014 1829 de
3047 1768 3180 1829 luto
3213 1787 3324 1830 seu
3357 1778 3539 1829 terrae
3571 1766 3725 1828 limo
3757 1764 3978 1827 forma·

890 1870 1110 1944 tivam,
1144 1878 1204 1931 et
1248 1869 1724 1931 intellectivam.
1762 1868 1837 1928 Et
1887 1867 1973 1928 ita
2022 1866 2127 1929 hic
2177 1866 2380 1947 accipi
2419 1868 2464 1928 B
2492 1868 2538 1929 ti
2569 1868 3106 1948 asserimur,quia
3139 1867 3434 1929 videlicet
3466 1868 3520 1927 is
3553 1867 3641 1928 ita
3673 1865 3975 1928 formatus

891 1976 1097 2048 potest
1148 1966 1535 2048 spiraculum
1587 1983 1601 2027 :
1650 1966 1819 2046 quod
1871 1965 2125 2040 dicitur,
2183 1965 2382 2045 spira-

888 2065 1103 2127 culum
1148 2064 1637 2145 OmnipotentiS,
1673 2063 1825 2145 quia
1860 2063 1941 2126 ab
1984 2064 2123 2145 ipso
2165 2082 2383 2144 proce-

887 2163 1001 2240 dit,
1040 2172 1309 2239 creatur‚
1356 2162 1739 2237 infunditur,
1790 2162 1917 2224 imo
1965 2162 2381 2242 quodammo-

888 2262 969 2324 do
1020 2262 1415 2323 insufflatur.
1452 2262 1610 2323 Hinc
1651 2260 1715 2322 in
1759 2261 2099 2342 Scripturis
2148 2260 2382 2321 veteris

891 2358 1528 2436 Testamenti‚anima
1554 2359 1747 2420 flatus
1780 2368 2060 2434 vocatur,
2084 2368 2145 2418 ut
2182 2377 2377 2439 quum

891 2477 1004 2540 per
1050 2458 1271 2520 Isaiam
1320 2457 1624 2519 Dominus
1673 2458 1762 2519 ait
1813 2476 1824 2517 :
1881 2456 2157 2537 Spiritus
2207 2476 2243 2517 a
2293 2456 2382 2517 fa-

890 2557 987 2619 cie
1032 2576 1174 2618 mea
1212 2556 1594 2635 egredietur,
1628 2564 1690 2616 et
1734 2555 1925 2615 flatus
1966 2572 2081 2633 ego
2124 2554 2376 2617 faciam.

888 2654 1109 2718 Daniel
1138 2674 1393 2736 quoque
1424 2653 1736 2735 propheta
1764 2652 2087 2714 Balthasar
2130 2653 2262 2732 regi
2297 2652 2382 2714 lo·

888 2772 1091 2835 quens
1135 2770 1147 2813 :
1200 2754 1418 2828 Deum,
1471 2751 1701 2832 inquit,
1749 2750 1860 2832 qui
1912 2749 2100 2812 habet
2152 2751 2378 2811 flatum

890 2860 1067 2913 tuum
1118 2851 1185 2913 in
1236 2870 1428 2913 manu
1480 2869 1614 2925 sua,
1661 2868 1787 2911 non
1830 2848 2178 2911 honorasti.
2212 2850 2382 2910 Insu-

889 2969 1023 3032 per,
1060 2969 1173 3031 per
1224 2948 1637 3029 spiraculum,
1673 2950 1941 3029 intelligi
1994 2958 2202 3030 potest
2243 2948 2380 3030 ipsa

2491 1975 2608 2042 est,
2630 1967 2693 2027 in
2728 1986 2854 2047 quo
2886 1985 3106 2029 omncs
3137 1965 3608 2047 quodammodo
3637 1983 3890 2027 eramus
3919 1973 3975 2025 et

2490 2064 2992 2139 continebamur,
3031 2073 3331 2145 tanquam
3378 2064 3443 2125 in
3482 2063 3780 2144 originali
3826 2080 3976 2143 quo-

2491 2165 2634 2225 dam
2669 2163 3010 2245 principio.
3031 2162 3206 2224 Unde
3239 2170 3301 2223 et
3331 2181 3552 2224 omnes
3583 2162 3649 2222 in
3682 2162 3823 2241 ipso
3847 2180 3977 2242 pec·
4005 2186 4228 2227 now-42.

2490 2262 2798 2337 cavimus,
2836 2261 3184 2323 secundum
3221 2260 3614 2342 Apostolum.
3651 2260 3972 2334 Praeterea,

2494 2381 2602 2443 per
2637 2361 2841 2421 lutum
2871 2368 3018 2441 apte
3048 2360 3416 2439 designatur
3457 2358 3722 2421 materia
3765 2376 3978 2438 corpo·

2493 2460 2579 2521 ris
2611 2459 2810 2522 nostri
2844 2458 3225 2541 propinqua,
3261 2458 3558 2520 videlicet
3597 2476 3814 2519 semen
3849 2458 3974 2537 jam

2489 2558 2888 2638 coagulatum
2926 2557 2990 2618 in
3021 2565 3201 2619 utero
3231 2556 3474 2631 matriS,
3493 2564 3682 2636 atque
3719 2574 3831 2636 per
3863 2554 3976 2615 hoc

2492 2656 2624 2719 luto
2673 2654 3120 2717 assimilatum.
3155 2654 3330 2716 Unde
3377 2662 3438 2715 et
3493 2672 3682 2735 supra
3729 2654 3844 2715 Job
3891 2653 3977 2713 ait

2491 2755 2570 2815 ad
2619 2754 2813 2815 Deum
2864 2770 2877 2813 ε
2927 2752 3256 2829 MementO,
3303 2769 3542 2832 quaese,
3593 2752 3764 2831 quod
3816 2751 4227 2817 sicut10⁶2,·.2.1-v.
4267 2738 4269 2809 ἶ

2491 2852 2694 2913 lutum
2729 2850 2958 2913 feceris
2990 2870 3112 2913 mc.
3134 2850 3352 2913 Nonne
3375 2850 3540 2912 sicut
3571 2849 3666 2910 lac
3699 2848 3974 2909 mulsisti

2489 2970 2612 3026 me,
2648 2959 2705 3011 et
2747 2949 2912 3011 sicut
2955 2968 3210 3011 caseum
3251 2968 3352 3009 me
3393 2946 3788 3027 coagulasti?
3821 2947 3975 3008 Hinc

889 3046 1223 3129 inspirat-io
1274 3046 1382 3107 Dei
1430 3064 1542 3127 per
1587 3047 1851 3127 gratiam
1900 3048 2322 3109 illustrantem
2361 3065 2374 3109 :
2415 3052 2458 3115 C
2490 3068 2602 3129 per
2629 3048 2962 3109 Jeremiam
2996 3046 3300 3109 Dominus
3331 3046 3613 3127 loquitur
3641 3062 3654 3105 ε
3685 3046 3861 3107 Sicut
3891 3045 3978 3105 lu·
4002 3071 4074 3112 αρν
4101 3071 4213 3109 „112³

886 3164 1029 3226 quae
1060 3144 1347 3206 vivificat
1389 3153 1664 3206 mentem
1696 3146 1773 3205 ad
1804 3146 2001 3207 vitam
2044 3145 2381 3227 sapientia-

888 3243 1037 3319 lem,
1082 3260 1191 3304 seu
1233 3242 1598 3305 interiorem
1639 3243 1963 3324 sapientiae
2000 3254 2230 3321 actum,
2272 3246 2379 3325 qui

888 3341 1111 3403 animoe
1157 3341 1289 3404 vita
1339 3349 1455 3417 est,
1492 3342 1669 3421 juxta
1710 3342 1867 3403 illud
1908 3342 2375 3405 Ecclesiastici:

887 3439 1207 3521 Sapientia
1228 3440 1420 3503 vitam
1452 3439 1611 3501 filiis
1644 3441 1771 3501 suis
1804 3440 2083 3521 inspirat.
2101 3442 2380 3503 Christus

888 3538 1077 3600 etiam
1132 3538 1197 3600 in
1246 3538 1588 3618 Evangelio
1632 3556 1645 3599 :
1696 3538 2053 3603 Justificata
2102 3548 2218 3615 est,
2267 3541 2376 3617 ait,

890 3636 1201 3719 sapientia
1230 3637 1311 3699 ab
1346 3637 1646 3699 omnibus
1682 3636 1839 3698 filiis
1874 3637 2026 3699 suis.

953 3737 1033 3797 Si
1044 3746 1235 3813 potes,
1248 3740 1549 3812 responde
1571 3758 1631 3795 m
1640 3738 1701 3795 ih
1713 3738 1751 3804 i,
1766 3746 1825 3795 et
1846 3740 2139 3797 adversus
2160 3735 2400 3814 facz'em'

888 3854 1095 3893 meam
1124 3836 1412 3903 consiste,
1455 3833 1518 3894 id
1561 3842 1676 3906 est,
1723 3834 2381 3913 argumentationibus

888 3930 1047 3993 meis
1081 3928 1339 3991 satisfac
1370 3938 1431 3990 et
1465 3928 1709 4003 resiste,
1748 3929 1799 3990 si
1834 3929 2005 3992 vales
2032 3930 2255 4011 :quasi
2289 3931 2382 3991 di-

887 4036 1007 4104 cat,
1032 4028 1290 4090 Paratus
1320 4047 1459 4088 sum
1496 4046 1736 4089 morem
1767 4046 1985 4105 gerere
2020 4029 2158 4104 tibi,
2181 4037 2382 4089 tuam-

887 4144 1011 4205 que
1044 4125 1525 4207 responsionem
1559 4125 1903 4205 suscipere.
1941 4126 2057 4187 Sed
2090 4125 2210 4187 hoc
2243 4146 2381 4189 ver-

2490 3155 2624 3207 tum
2671 3146 2735 3207 in
2785 3164 2975 3207 manu
3032 3144 3237 3224 figuli,
3273 3145 3360 3205 ita
3403 3152 3465 3205 et
3509 3163 3619 3205 vos
3667 3145 3734 3205 in
3787 3163 3978 3205 manu

2489 3264 2649 3307 mea.
2678 3245 2815 3307 Haee
2847 3243 2988 3305 Eliu
3024 3243 3392 3320 introduxit,
3415 3250 3482 3303 ut
3512 3262 3586 3305 ex
3619 3241 3979 3305 considera-

2491 3343 2663 3405 tione
2695 3342 2864 3423 paris
2896 3340 3302 3415 conditioniS,
3336 3340 3451 3402 Job
3483 3348 3690 3401 sumat
3723 3359 3978 3422 respon-

2489 3442 2680 3505 dendi
2717 3440 3044 3517 fiduciam,
3079 3441 3180 3503 vel
3215 3458 3293 3502 nc
3319 3439 3436 3502 Job
3465 3440 3822 3522 despiceret
3860 3440 3980 3501 dis-

2491 3550 2713 3622 putare
2743 3560 2884 3602 cum
2920 3540 3084 3615 Elin,
3119 3558 3194 3601 eo
3225 3540 3395 3619 quod
3427 3539 3635 3600 minor
3666 3547 3854 3600 esset.

2577 3642 3020 3700 Verumtamen
3071 3641 3464 3697 miraculum
3509 3658 3744 3707 meum,
3778 3636 3842 3697 id
3889 3644 3978 3699 est·

2489 3737 2802 3817 sapientia
2863 3755 3002 3797 mea
3063 3735 3220 3796 mihi
3270 3735 3544 3816 desuper
3601 3734 3980 3796 mirabiliter

2489 3836 2684 3896 data:
2723 3835 2789 3895 in
2839 3853 2968 3915 qua
3018 3834 3104 3894 ita
3154 3832 3524 3915 praefulgeo,
3573 3833 3744 3913 quod
3796 3832 3976 3913 quasi

2488 3932 2870 3993 miraculum
2913 3932 3200 3992 videatur
3231 3931 3400 4011 quod
3432 3949 3549 4013 ego
3579 3930 3687 4011 qui
3721 3931 3976 4010 juvenis

2489 4051 2650 4107 sum,
2689 4031 2754 4091 in
2784 4037 3030 4091 tantum
3065 4029 3346 4091 seniores
3377 4029 3445 4090 in
3487 4028 3799 4109 sapientia
3843 4028 3979 4090 vin-

2488 4150 2585 4206 cO,
2617 4149 2816 4210 quum
2859 4137 3068 4190 tamen
3111 4130 3188 4191 de
3230 4128 3364 4190 luto
3397 4128 3516 4189 sim
3551 4128 3712 4189 sicut
3742 4136 3806 4189 et
3841 4127 3973 4200 illi;

889 4223 1039 4284 bum
1064 4242 1282 4285 rursus
1304 4224 1667 4305 superbiam
1694 4224 1942 4285 videtur
1966 4226 2376 4305 praetendere.
2409 4230 2458 4291 D
2491 4250 2618 4288 non
2643 4239 2697 4287 ce
2719 4237 2989 4297 terreat,·
3017 4236 3075 4287 et
3095 4230 3458 4305 eloquentia
3483 4246 3623 4286 mea
3643 4246 3773 4285 non
3791 4228 3878 4285 sic
3910 4229 3978 4284 ti-

886 4320 1043 4394 Quid
1072 4320 1240 4382 enim
1268 4330 1364 4383 est
1384 4321 1611 4397 dicere,
1627 4321 1689 4382 Si
1714 4330 1906 4402 poteS‚
1924 4330 2057 4398 ete,
2081 4322 2222 4395 nisi,
2241 4323 2379 4385 Seio

887 4418 1037 4499 quia
1087 4438 1211 4479 non
1268 4420 1503 4500 poteris
1554 4420 1713 4480 mihi
1760 4422 2144 4501 respondere
2189 4429 2380 4501 atque

890 4516 1185 4577 resistere
1206 4519 1229 4575 2

964 4617 1147 4685 Ecce,
1177 4636 1271 4675 me
1297 4619 1465 4676 sicut
1499 4625 1555 4675 lc
1584 4618 1739 4693 feeit
1767 4619 1982 4676 Deus:
2004 4615 2186 4697 juxta
2217 4617 2377 4678 illud

884 4710 1222 4787 Malachiae,
1246 4712 1563 4792 Numquid
1598 4732 1721 4775 non
1746 4712 1911 4773 Deus
1944 4732 2108 4774 unus
2138 4716 2378 4776 creavit

886 4828 1001 4871 nos
1021 4816 1046 4870 ‘l
1078 4809 1681 4891 Etenim,quantum
1714 4813 1791 4873 ad
1824 4812 2123 4888 animam,
2163 4812 2377 4876 imme·

884 4906 1051 4969 diate
1083 4926 1119 4969 a
1150 4908 1275 4969 Deo
1307 4927 1525 4970 sumus
1558 4909 1774 4970 creati.
1813 4909 2180 4971 Substantia
2227 4930 2375 4974 vero

883 5005 1189 5087 corpori5‚
1212 5026 1248 5067 a
1270 5007 1394 5068 Deo
1426 5006 1822 5086 originaliter
1854 5008 2109 5071 condita
2130 5017 2247 5083 est,
2264 5011 2373 5070 sed

887 5123 997 5185 per
1026 5123 1247 5167 causas
1279 5106 1589 5167 secundas
1623 5105 1931 5167 formatur
1960 5116 2021 5168 et
2053 5108 2376 5186 organiza-

886 5210 1007 5276 tur,
1043 5210 1233 5283 atquc
1271 5224 1307 5264 a
1346 5203 1621 5285 propriis
1663 5204 2034 5285 parentibus
2076 5224 2374 5286 propaga·

886 5308 1000 5361 tur.
1017 5300 1135 5362 Sed
1159 5319 1319 5381 opus
1351 5310 1590 5364 naturae
1621 5309 1716 5364 est
1745 5302 2182 5385 principaliter
2213 5323 2372 5385 opus

2489 4328 2552 4384 he·
2573 4328 2822 4403 ymnis,
2850 4324 2914 4384 id
2947 4331 3062 4400 est,
3099 4342 3223 4386 non
3263 4322 3624 4399 erubescaS,
3657 4324 3831 4403 quod
3863 4342 3976 4403 ego

2485 4423 2704 4502 junior
2738 4431 2816 4498 te,
2855 4421 2944 4482 ita
2975 4430 3033 4481 te
3068 4421 3133 4482 in
3167 4420 3533 4501 eloquentia
3573 4438 3826 4501 supero.
3853 4420 3978 4481 Ali-

2485 4521 2722 4603 quibus
2753 4521 2923 4583 enim
2960 4520 3296 4583 molest-um
3341 4529 3456 4595 est,
3490 4520 3660 4601 quod
3692 4520 3858 4581 alius
3888 4521 3976 4582 cis

2492 4621 2816 4682 invenitur
2858 4618 3224 4701 perfectior.
3257 4618 3692 4681 Communiter
3725 4636 3979 4699 quoque

2484 4719 2684 4779 minus
2709 4718 2914 4800 periti,
2929 4726 2992 4779 et
3015 4717 3224 4779 minus
3247 4716 3518 4791 facundi,
3533 4717 3752 4779 terreri
3776 4716 3978 4778 solent

2485 4836 2696 4878 coram
2739 4816 3126 4896 sapientiore
3167 4822 3232 4878 et
3271 4814 3728 4896 eloquentiore.
3765 4814 3981 4894 ltaque

2483 4914 2849 4977 consolatur
2881 4922 2942 4975 et
2971 4914 3272 4977 admonet
3302 4921 3590 4975 sanctum
3611 4913 3751 4986 Job,
3773 4932 3854 4975 ne
3878 4913 3984 4974 im-

2483 5012 2886 5073 moderanter
2905 5018 3205 5090 gravetur
3235 5011 3554 5073 audiendo
3575 5030 3704 5073 suae
3727 5010 3982 5092 positio-

2485 5109 2583 5170 nis
2616 5107 3124 5190 reprobationem
3162 5128 3274 5190 per
3297 5108 3489 5173 verba
3520 5117 3583 5171 et
3609 5117 3982 5187 argumenta

2482 5207 2817 5269 rhetorica.
2844 5206 3170 5286 Siquidem
3208 5215 3387 5268 tanto
3417 5206 3578 5269 solet
3611 5206 3805 5267 alicui
3841 5206 3982 5267 alte-

2483 5306 2614 5366 rius
2647 5305 3010 5385 eloquentia
3047 5324 3186 5368 esse
3217 5304 3571 5380 molestior,
3595 5312 3840 5385 quanto
3869 5321 3980 5385 per
