4309 6259
612 893 723 949 Sap.
738 908 809 949 vu,
822 898 861 937 8.

891 492 1010 556 620

1694 514 2039 561 mannum
2083 515 2145 561 IN
2188 516 2324 562 GAP.
2370 515 2566 563 xxvm
2601 516 2728 562 1013.
2771 535 2852 545 —
2891 516 3034 563 ΛΒΤ.
3080 517 3174 563 mv

890 682 1239 751 rabuntur,
1261 681 1324 744 id
1356 691 1473 760 est,
1498 684 2099 748 commemoratione
2120 684 2382 766 indigna
2410 684 2460 746 A
2492 685 2590 746 lus
2622 684 2687 746 in
2717 685 2838 748 hac
2869 685 3004 748 vita
3031 704 3145 767 per
3175 685 3450 767 speciem
3483 684 3979 766 contemplatur,

892 788 1099 857 erunt,
1136 784 1613 859 comparatione
1641 784 1783 860 ejus
1813 804 1834 842 .·
1866 782 2046 863 juxta
2084 783 2245 847 illud
2277 784 2384 847 Sa-

895 877 1170 958 pientiae,
1206 880 1522 961 Praeposui
1554 881 1729 943 illam
1760 883 1971 963 regnis
2004 892 2067 947 et
2096 884 2378 961 sedibuS,

892 984 955 1039 et
986 976 1242 1041 divitias
1274 978 1437 1040 nihil
1470 998 1609 1041 esse
1640 980 1790 1042 duxi
1824 980 1888 1043 in
1910 984 2383 1065 comparatione

892 1076 1090 1139 illius.
1131 1081 1445 1139 Trahitur
1473 1090 1690 1141 autem
1717 1085 2041 1161 sapientia
2069 1087 2149 1143 de
2179 1089 2386 1144 oecul-

894 1177 999 1245 εἰς,
1032 1175 1095 1237 id
1136 1184 1251 1253 est,
1288 1196 1325 1238 a
1357 1180 1823 1259 supernaturali
1857 1190 1919 1243 et
1959 1182 2384 1244 secretissima

890 1274 1177 1336 omnium
1218 1294 1409 1338 causa
1436 1276 1562 1340 Deo
1602 1279 1970 1362 suscipitur,
2008 1280 2384 1362 impetratur

890 1383 953 1437 et
984 1374 1273 1437 hauritur
1314 1377 1625 1457 sapientia
1667 1377 1809 1454 ista,
1843 1377 2143 1441 videlicet
2181 1377 2262 1440 ab
2292 1378 2384 1439 in-

890 1472 1452 1553 comprehensibili
1499 1474 1804 1551 bonitate,
1841 1476 2103 1539 caritate
2144 1485 2210 1539 et
2251 1477 2384 1559 pie-

891 1578 1016 1632 tate
1038 1571 1194 1650 ejuS,
1211 1580 1273 1633 et
1292 1592 1369 1634 ex
1390 1573 1618 1654 abysso
1640 1572 1963 1636 ineffabili
1995 1575 2381 1654 judiciorum

890 1667 1022 1730 Dei.
1057 1668 1234 1731 Unde
1279 1670 1614 1751 contingit,
1649 1680 1719 1733 ut
1770 1672 1881 1733 uni
1930 1673 2093 1736 hanc
2134 1674 2384 1756 sapien-

889 1768 1047 1830 tiam
1089 1769 1291 1849 magis
1338 1788 1530 1850 quam
1584 1771 1764 1833 alteri
1810 1781 2087 1853 praestet.
2122 1774 2237 1836 Per
2280 1793 2383 1837 oc-

890 1866 1125 1929 cultam
1172 1886 1428 1948 quoque
1468 1869 1908 1950 poenitentiam
1958 1890 2030 1933 ac
2068 1890 2382 1954 praepara-
2419 1868 2464 1929 B
2492 1886 2642 1931 vero
2686 1867 2754 1928 in
2795 1886 2900 1929 me
2945 1867 3294 1948 Christus);
3343 1868 3444 1930 vel
3491 1868 3794 1949 quoniam
3848 1867 3978 1929 via-
4005 1880 4028 1893 ·

889 1964 1130 2027 tionem
1162 1966 1353 2029 homo
1383 1966 1460 2027 ad
1492 1986 1629 2029 eam
1664 1968 1988 2049 pertingit,
2022 1978 2214 2050 atque
2253 1978 2378 2032 tam

890 2063 1137 2125 occulte
1169 2064 1559 2143 conceditur,
1586 2071 1656 2127 ut
1677 2066 1866 2129 lateat
1894 2067 2275 2149 recipientes
2306 2087 2381 2131 eo

890 2161 1101 2237 modo,
1153 2180 1281 2242 quo
1332 2163 1411 2225 de
1460 2163 1740 2226 caritatis
1795 2165 2234 2229 inexsistentia
2279 2184 2383 2228 ex-

890 2267 1061 2320 stant
1102 2260 1408 2341 ambigui.
1453 2261 1761 2325 Praeterea
1808 2264 2121 2345 sapientia
2167 2264 2384 2345 acqui-

890 2358 1032 2433 sita,
1068 2377 1141 2420 ex
1174 2360 1435 2421 secretis
1470 2380 1679 2423 rerum
1711 2371 2062 2424 creatarum
2097 2364 2383 2444 proprie-

890 2456 1149 2533 tatibuS,
1185 2458 1451 2531 naturiS‚
1486 2458 1785 2540 operibus
1824 2468 2017 2540 atque
2048 2460 2380 2523 ordinibus

889 2555 1183 2632 trahitur,
1228 2555 1290 2618 id
1340 2566 1458 2633 est,
1502 2556 1963 2620 considerando
2016 2557 2164 2619 talia
2212 2558 2382 2623 inve-

891 2652 1087 2714 nitur.

948 2753 1089 2813 Non
1108 2754 1548 2831 adaequabitur
1562 2754 1623 2811 ei
1639 2756 1926 2830 topazius
1940 2757 2376 2832 deAE'thiope'a.

886 2847 1069 2911 Juxta
1096 2848 1487 2928 Gregorium,
1518 2858 1624 2911 πᾶν
1650 2848 1876 2928 Graece,
1900 2850 2121 2914 Latine
2148 2852 2384 2915 dicitur

888 2968 1088 3008 omne.
1104 2947 1281 3009 Unde
1312 2948 1620 3029 topazion,
1638 2949 1941 3029 quoniam
1963 2949 2139 3013 omni
2171 2951 2382 3014 colore

2492 783 2622 845 vita
2669 783 2892 846 vivens
2950 784 3203 847 mortali
3252 792 3440 865 atque
3498 782 3798 844 humana.
3851 783 3979 845 Sed

2491 882 2640 963 quia
2681 882 2760 944 de
2799 882 3113 965 sapientia
3151 901 3294 964 quae
3332 883 3570 945 donum
3612 889 3731 958 est,
3766 900 3980 943 sermo

2494 980 2616 1043 fuit
2646 983 2999 1062 hucusque,
3031 982 3109 1044 de
3150 982 3262 1043 illa
3291 981 3722 1045 continuanda
3749 989 3848 1043 est
3875 1000 3981 1043 ex-

2493 1079 2746 1162 positio.
2782 1081 2906 1142 lsta
2933 1099 3083 1161 ergo
3116 1080 3490 1144 abscondita
3529 1088 3624 1142 est
3660 1080 3742 1142 ab
3771 1079 3978 1142 oculis

2493 1180 2778 1242 omnium
2813 1179 3169 1241 viventium
3195 1197 3208 1241 :
3235 1180 3336 1241 vel
3358 1178 3513 1260 quia
3537 1179 3980 1260 corporalibus

2491 1277 2694 1341 oculis
2727 1296 2852 1339 non
2885 1278 3159 1353 videtur,
3191 1296 3389 1358 quum
3419 1277 3500 1339 sit
3522 1277 3856 1359 spirituale
3887 1278 3979 1338 in-

2494 1375 2980 1456 tellectualeque
3021 1376 3301 1451 bonum;
3337 1377 3440 1438 vel
3485 1376 3782 1457 quoniam
3825 1375 3980 1437 latet

2493 1473 2782 1537 viventes
2821 1492 3044 1536 omnes
3073 1474 3184 1556 qui
3218 1474 3447 1536 vivunt
3476 1474 3682 1537 solum
3712 1474 3846 1536 vita
3875 1493 3980 1535 na-

2492 1579 2669 1649 turae,
2718 1573 3064 1635 secundum
3113 1591 3179 1634 se
3223 1572 3418 1654 ipsos,
3451 1590 3576 1635 non
3627 1572 3979 1635 secundum

2491 1672 2819 1735 caritatem
2844 1679 2907 1733 et
2927 1670 3193 1749 gratiam
3217 1672 3325 1733 Dei
3346 1671 3695 1753 (quomodo
3716 1672 3805 1732 ait
3823 1670 3980 1751 Apo-

2492 1769 2740 1831 stolus:
2777 1768 2939 1831 Vivo
2986 1776 3219 1846 autem,
3264 1769 3395 1851 jam
3442 1788 3568 1831 non
3619 1786 3774 1847 eg03
3818 1768 3977 1830 vivit

2495 1975 2658 2029 tores
2700 1964 3235 2028 certitudinaliter
3277 1965 3440 2029 scire
3486 1984 3612 2029 non
3653 1966 3868 2029 valent
3907 1985 3976 2027 se

2491 2063 2870 2145 sapientiam
2912 2063 3075 2125 hanc
3118 2064 3375 2139 habere,
3412 2064 3535 2125 nisi
3583 2083 3698 2145 per
3746 2064 3978 2127 revela-

2491 2161 2749 2238 tionem,
2764 2161 2928 2222 sicut
2960 2180 3072 2223 nec
3103 2161 3448 2238 caritatem,
3463 2180 3606 2243 quae
3635 2161 3784 2223 huic
3812 2163 3977 2225 dono

2491 2260 3004 2343 inseparabiliter
3061 2269 3158 2323 est
3213 2261 3574 2342 conjuncta.
3637 2261 3814 2323 Unde
3869 2261 3977 2323 ha-

2490 2359 2791 2423 bentibus
2850 2359 3228 2441 sapientiam
3285 2360 3470 2421 istam
3517 2360 3772 2442 scripsit
3820 2360 3978 2441 Apo-

2492 2457 2692 2520 stolus
2727 2475 2741 2518 :
2777 2457 3001 2519 Mortui
3047 2457 3219 2519 enim
3265 2458 3438 2535 estiS,
3491 2466 3556 2521 et
3594 2458 3725 2519 vita
3769 2466 3976 2521 vestra

2490 2556 2860 2619 abscondita
2901 2564 2998 2619 est
3043 2576 3184 2619 cum
3221 2555 3470 2619 Christo
3502 2557 3567 2617 in
3599 2557 3747 2619 Deo.
3803 2560 3981 2618 Volu-

2489 2676 2623 2715 cres
2654 2676 2902 2735 quoqu-e
2927 2658 3071 2715 coeli
3107 2659 3280 2715 latet.
3315 2654 3443 2717 Hoc
3483 2654 3716 2717 dicitur
3757 2662 3980 2717 contra

2491 2753 2964 2836 superstitiosos
3003 2762 3066 2815 et
3113 2770 3401 2832 augureS,
3443 2753 3556 2835 qui
3597 2754 3664 2815 in
3710 2754 3978 2834 quibus-

2491 2854 2634 2915 dam
2693 2852 2915 2914 avibus
2971 2852 3296 2933 ponebant
3337 2850 3665 2933 sapientise
3723 2850 3981 2932 partici-

2492 2952 2815 3033 pationem
2863 2959 2992 3012 tam
3031 2951 3250 3026 altam,
3286 2950 3455 3031 quod
3498 2949 3689 3013 homo
3733 2969 3809 3011 ex
3849 2948 3980 3010 illis

890 3046 1267 3127 resplendet,
1287 3045 1465 3126 quasi
1499 3047 1846 3127 topandion
1877 3049 2250 3131 appellatur.
2273 3049 2384 3111 Ita·
2417 3053 2462 3115 C
2493 3049 2859 3114 volueribus
2893 3049 3348 3131 perduceretur
3375 3048 3453 3110 ad
3486 3047 3846 3111 futurorum
3877 3066 3982 3110 no-

890 3163 1012 3224 que
1045 3162 1293 3223 gemma
1323 3144 1458 3207 haec
1491 3146 1953 3226 pretiosissima
1974 3148 2148 3210 omni
2178 3148 2384 3228 fulget

890 3242 1123 3319 colore,
1158 3243 1453 3323 quamvis
1482 3244 1658 3307 color
1698 3264 1925 3307 aureus
1958 3254 2021 3307 et
2060 3265 2282 3309 aereus
2316 3247 2382 3309 in

890 3341 1029 3422 ipsa
1072 3340 1417 3403 abundent.
1466 3341 1612 3416 Quae
1659 3343 1809 3404 dum
1857 3344 2010 3407 solis
2057 3344 2200 3407 luce
2243 3364 2385 3427 per-

892 3438 1206 3517 funditur,
1235 3440 1424 3521 jubar
1462 3460 1648 3502 suum
1678 3441 1961 3522 undique
1996 3441 2230 3518 fundit,
2257 3462 2384 3505 om-

892 3538 1199 3619 niumque
1228 3555 1621 3617 gemmarum
1644 3548 1900 3621 superat
1930 3539 2298 3616 claritatem,
2316 3541 2381 3602 in

892 3655 1079 3698 suum
1124 3637 1489 3718 adspectum
1538 3637 1811 3699 maxime
1847 3638 2106 3701 trahens
2139 3640 2386 3700 adstan-

893 3744 1009 3799 tes,
1042 3734 1184 3797 Haec
1225 3751 1620 3813 gemmarum
1667 3735 2083 3817 amplissima,
2130 3737 2384 3815 regibus

892 3842 990 3898 est
1019 3841 1147 3896 tam
1180 3852 1345 3911 cara,
1370 3841 1441 3894 ut
1472 3852 1544 3896 ca
1568 3833 1659 3894 nil
1691 3834 1899 3897 carius
1933 3834 2098 3897 inter
2128 3834 2385 3898 divitias

893 3943 1037 3995 suas
1073 3931 1307 3994 habere
1348 3950 1415 3993 se
1460 3939 1776 4013 reputent.
1813 3932 2119 4013 Valetque
2164 3941 2385 3995 contra

892 4033 1054 4095 iram
1087 4040 1277 4113 atque
1319 4030 1665 4093 lunaticam
1709 4030 2091 4111 passionem.
2127 4031 2274 4106 Quae
2304 4033 2384 4096 ab

891 4130 1213 4213 AEthiopia
1236 4129 1431 4193 venit.
1456 4132 1586 4192 Nec
1610 4132 1907 4191 tincturae
1940 4133 2386 4194 mundissimae

2494 3148 2699 3211 titiam
2728 3165 2742 3208 :
2779 3147 3073 3229 quamvis
3106 3165 3219 3227 per
3250 3145 3538 3209 volucres
3583 3145 3751 3222 coeli‚
3785 3145 3982 3208 homi-

2493 3266 2604 3310 nes
2637 3244 2975 3326 ingeniosi,
2995 3264 3109 3306 seu
3139 3244 3310 3307 leves
3339 3251 3403 3306 et
3430 3244 3700 3306 animosi
3731 3244 3982 3325 possint

2493 3344 2788 3423 intelligi,
2837 3342 2945 3424 qui
2989 3342 3304 3424 superbiae
3343 3360 3471 3405 suae
3510 3342 3820 3405 demerito
3864 3343 3980 3404 hac

2494 3443 2808 3526 sapientia
2844 3441 3298 3504 destituuntur.

2573 3542 2867 3603 Per-ditio
2897 3550 2956 3601 et
2985 3559 3181 3608 mors,
3213 3538 3276 3600 id
3317 3546 3414 3601 est
3443 3539 3762 3601 daemones
3791 3546 3856 3601 et
3890 3559 3983 3603 re-

2495 3638 2679 3721 probi
2726 3637 2984 3715 mortui‚
3019 3639 3334 3697 dimerunc
3363 3658 3386 3696 .·
3412 3638 3704 3698 Auribus
3745 3642 3984 3698 nostris

2495 3736 2908 3800 interioribus
2956 3734 3060 3798 vel
3113 3733 3552 3810 exterioribuS,
3603 3736 3985 3797 audivimus

2492 3840 2744 3915 famam
2774 3836 2934 3913 ejus,
2952 3834 3015 3895 id
3047 3840 3143 3896 est
3173 3832 3488 3915 praeconia
3521 3832 3851 3915 sapientias
3879 3834 3986 3895 hu-

2492 3935 2618 4016 jus,
2645 3934 2754 3995 sed
2789 3933 2992 4014 ipsam
3025 3950 3152 3995 non
3184 3931 3583 4012 possedimus
3612 3949 3986 4012 permanen-

2497 4043 2590 4095 ter
2626 4050 2638 4093 :
2670 4032 2850 4113 juxta
2881 4030 3037 4092 illud
3071 4028 3428 4112 sapientiai,
3459 4028 3729 4091 Justitiae
3769 4029 3985 4093 lumen

2495 4149 2624 4193 non
2671 4128 2834 4191 luxit
2876 4128 3085 4204 nobiS,
3120 4136 3184 4189 et
3227 4127 3321 4189 sol
3367 4126 3808 4206 intelligentiae
3855 4146 3984 4191 non

892 4239 1371 4307 componentur,
1418 4228 1481 4290 id
1531 4236 1649 4304 est,
1701 4228 1994 4291 tincturae
2047 4236 2385 4309 quantum·
2419 4236 2466 4297 D
2495 4237 2592 4292 est
2621 4237 2797 4291 ortus
2831 4226 3038 4289 nobis,

893 4328 1050 4391 libet
1086 4347 1262 4409 purae
1301 4325 1906 4408 pretiosissimarum
1941 4326 2238 4405 vestium,
2275 4345 2387 4410 po-

2576 4325 2882 4406 Denique,
2917 4323 3328 4407 praeinductis
3371 4322 3582 4387 verbis
3631 4331 3984 4387 consonant

4045 1789 4195 1832 Gelai.
4215 1805 4250 1830 τι.
4278 1774 4279 1779 ¹

4025 2482 4220 2525 Cobotes

4029 4050 4132 4104 Sap.
4147 4062 4182 4095 v.
4197 4049 4231 4087 ί.

896 4427 962 4489 ni
1004 4445 1130 4490 non
1183 4434 1484 4508 poterunt
1531 4443 1647 4507 pro
1692 4426 2009 4504 condigno
2056 4425 2385 4507 sapientiae
2496 4444 2639 4507 quae
2669 4424 2737 4485 in
2767 4423 3006 4485 Baruch
3041 4422 3279 4504 scripta
3309 4431 3459 4485 sunt
3492 4439 3506 4483 ε
3539 4420 3691 4495 Quis
3733 4422 3985 4485 invenit
4023 4432 4234 4477 amem

896 4524 1121 4608 pretio.

990 4627 1165 4685 Unde
1191 4642 1337 4699 erqo
1376 4624 1699 4701 sapientia
1732 4624 1953 4683 venit?
1983 4622 2047 4685 id
2090 4632 2207 4699 est,
2241 4622 2385 4703 quis

894 4730 991 4784 est
1022 4722 1202 4783 dator
1234 4719 1475 4802 ipsius?
1514 4728 1578 4782 et
1618 4738 1761 4800 quae
1800 4719 1977 4798 origo
2019 4721 2190 4783 unde
2222 4739 2389 4782 ema-

895 4823 1046 4882 nat?
1078 4823 1164 4880 Ec
1202 4820 1347 4899 quis
1388 4828 1478 4878 esc
1519 4823 1689 4878 locus
1729 4819 2227 4895 intellv'yentioe?
2261 4819 2388 4881 Hoc

891 4919 1026 5001 jam
1078 4936 1269 4998 supra
1330 4916 1764 4995 Interrogavit,
1820 4916 1987 4979 sicut
2030 4918 2389 4999 expositum

896 5026 992 5081 est
1028 5036 1041 5079 ε
1080 5014 1309 5097 quaerit
1348 5014 1519 5077 enim
1563 5014 1628 5075 in
1670 5032 1797 5094 quo
1836 5014 2235 5095 originaliter
2283 5017 2386 5093 sit,

896 5123 958 5177 et
991 5114 1093 5176 cui
1127 5112 1527 5175 infundatur.
1552 5115 1943 5175 Abscondita
1972 5126 2061 5175 esc
2091 5117 2172 5175 ab
2191 5117 2392 5175 oculis

897 5214 1191 5273 omnium
1243 5213 1623 5272 viventium.
1679 5210 1804 5274 Hoc
1864 5212 2122 5292 quidam
2174 5212 2252 5273 de
2303 5212 2395 5273 in-

901 5318 1113 5373 creata
1146 5308 1471 5391 Sapientia
1501 5308 2022 5390 interpretantur,
2047 5326 2240 5391 quam
2260 5309 2397 5371 nul-

2499 4640 2718 4685 sauros
2762 4620 2946 4701 ejus?
2978 4619 3129 4694 Quis
3178 4620 3466 4682 ascendit
3516 4620 3583 4681 in
3631 4619 3889 4697 coelum,
3923 4629 3986 4683 et

2499 4720 2748 4801 accepit
2787 4738 2950 4795 eam,
2987 4727 3048 4780 et
3084 4717 3304 4780 eduxit
3341 4737 3480 4780 eam
3528 4717 3608 4779 de
3661 4718 3983 4781 nubibus?

2499 4818 2648 4893 Quis
2679 4816 3118 4879 transfretavit
3149 4835 3344 4893 mare,
3370 4824 3434 4877 et
3466 4815 3714 4877 invenit
3741 4824 3986 4893 eam,et

2501 4916 2717 4978 attulit
2766 4916 2940 4977 illam
2991 4932 3182 4996 super
3226 4933 3449 4976 aurum
3493 4912 3815 4975 electum?
3851 4912 3982 4975 Non

2503 5023 2600 5077 est
2640 5014 2750 5095 qui
2790 5012 2993 5094 possit
3031 5012 3192 5073 scire
3225 5011 3392 5075 viam
3426 5012 3589 5092 ejuS,
3627 5030 3836 5091 neque
3879 5010 3984 5092 qui

2504 5112 2818 5191 excogitet
2849 5110 3108 5173 semitas
3139 5109 3316 5191 ejus3
3364 5109 3474 5171 sed
3520 5109 3632 5190 qui
3683 5109 3799 5171 scit
3849 5110 3986 5171 uni-

2507 5229 2711 5287 versa,
2761 5209 2942 5272 novit
2992 5216 3054 5269 et
3095 5207 3426 5270 adinvenit
3467 5226 3604 5269 eam
3651 5206 3986 5288 prudentia

2513 5328 2648 5372 sua.
2685 5307 2812 5371 Hoc
2841 5314 2938 5369 est
2969 5306 3140 5388 quod
3171 5305 3485 5369 subditur.

2498 4525 2707 4587 locum
2741 4522 3112 4604 sapientise?
3135 4530 3243 4583 aut
3266 4521 3412 4602 quis
3440 4520 3730 4584 introivit
3760 4521 3826 4583 in
3857 4522 3984 4583 the-
4010 4502 4074 4604 :¹³2
4093 4502 4150 4543 ¹⁵·
4178 4498 4232 4535 τ’·
4278 4510 4279 4571 ἒ
