4309 6259
880 499 999 563 270

1210 514 1558 565 ENARRATIO
1600 520 1662 564 IN
1705 518 1841 564 CAP-
1888 517 2056 563 XXXV
2101 515 2261 561 LIBRI
2304 516 2555 561 SECUNDI
2595 506 3125 563 PARALIPOMENON.
3167 538 3249 547 -·
3288 519 3431 565 AR'r.
3477 518 3643 565 XXXV

877 689 1049 769 quod
1096 689 1389 770 quamvis
1435 690 1512 752 ad
1557 690 1912 752 sacerdotes
1956 686 2359 770 spectaverit,
2396 686 2447 749 A
2477 696 2536 747 et
2564 692 2865 765 offerrent
2895 691 3263 751 holocausta
3290 710 3484 767 super
3512 694 3718 751 attare
3746 691 3967 751 Domi-

879 795 1089 849 tamen
1142 787 1207 849 in
1257 788 1375 851 hoc
1425 796 1715 870 poterant
1763 788 2064 869 adjuvare
2108 786 2362 862 Levitae,

877 886 1133 966 quando
1153 886 1236 948 ob
1258 886 1732 949 multitudinem
1756 885 2225 949 sacrificiorum
2249 884 2368 945 fuit

880 1004 1166 1059 necesse3
1191 996 1250 1046 et
1268 1006 1496 1063 separa
1508 996 1731 1047 verunt
1750 1006 1873 1054 eas,
1899 984 2144 1047 scilicet
2166 984 2367 1065 pelles

879 1103 916 1145 a
945 1083 1244 1146 carnibus
1275 1103 1578 1166 pecorum
1614 1082 2118 1159 offerendorum,
2149 1093 2222 1143 ut
2252 1086 2369 1143 da-

879 1192 1022 1243 rent
1045 1204 1166 1263 per
1193 1186 1410 1243 domos
1437 1193 1496 1244 et
1523 1185 1823 1260 familias
1849 1184 2289 1259 sinqulorum,
2308 1191 2367 1241 et

878 1286 1265 1359 offerrentur
1293 1284 1591 1353 DominO,
1625 1284 1793 1342 sicut
1829 1284 2144 1358 scriptum
2176 1290 2264 1339 est
2294 1282 2367 1341 in

879 1382 1042 1441 libro
1075 1383 1343 1458 Moysis,
1376 1380 1437 1442 id
1472 1389 1588 1456 est,
1624 1399 1846 1443 carnes
1892 1380 2117 1441 darent
2160 1397 2368 1441 sacer-

876 1478 1132 1541 dotibus
1179 1479 1255 1541 ad
1297 1478 1696 1542 offerendum
1745 1497 1858 1560 pro
1904 1478 2026 1554 his,
2082 1477 2193 1558 qui
2232 1476 2369 1538 ani—

875 1577 1071 1639 malia
1101 1576 1210 1639 illa
1229 1577 1626 1640 adduxerunt
1645 1578 1722 1639 ad
1757 1576 2239 1652 immolandum,
2265 1576 2364 1640 vel

875 1684 944 1739 ut
975 1684 1217 1758 partem
1241 1676 1319 1737 de
1344 1675 1573 1738 oblatis
1604 1676 1828 1737 darent
1848 1674 2360 1738 immolantibus:

874 1775 1224 1838 secundum
1264 1774 1434 1856 quod
1485 1774 1718 1856 aliquae
1759 1782 1970 1855 partes
2011 1773 2364 1835 hostiarum

2478 787 2789 863 ni,juoeta
2812 800 3208 867 praeceptum
3238 791 3404 866 reyis
3431 792 3638 851 Josice.
3673 788 3786 851 Hic
3826 807 3965 849 nar-

2477 892 2671 961 ratur,
2706 885 2981 967 qualiter
3011 896 3298 949 cantores
3346 896 3411 949 et
3450 888 3754 968 janitores
3784 894 3965 949 erant

2476 985 2932 1050 convenienter
2961 995 3023 1048 et
3062 986 3352 1049 ordinate
3397 986 3689 1067 dispositi
3725 986 3789 1047 in
3832 986 3965 1047 suis

2478 1080 2745 1144 officiis.

2558 1184 2996 1261 Fet-eruntque
3026 1184 3161 1260 filii
3187 1186 3420 1253 Israel,
3452 1184 3568 1262 qui
3600 1184 3836 1260 reperti
3862 1183 3970 1258 fu-

2474 1290 2661 1339 erant
2694 1282 2809 1351 ibi,
2840 1284 3051 1342 Plzase
3087 1284 3160 1341 in
3195 1292 3469 1359 tempore
3502 1284 3639 1353 illo,
3670 1290 3731 1340 et
3769 1284 3970 1341 solen-

2475 1365 2745 1439 nitatein
2787 1382 3190 1456 Azymorum
3235 1390 3469 1457 septem
3515 1382 3757 1451 diebus,
3798 1378 3969 1440 infra

2474 1494 2636 1556 quos
2659 1476 3079 1539 vescebantur
3099 1478 3333 1559 azymis
3364 1478 3660 1560 panihuS,
3690 1495 3814 1538 non
3848 1476 3971 1539 fer-

2475 1574 2797 1636 mentatis.
2834 1578 2983 1639 Non
3021 1577 3160 1653 fuit
3188 1579 3401 1638 Pliase
3441 1578 3655 1635 simile
3697 1576 3851 1635 huic
3893 1578 3967 1635 in

2477 1674 2681 1732 Israel
2711 1695 2752 1733 a
2779 1676 3002 1734 diebus
3026 1677 3353 1735 Samuelis
3375 1678 3725 1752 propheta’.
3750 1674 3965 1756 Aliqui

2475 1779 2683 1833 textus
2714 1771 2973 1848 habent,
3008 1772 3059 1834 A
3080 1773 3305 1835 diebus
3338 1772 3715 1849 SalomoniS,
3752 1773 3967 1835 dicen-

876 1880 1204 1936 cesserunt
1251 1872 1317 1934 in
1367 1872 1785 1935 offerentium
1841 1892 2048 1934 usum.
2075 1872 2150 1933 Et
2188 1873 2367 1953 juxta
2400 1867 2443 1927 B
2479 1877 2593 1945 teS,
2634 1870 2791 1934 vitio
2842 1870 3223 1953 scriptorum
3276 1872 3609 1953 scriptum,
3655 1870 3963 1934 Samuelis

877 1971 996 2034 hoc
1055 1971 1409 2035 oblationes
1467 1972 1602 2034 istae
1659 1991 1785 2035 non
1846 1979 2026 2034 erant
2081 1970 2367 2053 plenarie·

878 2070 1265 2146 holocausta,
1318 2071 1622 2151 quoniam
1680 2070 2049 2133 holocausta
2111 2068 2365 2151 proprie

877 2168 1066 2246 dicta,
1101 2167 1378 2231 totaliter
1424 2169 1981 2247 comburebantur,
2020 2169 2130 2231 sed
2184 2174 2367 2231 erant

876 2267 1264 2343 holocausta,
1319 2275 1574 2330 extense
1624 2268 1930 2331 sumendo
1979 2286 2212 2329 nomen
2259 2266 2367 2328 ho·

879 2367 1141 2429 locausti
1193 2385 1308 2447 pro
1359 2365 1682 2428 sacrificio
1721 2366 1904 2447 cujus
1952 2365 2171 2447 aliqua
2220 2383 2365 2446 pars

877 2465 1355 2529 incendebatur.
1381 2469 1474 2527 De
1495 2468 1683 2526 bobus
1703 2485 1949 2545 quoque
1971 2467 2263 2543 fecerunt
2280 2466 2365 2523 si-

878 2564 1144 2623 militer.

961 2664 1044 2722 Et
1076 2669 1455 2721 assaverunt
1481 2662 1704 2737 phase,
1737 2658 1800 2720 id
1844 2666 1939 2721 est
1979 2677 2214 2738 agnum
2258 2678 2367 2741 pa-

881 2758 1183 2835 schalem,
1215 2778 1407 2834 super
1455 2760 1694 2834 iqnem,
1729 2760 1936 2835 juoeta
1982 2762 2152 2837 quod
2195 2778 2367 2835 prce-

881 2868 1133 2937 ceptum
1187 2868 1276 2918 est
1324 2859 1392 2916 in
1449 2860 1598 2933 leye.
1654 2855 1978 2938 Siquidem
2041 2855 2106 2917 in
2158 2857 2369 2919 Exodo

614 2971 853 3021 amdan.
885 2957 1155 3035 legitur:
1181 2955 1315 3017 Non
1348 2953 1690 3017 comedetis
1722 2975 1797 3016 ex
1819 2974 1893 3018 eo
1915 2956 2183 3017 crudum
2212 2955 2369 3037 quid

886 3076 1002 3119 nec
1033 3063 1283 3118 coctum
1315 3072 1498 3133 aqua,
1535 3054 1643 3115 sed
1675 3073 1888 3115 assum
1919 3062 2165 3116 tantum
2196 3053 2366 3134 igne.
2407 3056 2450 3120 C
2482 3056 2596 3113 bus
2626 3064 2685 3113 et
2713 3054 2959 3113 Levitis
2992 3062 3051 3112 et
3082 3054 3260 3113 omni
3287 3056 3502 3124 Judce,
3528 3064 3587 3113 et
3614 3056 3819 3115 Israel
3847 3058 3968 3132 qui

591 3039 632 3079 9.

885 3156 1205 3231 Pacificas
1235 3174 1381 3213 vero
1425 3156 1664 3213 hostias
1705 3164 2015 3213 cooeerunt
2055 3155 2129 3214 in
2162 3154 2372 3213 lebeti-

875 3256 1020 3323 ·bus,
1055 3252 1119 3313 id
1150 3260 1243 3327 est
1287 3251 1434 3315 ollis
1465 3251 1678 3327 aeneiS,
1711 3262 1771 3312 et
1807 3254 2056 3313 cacabis
2098 3262 2157 3312 et
2201 3253 2367 3323 ollis,

884 3351 1214 3413 bulliendo
1273 3369 1399 3426 eaS,
1451 3361 1510 3411 et
1548 3352 1854 3428 festinato
1892 3352 2371 3411 distribuerunt

875 3453 1205 3511 universae
1225 3452 1424 3527 plebi,
1459 3450 1523 3511 id
1563 3459 1658 3512 est
1696 3449 2045 3530 unicuique
2091 3447 2372 3511 offeren-

887 3549 1046 3610 tium
1106 3556 1346 3630 partem
1402 3547 1624 3609 talium
1675 3548 2024 3610 hostiarum
2077 3567 2191 3610 seu
2240 3567 2374 3610 car-

887 3647 1089 3723 nium,
1125 3665 1266 3728 quae
1323 3645 1416 3708 eis
1457 3647 1804 3707 secundum
1851 3644 2052 3725 legem
2101 3645 2375 3707 debeba-

890 3755 992 3807 tur
1025 3763 1040 3807 ε
1077 3745 1423 3821 secundum
1463 3763 1678 3826 quam,
1713 3742 1916 3825 major
1960 3763 2105 3826 pars
2152 3743 2371 3806 talium

605 3859 855 3911 Lev.vu,11
888 3845 1238 3915 hostiarum
1281 3843 1455 3909 venit
1493 3844 1557 3904 in
1604 3842 2020 3905 offerentium
2065 3860 2269 3918 esum,
2306 3852 2374 3905 ut

594 3926 638 3965 et
659 3934 752 3977 seq.

888 3944 955 4005 in
988 3943 1268 4007 Levitico
1299 3950 1492 4025 patet.
1526 3944 1672 4003 Sibi
1699 3952 1914 4002 aute-m
1943 3951 2002 4001 et
2042 3945 2378 4002 sacerdoti-

887 4047 1002 4104 bus
1021 4053 1238 4121 postea
1259 4052 1691 4119 paraverunt.
1731 4043 1904 4103 Nam
1945 4042 2016 4100 in
2058 4042 2374 4101 oblatione

884 4145 1396 4203 holocaustorum
1441 4151 1501 4201 et
1548 4142 1845 4217 adipum,
1897 4160 2091 4219 usque
2133 4144 2221 4201 act
2268 4160 2373 4201 no-

2481 1986 2593 2049 pro
2614 1968 2989 2031 Salomonis
3015 1969 3464 2033 Verumtamen
3484 1970 3791 2052 Iosephus
3814 1969 3964 2033 scri-

2477 2066 2625 2149 psit,
2654 2067 2702 2128 A
2730 2066 2955 2129 diebus
2988 2067 3333 2143 Samuelis3
3370 2076 3431 2130 et
3460 2078 3689 2150 quarto
3720 2070 3960 2150 Regum

2478 2164 2641 2228 libro
2671 2163 2926 2242 dicitur,
2961 2165 3011 2227 Α
3051 2166 3275 2229 diebus
3302 2166 3615 2229 Judicum.
3648 2168 3954 2249 Denique,
4043 2190 4099 2232 n·
4126 2192 4243 2245 ηερ,
4277 2222 4278 2225 ,

2479 2264 2620 2326 ideo
2648 2264 2846 2326 Phase
2876 2264 3046 2325 istud
3077 2264 3303 2327 ceteris
3332 2265 3423 2328 sic
3463 2264 3817 2348 praesertur‚
3856 2265 3955 2329 vel
3986 2267 4107 2302 ¹¹¹⁸·
4126 2258 4195 2295 ²²·

2476 2362 2631 2443 quia
2658 2382 2804 2425 cum
2848 2363 3169 2445 praecipua
3198 2364 3537 2427 devotione
3567 2374 3662 2427 est
3692 2363 3953 2441 factum,

2478 2462 2578 2526 vel
2636 2460 2790 2542 quia
2833 2460 3032 2523 Josias
3081 2461 3467 2543 praecipuam
3516 2461 3961 2525 liberalitatem

2478 2558 2853 2622 monstravit
2892 2558 2958 2620 in
3006 2558 3169 2621 festo
3208 2559 3352 2636 isto,
3389 2561 3597 2624 dando
3630 2569 3720 2623 tot
3762 2561 3967 2623 millia

2479 2676 2777 2739 pecorum
2823 2657 3082 2739 populO,
3118 2659 3466 2721 secundum
3509 2660 3765 2722 modum
3809 2679 3969 2741 prae-

2480 2757 2743 2819 dictum.
2777 2757 2920 2819 Ideo
2952 2756 3184 2819 dicitur
3214 2767 3676 2839 consequenter
3704 2758 3769 2820 in
3802 2758 3970 2821 litte-

2480 2874 2549 2917 ra
2586 2873 2599 2917 ζ
2636 2858 2764 2917 Sed
2792 2876 2907 2916 nec
2934 2857 3279 2935 quisquam
3311 2859 3390 2915 de
3428 2861 3675 2919 cunctis
3714 2860 3969 2935 reyibus

2481 2958 2688 3015 Israel
2728 2955 2883 3031 fecit
2914 2956 3126 3016 Please
3168 2956 3337 3014 sicut
3370 2957 3601 3025 lesia-3,
3630 2959 3969 3016 sacerdoti-

2480 3160 2768 3229 repertus
2804 3151 3051 3226 fuerat,
3093 3160 3152 3211 et
3196 3152 3635 3213 habitantibus
3680 3156 3751 3213 in
3778 3156 3967 3213 Jeru-

2477 3253 2677 3310 salem
2698 3271 2719 3309 .·
2740 3248 2893 3331 quia
2923 3249 3002 3311 de
3032 3249 3131 3310 his
3162 3269 3303 3331 quae
3334 3250 3777 3323 liberalissime
3808 3270 3969 3333 prae.-

2482 3346 2662 3425 stitit,
2696 3366 2917 3410 omnes
2969 3345 3447 3410 reficiebantur.
3489 3348 3764 3431 Apparet
3810 3368 3970 3431 quo-

2480 3466 2628 3527 que,
2662 3448 2836 3528 quod
2870 3446 3082 3528 plures
3124 3446 3350 3510 hostiae
3383 3448 3448 3510 in
3492 3448 3612 3512 hoc
3644 3448 3807 3511 festo
3837 3448 3971 3511 sint

2482 3544 2843 3623 immolatae,
2898 3545 2997 3607 vel
3048 3544 3359 3622 absolute,
3411 3546 3508 3609 vel
3560 3547 3909 3629 respective
3950 3566 3965 3609 :

2484 3651 2692 3705 tamen
2726 3643 2845 3705 sub
2875 3644 3070 3707 David
3110 3651 3173 3706 et
3204 3644 3560 3723 Salomone,
3595 3652 3743 3708 ante
3786 3646 3968 3726 regni

2482 3742 2884 3819 divisionem,
2923 3740 3047 3804 fuit
3085 3741 3176 3804 ibi
3208 3743 3412 3824 maj0r
3461 3742 3824 3825 frequentia
3861 3764 3971 3826 po-

2486 3840 2642 3920 puli.
2679 3844 3155 3903 octavodecimo
3196 3862 3372 3901 anno
3400 3844 3587 3919 requi
3612 3844 3823 3913 Josice,
3856 3846 3973 3903 hoc

2485 3942 2693 4000 Pliase
2721 3941 3111 4001 celebratum
3140 3950 3250 4001 est.

2561 4036 3035 4117 Consequenter
3071 4036 3476 4115 describitur,
3511 4037 3787 4119 qualiter
3824 4057 3971 4100 san-

2483 4145 2620 4199 ctus
2649 4134 2850 4196 Josias
2882 4133 3007 4195 fuit
3045 4134 3683 4215 occisus.Postquam
3718 4136 3969 4197 instau-

883 4249 1042 4299 ctem
1071 4241 1420 4298 sacerdotes
1449 4240 1723 4313 fuerunt
1752 4239 2046 4313 occupati
2067 4254 2090 4296 :
2114 4240 2285 4297 unde
2313 4247 2372 4297 et
2404 4240 2453 4301 D
2482 4242 2742 4296 raverat
2771 4235 2977 4293 Josias
3022 4238 3352 4312 templum,
3396 4234 3681 4295 ascendit
3713 4237 3967 4297 Nechao

884 4337 1125 4397 Levitae
1173 4336 1300 4394 sibi
1350 4344 1409 4394 et
1464 4336 1892 4395 sacerdotibus
1941 4336 2104 4411 filiis
2145 4337 2369 4395 Aaron

877 4442 1284 4511 paraverunt
1313 4432 1701 4493 novissimi&

963 4534 1170 4593 Porro
1217 4540 1504 4591 cantores
1541 4531 1675 4607 ficii
1704 4532 1951 4606 Asaplc,
1998 4533 2255 4591 stabant
2299 4533 2370 4591 in

883 4632 1112 4691 ordine
1162 4650 1302 4699 suc,
1343 4630 1554 4706 juxta
1600 4638 1996 4705 praeceptum
2046 4631 2265 4690 David
2312 4640 2371 4690 et

885 4732 1104 4806 Asaplz
1131 4738 1192 4788 et
1222 4731 1472 4789 Heman
1504 4737 1562 4787 et
1593 4728 1870 4787 Iditkun
1900 4730 2368 4806 prophetarum

884 4829 1052 4905 reqis
1081 4828 1318 4889 David.
1341 4829 1664 4887 Janitores
1693 4846 1837 4885 vero
1861 4845 1979 4902 per
2001 4837 2223 4903 portas
2243 4830 2373 4887 sin-

876 4930 1068 5003 yulas
1095 4926 1529 4995 observabant,
1573 4926 1667 4985 ita
1701 4933 1776 4984 ut
1811 4944 1924 4983 nec
1947 4934 2188 5001 puncto
2228 4927 2372 5003 qui-

882 5028 1028 5085 dem
1056 5026 1450 5084 discederent
1472 5044 1512 5083 a
1535 5024 1895 5083 ministerio
1917 5025 2370 5101 :quamobrem

882 5133 942 5184 et
987 5114 1227 5200 fratres
1276 5142 1496 5182 eorum
1545 5122 1786 5181 Levitoe
1825 5130 2233 5197 paraverunt
2282 5123 2373 5180 eis

884 5225 1072 5282 cibos‚
1111 5222 1334 5282 Omnis
1371 5221 1580 5297 iyitur
1617 5223 1878 5279 cultura
1910 5221 2200 5291 Domini,
2249 5222 2373 5280 rite

885 5322 1192 5396 completa
1208 5328 1298 5379 est
1329 5320 1403 5378 in
1421 5319 1530 5377 die
1549 5318 1699 5386 illa,
1721 5326 1793 5377 ut
1823 5317 2109 5393 facerent
2130 5320 2372 5389 Phase,

2482 4354 2599 4394 rece
2610 4334 2889 4409 AEyypti
2908 4334 2996 4392 ad
3010 4335 3445 4409 puynandum
3478 4334 3549 4393 in
3576 4336 3967 4404 Chare-amia

2485 4431 2547 4493 id
2580 4439 2675 4494 est
2714 4431 2891 4512 juxta
2935 4430 3153 4492 urbem
3200 4430 3291 4493 sic
3334 4431 3740 4513 appellatam,
3758 4432 3967 4509 juxta

2482 4533 2862 4609 Euphraten
2895 4528 3165 4592 fluvium
3196 4554 3210 4605 ;
3243 4538 3301 4588 et
3326 4532 3626 4606 processit
3656 4532 3729 4590 in
3749 4550 3966 4590 occur-

2479 4650 2624 4689 sum
2661 4630 2801 4705 ejus
2826 4629 3061 4697 Josias,
3101 4627 3256 4707 quia
3305 4627 3513 4690 noluit
3554 4628 3686 4709 regi
3716 4628 3965 4710 AEgypti

2483 4727 2831 4788 concedere
2877 4726 2996 4789 iter
3040 4746 3151 4808 per
3198 4734 3427 4789 terram
3460 4748 3661 4790 suam.
3698 4732 3781 4789 At
3824 4731 3964 4799 ille,

2482 4826 2693 4885 missis
2720 4829 2809 4886 ad
2835 4846 2982 4886 eum
3019 4827 3301 4896 nuntiiS,
3330 4828 3427 4887 ait
3460 4848 3481 4886 .·
3505 4830 3677 4895 Quid
3714 4829 3878 4887 mila·
3902 4837 3963 4885 et

2484 4926 2602 4983 tibi
2629 4934 2739 4997 est,
2762 4946 2879 4985 γεω
2895 4928 3112 4987 Juda?
3142 4925 3207 4987 id
3236 4934 3351 5001 est,
3378 4925 3457 4987 lis
3489 4934 3597 4988 aut
3626 4926 3967 4989 inimicitia

2484 5042 2611 5085 non
2651 5032 2748 5085 est
2793 5023 2959 5086 inter
3000 5044 3136 5100 nOS,
3172 5044 3285 5087 cur
3322 5027 3593 5108 opponis
3636 5035 3698 5089 te
3741 5026 3901 5089 mihi
3942 5030 3965 5087 ‘t

2486 5124 2633 5184 Non
2674 5124 3018 5183 adversum
3050 5132 3106 5182 te
3135 5125 3325 5184 hodie
3354 5128 3559 5196 venio,
3591 5128 3700 5185 sed
3744 5136 3967 5186 contra

2483 5221 2687 5280 aliam
2714 5240 2931 5297 puqno
2962 5224 3247 5283 domum.
3282 5221 3459 5299 Nam,
3486 5231 3555 5285 ut
3582 5222 3869 5304 Magister
3896 5224 3967 5285 in

4054 5254 4176 5298 nias.
4198 5258 4279 5301 lib,

2482 5317 2767 5381 historiis
2798 5318 3042 5396 scribit,
3078 5319 3326 5383 Nechao
3358 5340 3467 5384 rex
3496 5322 3782 5385 ascendit
3812 5342 3970 5386 con-
3994 5316 4279 5375 ΝΒΨΞ-ἳῖ
