4309 6259
896 478 1013 542 154
1346 497 1693 544 manuario
1734 499 1797 544 m
1838 499 1976 544 car.
2022 499 2103 544 xv
2144 499 2306 544 uam
2343 498 2516 544 ram
2553 499 3086 546 rmammon.
3125 519 3210 530 -
3245 500 3388 546 m.
3432 500 3517 547 xv

890 669 1163 728 citharis
1176 688 1299 746 pro
1315 679 1539 730 octava
1556 672 1868 730 canebant
1884 670 2244 748 synickion.
2257 668 2379 731 Ali·
2402 668 2456 731 A
2483 672 2654 731 Erat
2689 673 2934 750 quippe
2967 674 3158 732 valde
3191 672 3474 748 sapiens,
3500 670 3566 733 id
3603 679 3702 732 est
3739 677 3965 752 potens

889 765 1001 845 qui
1036 765 1183 828 libri
1216 767 1454 830 habent
1471 769 1827 846 epinicion,
1844 768 1953 830 alii
1975 770 2375 847 epinichion,
2481 775 2675 849 atque
2705 767 3072 849 intelligens
3093 769 3162 830 in
3183 768 3550 850 ScripturiS,
3573 778 3636 832 et
3653 769 3964 832 discretus

888 871 950 926 et
970 864 1125 926 satis
1146 866 1309 928 redit
1329 866 1395 928 in
1418 867 1609 929 idem.
1636 867 1789 928 Nam
1812 866 2252 948 interpretatio
2275 885 2378 930 no·
2484 867 2552 928 in
2583 867 2960 931 ordinando.
2998 873 3082 930 Et
3109 871 3474 930 Bai-achias
3499 879 3558 929 et
3589 871 3836 930 Ele-ana
3849 869 3966 946 ja-

883 962 1131 1026 minum
1162 964 1389 1028 horum
1429 974 1547 1042 est,
1582 967 1709 1028 Deo
1748 966 1975 1029 victori
2014 966 2376 1048 triumphus
2483 969 2722 1027 nitores
2740 988 2908 1029 arcoe
2929 966 3214 1043 fuerunt,
3235 967 3300 1030 id
3319 974 3416 1030 est
3435 967 3728 1030 custodes
3757 975 3968 1050 porta-

884 1081 997 1124 seu
1028 1063 1257 1144 palma,
1292 1065 1393 1127 vel
1427 1065 1790 1148 triumphus
1822 1064 1929 1128 Dei
1960 1065 2244 1128 victoriS.
2279 1065 2378 1126 Di·
2483 1084 2625 1125 rum
2653 1064 2904 1142 domuS,
2931 1065 2997 1126 in
3026 1085 3158 1147 qua
3187 1063 3310 1127 fuit
3337 1085 3504 1140 arca,
3531 1083 3656 1128 non
3685 1065 3968 1128 sinentes

882 1169 1169 1241 euntque
1206 1160 1434 1242 aliqui,
1468 1163 1640 1243 quod
1672 1162 1843 1224 istud
1886 1161 2011 1224 fuit
2042 1162 2374 1224 exordium
2481 1161 2764 1244 aliquem
2806 1162 3226 1225 irreverenter
3261 1171 3372 1225 aut
3413 1163 3820 1226 immoderate
3856 1181 3968 1244 ap-

884 1259 1118 1322 cantici
1162 1261 1335 1342 quod
1386 1262 1467 1322 ad
1512 1262 1621 1324 Dei
1665 1261 1970 1324 honorem
2016 1262 2370 1334 canebant3
2483 1261 2919 1343 propinquare
2943 1262 3023 1324 ad
3055 1281 3288 1338 aream,
3331 1280 3538 1342 neque
3567 1262 3720 1323 dum
3758 1270 3968 1342 porta-

886 1359 1059 1438 quod
1092 1359 1241 1420 item
1281 1360 1612 1423 exordium
1645 1359 1713 1421 in
1745 1359 2195 1442 prosecutione
2233 1379 2378 1422 ean·
2483 1360 2694 1436 batur,
2711 1362 3090 1442 nequedum
3111 1361 3178 1423 in
3198 1361 3607 1425 tabernaculo
3627 1359 3964 1442 requievit.

888 1465 989 1518 tus
1030 1456 1378 1538 aliquando
1412 1458 1841 1534 resumebant,
1874 1467 1946 1520 ut
1976 1459 2043 1520 in
2072 1459 2374 1521 carmini-
2482 1443 2689 1521 Porro
2715 1461 3042 1531 sebenias,
3064 1461 3476 1536 etJosaplzat,
3491 1469 3552 1520 et
3575 1461 3964 1530 Natkanael,

889 1554 1010 1617 bus
1063 1554 1210 1618 fieri
1268 1556 1430 1619 solet
1478 1575 1587 1619 seu
1640 1557 2001 1620 cantilenis,
2054 1557 2182 1620 Hoe
2228 1575 2378 1637 ergo
2482 1569 2542 1617 et
2588 1559 2882 1629 Amasai,
2927 1568 2988 1618 el
3037 1561 3416 1629 Zacharias,
3456 1568 3518 1618 et
3555 1559 3868 1629 BanaiaS,
3909 1567 3968 1618 ei

892 1653 1234 1716 cantabant
1274 1673 1391 1737 pro
1428 1664 1672 1732 octava,
1708 1655 1773 1718 id
1810 1662 1906 1719 est
1945 1673 2059 1737 pro
2089 1655 2382 1735 designa·
2488 1658 2744 1718 Eliezer
2761 1659 3132 1728 sacerdotes,
3165 1659 3541 1734 clangebant
3571 1658 3736 1717 cubis
3754 1676 3968 1717 coram

894 1751 1067 1815 tione
1114 1762 1307 1834 atque
1362 1754 1665 1835 mysterio
1716 1752 2054 1817 dominicae
2105 1774 2380 1818 resurre-
2487 1774 2642 1814 arca
2685 1756 2828 1815 Dei.
2878 1757 2964 1816 Et
3009 1757 3384 1826 obededom,
3422 1765 3482 1814 et
3519 1755 3748 1815 Jalzias
3783 1765 3970 1815 erant

634 1863 863 1938 icona.
892 1850 1147 1929 ctioniS,
1181 1871 1308 1934 qua
1336 1851 1621 1916 Christus
1654 1870 2012 1933 resurgenS‚
2043 1852 2376 1916 victoriam
2407 1850 2462 1912 'B
2471 1854 2800 1929 janitores
2828 1853 3167 1915 arcoe.Jam
3199 1852 3509 1915 nominati
3538 1859 3690 1914 sunt
3715 1851 3824 1914 alii
3844 1853 3971 1915 duo

596 1939 774 1981 ‘'mm''
894 1959 991 2012 est
1020 1951 1305 2028 sortitum,
1328 1961 1589 2034 propter
1623 1952 1791 2034 quod
1824 1951 1983 2014 dixit
2012 1953 2332 2035 Apostolis
2359 1971 2373 2014 :
2485 1969 2649 2013 arcae
2675 1950 3019 2032 janitores:
3053 1971 3170 2014 cur
3199 1969 3348 2030 ergo
3377 1970 3547 2015 nunc
3577 1951 3972 2032 interpositis

652 2071 819 2116 naun.
890 2050 1045 2112 Data
1066 2058 1163 2112 est
1189 2050 1349 2114 mihi
1380 2051 1589 2114 omnis
1619 2059 1897 2133 potestas
1926 2050 1995 2112 in
2025 2051 2189 2115 coelo
2217 2052 2378 2114 etin
2486 2048 2896 2129 quibusdam,
2945 2057 3272 2131 ponuntur
3309 2057 3374 2111 et
3411 2048 3480 2111 hi
3517 2049 3643 2112 duo
3683 2049 3972 2130 ejusdem

598 2139 822 2186 ¹¹'¹''·¹⁸·
892 2157 1081 2211 terra.
1117 2147 1289 2212 Solet
1327 2149 1519 2212 etiam
1555 2170 1671 2232 per
1706 2157 2017 2227 octavam,
2052 2149 2378 2214 beatitudo
2485 2167 2628 2211 esse
2675 2147 2930 2211 officii?
2967 2148 3258 2212 Forsitan
3299 2148 3512 2230 plures
3555 2156 3737 2211 erant
3777 2147 3972 2229 hujus

890 2255 953 2308 et
996 2247 1179 2328 quies
1226 2248 1538 2324 ultimata,
1580 2267 1725 2330 quae
1764 2248 1829 2310 in
1870 2249 2153 2328 generali
2194 2269 2268 2312 ac
2305 2248 2381 2310 fi·
2485 2245 2718 2323 officii,
2763 2247 2888 2309 sibi
2933 2247 3208 2310 invicem
3253 2247 3686 2310 succedentes,
3723 2245 3860 2324 Vel,
3903 2247 3972 2308 in

886 2345 1019 2408 nali
1082 2346 1547 2410 resurreetione
1608 2345 2035 2428 praestabitur‚
2090 2347 2382 2427 designa·
2487 2364 2650 2408 arcae
2679 2345 3119 2427 deportatione
3153 2345 3283 2408 dati
3317 2353 3468 2408 sunt
3495 2345 3601 2407 isti
3635 2344 3702 2406 in
3731 2346 3808 2408 ad
3809 2345 3976 2426 juto-

888 2445 967 2521 ri,
1000 2464 1144 2527 quae
1182 2453 1247 2508 et
1286 2464 1401 2528 per
1438 2444 1670 2509 cantici
1711 2444 1885 2507 illius
1911 2445 2380 2526 jucunditatem
2489 2443 2656 2506 rium
2685 2445 2765 2507 ad
2793 2463 3119 2508 accessum
3147 2443 3370 2527 populi
3399 2443 3888 2526 reprimendum.

892 2551 1141 2626 poterat
1187 2543 1481 2625 figurari.
1533 2543 1989 2627 Superfieiales
2046 2553 2258 2608 autem
2317 2555 2382 2610 et.
2569 2545 2788 2621 Iyitur
2810 2545 3028 2604 David
3058 2553 3118 2604 et
3145 2563 3360 2604 omnes
3388 2543 3663 2620 majores
3689 2553 3856 2604 natu
3881 2547 3977 2605 Is-

893 2641 1201 2705 litterales
1236 2642 1435 2705 Judaei
1474 2651 1803 2725 exponunt
1840 2642 1934 2704 sic
1966 2660 1981 2704 :
2014 2643 2273 2726 Nempe,
2309 2653 2383 2706 ut
2491 2646 2631 2704 rael
2659 2653 2720 2704 et
2751 2643 3024 2714 tribuni,
3058 2643 3277 2702 ierunt
3314 2645 3404 2703 ad
3435 2645 3838 2719 portandum
3867 2664 3978 2704 ar-

894 2741 1143 2817 dicunt,
1196 2740 1265 2802 in
1310 2741 1573 2804 Hebraeo
1621 2740 1911 2818 habetur,
1964 2740 2167 2824 Super
2213 2749 2383 2806 oeta·
2488 2764 2632 2803 cam
2673 2743 2938 2821 foederis
2975 2743 3245 2804 Domini
3280 2745 3360 2802 de
3399 2745 3584 2803 domo
3625 2744 3978 2806 obededom

892 2860 1039 2904 vam
1077 2840 1158 2903 ad
1194 2839 1581 2904 vincendum
1621 2838 1721 2904 vel
1766 2838 2271 2918 fortificandum‚
2315 2841 2379 2904 id
2489 2862 2639 2902 cum
2669 2843 2902 2904 loetitia
2943 2861 3207 2919 mayna.
3247 2843 3586 2920 Quumque
3619 2842 3978 2917 adjuvisset

892 2948 1011 3016 est,
1053 2957 1243 3021 super
1283 2939 1777 3002 instrumentum
1818 2947 1962 3003 octo
1998 2940 2378 3004 chordarum
2491 2943 2662 3001 Deus
2689 2942 2949 3001 Levitas
2977 2941 3094 3020 qui
3115 2941 3463 3017 portabant
3491 2942 3979 3010 aream,immo-

890 3037 1205 3102 canebant
1260 3056 1405 3100 eum
1462 3039 1736 3120 quodam
1792 3046 2022 3102 conatu
2068 3038 2146 3101 ad
2199 3057 2382 3121 supe-
2417 3040 2460 3104 C
2493 3040 2802 3098 labantur
2841 3049 3076 3116 septem
3123 3041 3304 3098 tauri
3342 3048 3402 3099 et
3439 3048 3676 3118 septem
3717 3040 3972 3101 arietes.

892 3138 1160 3200 randum
1196 3155 1267 3200 se
1306 3137 1603 3215 invicem,
1649 3137 1815 3202 sicut
1853 3138 2176 3202 interdum
2215 3159 2380 3200 unus
2490 3137 2704 3200 Primo
2736 3136 2903 3199 libro
2932 3138 3170 3216 Regum
3203 3136 3294 3200 sic
3324 3137 3562 3218 legitur
3592 3155 3609 3199 ε
3641 3136 3978 3220 Quumque
4043 3158 4238 3212 inem.

892 3235 1123 3300 chorus
1143 3236 1369 3298 nititur
1400 3236 1596 3299 alium
1620 3237 1876 3301 vincere
1895 3237 2145 3301 fortiter
2176 3237 2384 3301 solen-
2494 3236 3036 3300 transcendissent
3079 3236 3192 3318 qui
3235 3237 3572 3319 portabant
3612 3256 3820 3300 arcam
3861 3239 3980 3302 Do-
4010 3225 4076 3265 ¹³·

892 3335 1188 3416 nitorque
1216 3336 1552 3399 cantando.
1582 3335 1803 3399 Glossa
1835 3355 1948 3418 per
1976 3345 2260 3400 octavam
2293 3337 2385 3398 in·
2493 3335 2674 3413 mini,
2723 3353 2833 3398 sex
2878 3354 3125 3417 passuS,
3177 3334 3594 3398 immolabant
3638 3335 3866 3400 bovem
3915 3347 3982 3400 et

894 3432 1127 3513 telligit
1166 3433 1336 3497 diem
1377 3435 1640 3496 extremi
1682 3434 1932 3515 judicii,
1964 3435 2233 3498 dicens:
2267 3436 2384 3498 Ad·
2492 3433 2780 3495 arietem.
2841 3432 3080 3514 Itaque,
3135 3432 3527 3514 adjutorium
3583 3435 3756 3515 quod
3813 3435 3980 3498 Deus

895 3541 1157 3595 ventum
1188 3532 1439 3596 Domini
1469 3533 1537 3595 in
1568 3533 1673 3596 die
1700 3535 1927 3616 judieii
1961 3543 2254 3598 cantores
2287 3534 2382 3596 illi
2494 3532 2901 3614 impendebat
2945 3531 3374 3614 portatoribus
3414 3551 3594 3610 arcae,
3629 3531 3754 3595 fuit
3780 3533 3984 3597 virtu-

896 3630 1373 3709 signiiicabant,
1417 3631 1482 3693 in
1530 3649 1659 3713 quo
1707 3631 1895 3694 finita
1942 3633 2118 3696 omni
2168 3632 2382 3696 saeculi
2492 3649 2606 3694 osa
2643 3639 2706 3692 et
2747 3630 3071 3694 indefessa
3111 3630 3426 3707 alacritaS,
3455 3651 3586 3713 qua
3611 3651 3818 3694 arcam
3849 3642 3980 3695 tam

900 3728 1281 3811 septimana,
1316 3730 1531 3793 veniet
1566 3729 1893 3792 Dominus
1928 3731 2240 3794 Numerus
2277 3750 2386 3792 au-
2495 3728 2788 3810 expedite
2817 3737 3009 3810 atque
3038 3729 3329 3792 celeriter
3347 3729 3528 3810 quasi
3553 3729 3984 3794 transilientes

902 3836 1026 3891 tem
1073 3836 1335 3893 octavus
1380 3847 1608 3911 magna
1644 3829 1929 3892 continet
1966 3837 2381 3892 sacramenta.
2496 3826 2892 3904 deserebant,
2929 3827 3150 3908 sicque
3178 3826 3758 3891 confortabantura
3780 3830 3986 3894 Domi-

634 3945 867 3996 Gen.vn.7;
900 3927 1053 3988 Nam
1084 3935 1148 3990 et
1177 3935 1319 3990 octo
1350 3926 1576 3991 animae
1608 3927 1673 3990 in
1704 3947 1915 3991 arcam
1936 3927 2064 3990 Noe
2086 3927 2388 4008 ingressae
2497 3945 2581 3989 no
2623 3926 2812 3988 corde
2851 3935 2913 3989 et
2952 3944 3240 4008 corpore.
3274 3925 3451 3990 Unde
3490 3945 3604 4008 pro
3635 3927 3982 4006 gratiarum

608 4007 776 4114 ἔξω
812 4022 869 4058 ¹¹¹·
902 4035 1051 4088 sunt
1100 4034 1163 4088 et
1211 4026 1488 4101 salvatia,
1532 4027 1765 4090 saeculo
1813 4036 2141 4109 pereunte.
2189 4027 2386 4088 David
2498 4026 2749 4088 actione
2778 4033 2838 4088 et
2868 4025 3228 4102 devotione,
3267 4027 3653 4090 transcensis
3697 4046 3805 4089 sex
3843 4047 3986 4110 pas—

644 4143 870 4200 ineam-1,
902 4143 1163 4206 quoque
1191 4133 1453 4187 octavus
1485 4123 1601 4186 lsai
1636 4124 1663 4185 f
1667 4124 1834 4201 ilius,
1871 4125 1937 4187 in
1970 4143 2182 4205 regem
2212 4125 2391 4204 eligi-
2500 4123 2700 4200 sibuS,
2737 4123 3103 4187 offerebant
3136 4124 3404 4187 Domino
3441 4134 3690 4188 taurum
3721 4145 3832 4189 seu
3873 4127 3986 4190 bo-

612 4209 755 4312 ὀἁζῗιζ
775 4283 871 4320 ω..
902 4232 1026 4284 tur.
1061 4221 1292 4285 Octava
1320 4221 1426 4283 die
1454 4222 1856 4284 circumcisio
1887 4222 2293 4303 purificavit3
2328 4233 2391 4287 et
2422 4225 2470 4286 D
2499 4242 2644 4285 vem
2675 4231 2866 4304 atque
2897 4222 3180 4299 arietem,
3217 4223 3304 4285 ita
3332 4225 3506 4305 quod
3536 4224 3652 4287 bos
3686 4225 3842 4288 dicit
3878 4226 3986 4290 hic

614 4334 678 4374 η.
904 4321 1009 4383 die
1041 4327 1265 4383 octavo
1292 4318 1580 4382 Christus
1610 4319 1904 4380 surrexit.
2501 4330 2791 4384 naturam
2821 4341 2934 4384 seu
2968 4321 3246 4402 speeiem
3280 4322 3482 4402 magis
3512 4342 3703 4404 quam
3737 4342 3982 4386 sexum.

612 4457 653 4499 ι,
754 4407 873 4444 ”““’
993 4421 1348 4480 Chonenias
1392 4429 1609 4478 autem
1643 4421 1944 4496 princeps
1988 4423 2392 4491 Levicarum,
2498 4420 2762 4483 Videtur
2788 4438 3066 4502 quoque,
3103 4419 3274 4500 quod
3305 4439 3554 4482 summa
3589 4420 3986 4485 oblationum

909 4537 1038 4581 non
1069 4516 1378 4592 omnium,
1404 4516 1515 4579 sed
1544 4517 1985 4598 quorumdam,
2010 4519 2162 4599 quia
2190 4519 2394 4582 diver·
2502 4518 2756 4580 illarum
2789 4517 2912 4580 fuit
2941 4525 3184 4599 septem
3214 4517 3402 4592 tauri,
3425 4518 3814 4600 totidemque
3833 4520 3990 4583 arie-

908 4617 997 4680 sis
1048 4614 1285 4678 Levitis
1342 4615 1579 4679 diversi
1640 4624 1951 4696 praeerant
2008 4617 2389 4693 sacerdoteS,
2501 4626 2618 4680 tes,
2657 4615 2963 4698 Denique,
2999 4624 3070 4677 ut
3113 4613 3336 4691 fertur,
3377 4614 3618 4678 Hebraei
3655 4615 3990 4682 affirmant

900 4717 1255 4794 prophetice
1271 4724 1563 4791 praeerat,
1577 4724 1637 4774 ec
1659 4717 1746 4775 ad
1766 4718 2254 4794 praecinendam
2273 4737 2394 4776 me·
2501 4714 2662 4797 prael'
2664 4723 2836 4777 atum
2867 4711 3252 4795 adjutorium
3276 4712 3511 4776 Levitis
3532 4733 3569 4776 a
3588 4714 3714 4778 Deo
3743 4714 3990 4798 impen-

912 4816 1176 4874 lodiam.
1210 4813 1387 4876 Circa
1427 4813 1599 4894 quod
1641 4813 1923 4894 loquitur
1952 4813 2191 4891 Glossa‚
2223 4814 2394 4895 quod
2501 4832 2640 4876 sum
2675 4811 2896 4888 fuisse,
2928 4811 3101 4893 quod
3132 4812 3380 4893 pondus
3411 4831 3572 4874 arcae
3599 4830 3728 4876 non
3759 4816 3992 4879 sentie-

892 4911 1265 4993 -prophetiae
1307 4911 1535 4993 spiritu
1568 4911 1816 4993 plenuS‚
1852 4911 2160 4975 melodias
2203 4921 2268 4974 et
2301 4931 2397 4973 sa·
2504 4914 2658 4975 bant
2687 4930 2826 4974 eam
2860 4910 3192 4993 portando,
3234 4909 3401 4973 sicut
3429 4909 3627 4974 refert
3653 4911 3992 4994 Gregorius

917 5029 1023 5072 cra
1071 5009 1263 5072 verba
1302 5009 1670 5072 cantoribus
1702 5011 1779 5072 ad
1816 5010 2190 5073 memoriam
2219 5027 2398 5072 revo-
2503 5010 2582 5072 de
2615 5007 2810 5072 fratre
2839 5006 3152 5090 Martyrio,
3187 5007 3300 5088 qui
3327 5006 3652 5071 Christum
3683 5010 3749 5072 in
3780 5012 3996 5093 specie

912 5108 1117 5170 cahat.
1159 5107 1273 5170 Vel
1324 5108 1465 5171 ideo
1506 5107 1741 5170 dicitur
1779 5107 2129 5190 prophetiae
2169 5106 2401 5190 praefu-
2507 5106 2740 5190 leprosi
2773 5108 3139 5188 deportans,
3175 5106 3427 5188 pondus
3463 5125 3591 5170 non
3623 5109 3842 5172 sensit.

886 5207 1055 5283 isse,
1091 5207 1246 5288 quia
1288 5207 1606 5289 disposuit
1643 5225 1784 5288 quae
1821 5207 2017 5270 verba
2052 5214 2117 5269 et
2152 5205 2403 5269 cantica
2586 5211 2794 5269 Porro
2812 5207 3034 5267 David
3057 5207 3330 5266 indutus
3347 5215 3488 5266 erat
3513 5211 3678 5268 stola
3707 5211 3993 5286 byssina,

920 5306 1377 5389 Prophetarum
1408 5314 1621 5370 essent
1646 5306 1981 5383 cantanda,
2006 5314 2070 5369 et
2098 5305 2396 5386 qualiter.
2509 5304 2574 5367 id
2605 5313 2700 5367 est
2730 5311 2906 5367 veste
2935 5301 3266 5364 albissima
3293 5301 3462 5366 facta
3489 5303 3570 5366 de
3607 5304 3817 5387 bysso,
3851 5325 3998 5388 quae
