4309 6259
584 4910 616 5018 ἐ
625 4912 851 4967 Remum,

899 475 1017 538 148
1346 491 1694 537 ENARRA'rlo
1738 491 1801 536 m
1842 491 1979 536 CAP.
2026 491 2113 537 111
2154 490 2314 534 unm
2355 489 2525 534 Pmlss
2567 489 3099 536 PARALwonssNON.
3141 509 3225 520 —·
3261 490 3405 536 ΛΒΤ.
3448 489 3538 536 xu

898 662 987 723 les
1016 669 1079 723 et
1108 660 1407 722 Israelitis
1436 660 1709 737 molesti,
1744 669 1807 722 et
1834 659 2117 741 aliquam
2140 667 2384 742 partem
2414 656 2468 719 A
2495 659 2785 741 satrapis,
2813 662 3306 739 transfuyerunt
3333 663 3421 720 ad
3447 680 3594 720 eum
3623 663 3982 721 deManas-

896 769 1078 822 tcrrae
1106 777 1327 822 eorum
1360 759 1745 822 invaserant.

992 861 1310 917 Venerunt
1338 867 1557 916 autem
1587 855 1789 938 aliqui
1818 866 1879 916 et
1908 859 1986 916 de
2004 857 2386 933 Benjamin,

894 966 953 1016 et
980 959 1059 1016 de
1086 958 1287 1026 Juda,
1316 959 1403 1016 ad
1426 957 1815 1038 praesidium
1840 957 1911 1015 in
1942 975 2067 1035 quo
2098 956 2389 1014 moraba-

897 1064 1005 1115 tur
1034 1057 1277 1124 David,
1308 1054 1515 1117 adhuc
1556 1073 1623 1116 se
1660 1053 2061 1117 abscondens
2104 1072 2179 1116 ac
2227 1071 2386 1134 prae-

892 1172 1154 1217 servans
1184 1172 1220 1214 a
1249 1152 1418 1215 Saul.
1444 1153 1547 1215 Isti
1571 1154 1650 1215 de
1679 1151 2011 1234 Benjamin
2046 1153 2386 1232 conjunxe-

892 1259 1044 1313 runt
1073 1271 1141 1314 se
1170 1250 1197 1311 f
1200 1251 1330 1313 iliis
1346 1252 1525 1329 Juda,
1551 1251 1868 1314 veniendo
1898 1251 1963 1312 in
1994 1249 2382 1333 adjutorium

890 1349 1112 1426 David,
1143 1349 1243 1412 vel
1275 1349 1427 1431 quia
1456 1350 1692 1432 pariter
1738 1348 2134 1424 habitabant,
2169 1347 2270 1412 vel
2303 1367 2383 1410 ne

890 1446 1089 1512 David
1120 1456 1305 1510 natus
1336 1448 1415 1511 de
1442 1448 1621 1524 Juda,
1648 1447 1890 1529 aliquid
1923 1446 2077 1509 mali
2107 1447 2384 1528 suspica-

892 1554 1065 1608 retur
1092 1547 1171 1608 de
1190 1546 1561 1628 Benjamitis
1592 1547 1877 1626 cognatis
1900 1545 2128 1608 Saulis,
2144 1546 2382 1627 Nempe

888 1644 1060 1726 quod
1099 1645 1295 1708 David
1338 1645 1644 1721 timuerit,
1680 1664 1761 1708 ne
1801 1645 1964 1708 forte
2008 1643 2133 1707 filii
2166 1644 2382 1724 Benja-

890 1743 1027 1805 min
1056 1743 1275 1806 dolose
1309 1745 1601 1807 venerint
1640 1744 1719 1806 ad
1760 1764 1849 1821 se,
1885 1752 2148 1826 apparet
2189 1762 2266 1806 ex
2304 1762 2380 1806 eo

2491 778 2577 828 se,
2607 760 2856 830 EdnaS,
2888 769 2948 818 et
2982 760 3291 829 Jozabad,
3325 769 3384 817 et
3426 760 3698 830 Jedihel,
3739 767 3800 817 et
3849 758 3982 818 Mi-

2492 859 2695 929 chael,
2731 856 2814 939 [et
2858 857 3136 940 Ednas‚]
3164 868 3224 918 et
3263 859 3575 927 Iozabad,
3604 868 3663 918 et
3705 858 3892 926 Elin,
3923 866 3983 916 et

2493 958 2782 1026 Salaeni,
2822 958 3155 1034 principes
3197 958 3486 1016 militum
3535 958 3610 1016 in
3657 959 3978 1017 Manasse.

2495 1056 2590 1115 Hi
2609 1057 3029 1132 praebuerunt
3050 1056 3387 1116 auxilium
3404 1057 3702 1115 adversus
3732 1058 3984 1115 latrun-

2491 1156 2664 1212 culos
2691 1152 3090 1229 AmalecitaS,
3116 1153 3229 1234 qui
3261 1152 3504 1232 Siceleg
3534 1151 3976 1228 incenderunt,

2493 1259 2556 1312 et
2587 1251 2675 1313 ita
2703 1260 2882 1313 erant
2912 1271 3058 1314 cum
3089 1251 3286 1315 David
3319 1251 3384 1313 in
3416 1251 3637 1333 praelio
3665 1259 3885 1314 contra
3907 1251 3982 1312 il-

2492 1348 2588 1412 los
2617 1349 2832 1431 plures
2851 1368 3043 1431 quam
3064 1349 3536 1431 quadringenti.
3557 1352 3785 1410 Omnes
3803 1353 3980 1412 enim

2488 1459 2674 1510 erant
2705 1450 2840 1509 viri
2865 1450 3234 1527 fortissimi,
3267 1459 3326 1509 et
3353 1450 3520 1527 facti
3550 1459 3704 1510 sunt
3731 1451 3981 1529 princi-

2483 1567 2598 1623 pes
2627 1549 2700 1607 in
2729 1549 3040 1608 exercitu.

2573 1648 2703 1706 Sed
2740 1656 2800 1707 et
2833 1666 2956 1723 per
2995 1649 3284 1724 singulos
3330 1647 3466 1707 dies
3511 1647 3851 1708 veniebant
3891 1649 3981 1707 ad

2490 1747 2710 1805 David
2739 1763 2816 1806 ex
2853 1744 3127 1806 diversis
3161 1742 3480 1820 tribubuS,
3513 1748 3602 1806 ad
3641 1747 3980 1806 auxitian-

887 1843 1061 1923 quod
1090 1842 1403 1905 subditur.
1436 1846 1869 1924 Eyressusque
1910 1853 1999 1904 est
2033 1844 2252 1904 David
2279 1845 2381 1902 ob-
2415 1842 2462 1904 B
2489 1845 2648 1903 dum
2677 1844 2740 1901 ei
2767 1864 2966 1923 usque
2983 1847 3142 1903 dum
3161 1848 3340 1920 fieret
3364 1845 3642 1920 grandis
3670 1863 3978 1904 numerus

888 1943 1067 2002 viam
1110 1943 1222 2015 εἰς,
1254 1952 1315 2003 et
1360 1945 1459 2003 ait
1488 1963 1511 2002 .·
1540 1945 1622 2004 Si
1658 1945 1929 2020 pacifice
1976 1944 2242 2002 venistis
2290 1945 2378 2002 ad

888 2059 1009 2111 me,
1042 2049 1115 2100 ut
1136 2042 1563 2102 auxiliemini
1592 2043 1785 2111 milii,
1816 2061 1925 2100 cor
1968 2061 2184 2101 meum
2213 2041 2378 2117 jun-

878 2148 1082 2214 yatur
1101 2141 1273 2198 vobis
1292 2157 1404 2220 por
1432 2137 1887 2202 confidentiam
1908 2147 1971 2201 et
1991 2137 2374 2200 familiarem

887 2255 1190 2299 amorem.
1228 2240 1305 2298 Si
1332 2248 1547 2298 autem
1586 2239 2009 2299 insidiamini
2055 2240 2223 2298 milii
2250 2257 2374 2314 pro

885 2338 1281 2396 adversariis
1308 2340 1489 2406 meis,
1521 2335 1585 2397 id
1616 2344 1711 2398 est
1741 2337 1817 2399 ad
1846 2334 2373 2417 complacendum

888 2433 1059 2497 Sauli
1104 2443 1168 2497 et
1208 2434 1607 2516 adjutoribus
1650 2435 1811 2516 ejuS,
1844 2456 2047 2514 quum
2088 2455 2200 2512 eqo
2249 2437 2376 2495 ini-

886 2535 1199 2612 quitatem
1228 2536 1303 2594 in
1332 2535 1634 2594 manibus
1671 2553 1802 2594 non
1832 2535 2120 2607 habeam,
2154 2533 2222 2595 id
2251 2542 2367 2610 est,

888 2631 1050 2693 nihil
1082 2630 1434 2695 forefecero
1464 2632 1598 2713 regi
1629 2650 1743 2713 per
1771 2640 1948 2694 actus
1980 2631 2261 2713 iniquos,
2281 2633 2374 2691 vi-

884 2733 1033 2791 deat
1049 2734 1221 2792 Deus
1242 2741 1513 2807 patrum
1533 2741 1900 2791 nostrorum
1929 2740 1989 2790 et
2006 2732 2290 2807 judicet,
2309 2729 2372 2791 id

887 2836 1003 2905 est,
1024 2830 1195 2910 juste
1221 2828 1565 2909 judicando
1595 2829 1884 2892 ostendat
1905 2847 1972 2890 se
2002 2828 2123 2890 ista
2142 2847 2374 2909 cogno-

886 2945 1085 2989 scere.
1119 2929 1412 3004 Spiritus
1439 2946 1583 2986 vero
1604 2928 1873 2988 Domini
1906 2929 2124 2987 induit
2143 2929 2376 2988 Abisai

2489 1941 2678 2017 quasi
2702 1942 3020 2000 exercitus
3050 1942 3192 2010 Dei,
3229 1939 3291 2001 id
3321 1947 3419 2002 est
3461 1938 3774 2002 exercitus
3808 1941 3976 2002 viro-

2487 2056 2628 2099 rum
2669 2036 2984 2101 bonorum
3027 2038 3190 2100 bene
3223 2045 3286 2100 et
3330 2036 3726 2101 concorditer
3767 2037 3978 2120 dispo-

2487 2135 2755 2198 sitorum
2807 2135 3006 2198 instar
3047 2135 3416 2216 angelorum
3459 2137 3569 2200 Dei
3613 2136 3978 2200 innumora-

2487 2233 2738 2296 bilium.
2778 2235 2865 2296 De
2909 2234 3142 2316 quibus
3192 2234 3260 2296 in
3307 2234 3472 2298 libro
3517 2235 3635 2298 Job
3683 2235 3966 2316 legitur:

2484 2332 2802 2414 Numquid
2851 2342 2949 2395 est
3007 2351 3306 2397 numerus
3355 2332 3631 2395 militum
3679 2333 3842 2397 Dei?
3889 2334 3968 2396 Et
4013 2352 4250 2404 nima.

2483 2431 2818 2494 Nehemias
2866 2433 2956 2494 ait
2991 2431 3362 2495 :Exercitus
3411 2431 3556 2496 coeli
3603 2432 3822 2498 adorat
3873 2442 3960 2497 tc.
4007 2459 4242 2504 irsoum.

2483 2529 2728 2593 Hebraei
2767 2539 2980 2593 tamen
3022 2549 3136 2612 per
3184 2530 3532 2594 exercitum
3577 2531 3684 2593 Dei
3736 2532 3968 2595 intelli-
3993 2525 4036 2564 ⁶·

2481 2639 2642 2710 gunt
2661 2650 2768 2694 eos
2790 2631 2900 2712 qui
2922 2632 3042 2719 sub
3061 2630 3266 2712 Moyse
3285 2631 3573 2694 exierunt
3594 2631 3928 2714 AEgyptum
3949 2649 3966 2694 :

2484 2738 2546 2792 et
2575 2739 2756 2792 erant
2785 2738 3081 2793 sexcenta
3107 2729 3336 2791 millia.

2564 2833 2690 2889 Iste
2719 2849 2965 2908 quoque
2989 2838 3080 2889 est
3122 2849 3428 2888 numerus
3447 2830 3834 2906 principum
3871 2850 3974 2890 ea·-

2483 2930 2742 2999 ercitus,
2775 2930 2894 3006 qui
2923 2937 3240 2986 venerunt
3269 2930 3358 2986 ad
3385 2929 3629 2998 David,
3659 2949 3860 3007 quum
3883 2949 3975 2988 es-

878 3027 1245 3104 principem
1290 3027 1462 3085 inter
1502 3026 1802 3101 triyinta,
1834 3025 1897 3086 id
1946 3034 2063 3101 est,
2100 3024 2374 3107 Spiritus
2409 3029 2455 3094 C
2483 3036 2573 3086 set
2595 3028 2666 3084 in
2686 3028 2964 3097 Hebron,
2982 3035 3056 3086 ut
3079 3029 3506 3104 transferrent
3520 3044 3789 3102 reynum
3803 3030 3976 3088 Saul

888 3122 1153 3186 Sanctus
1182 3122 1507 3202 instigavit
1530 3123 1709 3185 illum
1731 3124 1811 3185 ad
1832 3123 2220 3205 loquendum
2243 3142 2376 3186 ver-

887 3220 969 3283 ba
994 3222 1349 3303 sequentia.
1374 3221 1606 3284 Verum
1638 3230 1710 3283 ut
1739 3221 1995 3298 dicitur,
2014 3222 2081 3284 in
2112 3221 2374 3285 Hebraeo

886 3318 1157 3382 habetur
1199 3337 1213 3381 ε
1256 3319 1529 3402 Spiritus
1580 3320 1793 3382 induit
1834 3320 2109 3397 Amasai,
2167 3320 2230 3382 id
2279 3327 2376 3384 est

886 3418 1200 3495 Amasam‚
1234 3419 1580 3482 secundum
1611 3417 1927 3481 HebraeOS.
1954 3422 2037 3480 Et
2064 3423 2162 3480 ait
2191 3441 2213 3480 .·
2250 3423 2375 3481 Tui

884 3539 1127 3588 sumus,
1160 3537 1195 3577 o
1227 3519 1467 3587 David,
1496 3527 1556 3576 et
1590 3527 1795 3576 tecum
1821 3519 1957 3594 filii
1985 3520 2147 3588 lsai,
2173 3517 2236 3578 id
2258 3527 2368 3594 est,

885 3634 1035 3680 vere
1065 3623 1130 3679 et
1156 3635 1233 3679 ex
1255 3615 1444 3678 corde
1465 3613 1853 3677 associamus
1884 3634 2001 3678 nos
2034 3615 2174 3677 tibi.
2193 3619 2368 3688 Pax,

878 3735 1019 3793 paa·
1048 3718 1189 3786 tibi,
1218 3725 1279 3776 et
1299 3735 1439 3792 pam
1468 3715 1877 3791 adjutoribus
1906 3717 2056 3776 tuis.
2090 3718 2170 3777 Te
2198 3719 2375 3777 enim

882 3814 1158 3891 adjuvat
1185 3817 1359 3875 Deus
1406 3823 1574 3874 tuus,
1610 3815 1905 3889 Suscepit
1942 3833 2088 3890 erqo
2118 3834 2219 3874 eos
2248 3816 2374 3875 Da-

885 3913 1025 3982 vid,
1052 3922 1112 3972 et
1140 3913 1472 3972 constituit
1494 3913 1826 3988 principes
1860 3921 2115 3983 turmae,
2144 3911 2207 3974 id
2251 3920 2367 3989 est,

882 4011 1191 4092 quosdam
1222 4009 1479 4072 illorum
1511 4007 1797 4090 praefecit
1840 4009 2247 4090 quibusdam,
2285 4010 2374 4073 fa·

882 4109 1111 4171 ciendo
1160 4128 1236 4171 ex
1283 4108 1375 4170 eis
1436 4107 1728 4185 decanoS‚
1786 4107 2372 4189 quinquagenarios

883 4216 993 4269 aut
1020 4205 1449 4270 centuriones,

963 4309 1169 4367 Porro
1198 4307 1278 4364 de
1291 4307 1591 4365 Manasse
1622 4306 2119 4383 transfugerunt
2139 4311 2228 4367 ad
2245 4311 2373 4369 Da-

886 4406 1025 4474 vid,
1055 4405 1314 4483 quando
1345 4403 1635 4462 veniebat
1675 4423 1821 4464 cum
1852 4405 2229 4466 Philistiim
2257 4409 2374 4467 ad-

886 4521 1102 4562 versus
1120 4503 1287 4562 Saul
1314 4510 1387 4560 ut
1406 4511 1755 4578 puynaret,
1778 4511 1837 4562 et
1868 4523 1997 4564 non
2028 4506 2372 4566 dimicavit

884 4621 1033 4661 cum
1077 4601 1201 4669 eis,
1250 4600 1407 4679 quia
1454 4599 1620 4660 inito
1667 4603 1933 4660 consilio
1982 4605 2371 4664 remiserunt

882 4719 1033 4758 eum
1073 4699 1406 4774 principes
1453 4698 1985 4769 Philistinorum,
2030 4702 2310 4762 dicentes
2345 4724 2369 4762 .·

882 4797 1185 4858 Periculo
1228 4795 1463 4872 capitis
1503 4798 1708 4855 nostri
1750 4807 2102 4858 revertetur
2142 4801 2233 4859 ad
2259 4802 2372 4860 do-

887 4894 1135 4954 minum
1172 4912 1365 4952 suum
1411 4895 1598 4965 Saul,
1633 4901 1819 4975 prout
1866 4895 2076 4975 primo
2128 4896 2366 4976 Regum

884 4990 1051 5054 libro
1081 4988 1371 5052 habetur.
1405 4988 1685 5064 Qualiter
1709 5001 1918 5056 autem
1940 4993 2136 5055 David
2169 4993 2372 5057 inten-

882 5089 1048 5154 derit
1077 5097 1297 5152 contra
1327 5087 1467 5150 Saul
1500 5107 1801 5170 pugnare,
1821 5100 1885 5154 et
1914 5091 2193 5173 qualiter
2216 5111 2365 5170 non,

882 5189 1123 5252 dictum
1156 5195 1253 5250 est
1284 5185 1395 5248 ibi.
1431 5191 1699 5255 Quando
1730 5191 1936 5265 iyitur
1967 5211 2255 5251 reversus
2281 5202 2371 5252 est

884 5288 1079 5351 David
1110 5289 1184 5347 in
1216 5289 1486 5363 Siceley,
1516 5286 1821 5349 remissus
1851 5307 1888 5348 a
1919 5307 2063 5367 rege
2084 5288 2276 5351 Achis
2297 5308 2372 5352 ac

2483 3128 2571 3186 ad
2598 3147 2768 3197 eum,
2776 3127 2986 3202 juxta
3016 3127 3277 3186 verbum
3295 3125 3587 3187 Domini.
3613 3126 3780 3186 Filii
3797 3129 3972 3187 Juda

2477 3234 2808 3302 portantes
2844 3228 3142 3300 clypeum
3183 3233 3244 3283 et
3289 3224 3570 3294 hastam,
3597 3243 3710 3283 sex
3757 3225 3972 3285 millia

2482 3325 2854 3400 octinqenti,
2876 3324 3162 3400 expediti
3181 3325 3269 3382 ad
3288 3323 3621 3399 praelium.
3644 3321 3778 3383 Jam
3799 3321 3974 3384 onim

2483 3428 2630 3482 ante
2669 3419 2856 3482 multi
2897 3438 2972 3482 ex
3011 3419 3182 3481 tribu
3228 3420 3387 3481 Juda
3433 3418 3852 3498 confugerant
3895 3420 3974 3482 ad

2484 3518 2702 3582 David.
2737 3523 2830 3578 De
2857 3521 3020 3596 filiis
3051 3519 3316 3579 Simeon
3358 3519 3652 3578 virorum
3693 3519 3977 3594 fortissi-

2485 3637 2734 3677 morum
2760 3621 2847 3678 ad
2858 3618 3324 3694 puynandum,
3343 3625 3578 3692 septem
3601 3617 3816 3676 millia
3839 3636 3977 3677 cen-

2485 3724 2644 3776 tum.
2683 3717 2776 3775 De
2819 3716 2984 3790 filiis
3017 3715 3197 3786 Levi,
3248 3723 3526 3793 quatuor
3577 3714 3790 3774 millia
3833 3733 3976 3773 sea>-

2481 3815 2670 3874 centi.
2692 3814 2927 3874 Joiada
2958 3833 3204 3892 quoque
3226 3814 3529 3889 princeps
3561 3810 3820 3874 familiae
3841 3831 3974 3876 suae

2481 3915 2561 3972 de
2586 3914 2785 3989 stirpe
2814 3914 3059 3974 Aaron.
3093 3911 3205 3973 Hic
3235 3911 3453 3973 Joiada
3491 3910 3726 3973 dicitur
3768 3909 3972 3974 fuisse

2483 4017 2660 4090 pater
2679 4009 3097 4073 Banaiae.1mo
3117 4008 3468 4071 secundum
3489 4008 3797 4086 Glossam,
3812 4010 3974 4074 Joia-

2481 4107 2627 4169 dam
2659 4106 2917 4169 tradunt
2945 4106 3190 4169 Hebraei
3223 4105 3424 4168 fuisse
3452 4105 3719 4169 Phineos
3753 4106 3968 4169 filium

2405 4209 2454 4270 D
2481 4205 2782 4282 Eleazari‚
2829 4205 2908 4268 ad
2957 4205 3142 4287 cujus
3185 4204 3727 4286 comparationem
3768 4205 3968 4270 Sadoc

2481 4323 2639 4387 puer
2687 4312 2970 4381 vocatur,
3024 4312 3327 4384 tanquam
3388 4311 3570 4366 aetate
3617 4311 3682 4366 et
3738 4305 3968 4369 morito

2479 4405 2690 4466 minor
2723 4420 2738 4464 :
2773 4421 2918 4485 quae
2952 4401 3220 4465 assertio
3259 4401 3454 4464 stulta
3500 4401 3774 4480 videtur,
3813 4405 3970 4484 quia

2477 4501 2742 4565 Phineos
2791 4501 2922 4582 jam
2971 4499 3080 4561 diu
3119 4498 3461 4562 defunctus
3516 4499 3660 4562 fuit.
3704 4503 3968 4563 Etcum

2475 4621 2545 4660 eo
2567 4602 2842 4677 triyinta
2873 4600 3088 4660 millia
3107 4599 3521 4675 septinyenti.
3543 4601 3751 4660 Sadoc
3767 4601 3968 4660 etiam

2469 4719 2637 4778 puer
2681 4699 2950 4775 eqreyioe
2999 4699 3276 4766 indolis,
3326 4696 3391 4758 id
3439 4704 3537 4759 ost
3583 4696 3968 4760 excellenter

2479 4796 2642 4859 bene
2683 4795 3032 4877 dispositus
3070 4795 3148 4857 ad
3193 4794 3598 4876 prudentiam
3638 4814 3712 4859 ac
3764 4795 3968 4858 virtu-

2480 4904 2594 4972 teS,
2640 4903 2898 4977 propter
2941 4893 3111 4975 quod
3141 4892 3374 4972 dignus
3423 4892 3549 4955 fuit
3584 4893 3750 4957 inter
3787 4894 3961 4958 viros

2478 4992 2854 5074 computari,
2889 5002 2950 5053 et
2994 4995 3226 5052 domus
3264 4994 3479 5069 patris
3513 4993 3676 5070 ejus,
3707 4995 3964 5070 princi-

2469 5114 2582 5170 pes
2607 5093 2845 5168 viyinti
2873 5093 3026 5152 du0.
3047 5094 3142 5152 De
3167 5092 3331 5168 filiis
3361 5099 3578 5151 autem
3606 5093 3957 5168 Benjamin

2478 5192 2798 5269 fratribus
2829 5193 3020 5261 Saul,
3056 5191 3183 5250 tria
3225 5190 3439 5248 millia
3463 5209 3486 5248 .·
3519 5208 3756 5265 maana
3791 5193 3962 5250 enim

2473 5310 2630 5367 pars
2648 5309 2870 5349 eorum
2889 5291 3105 5349 adhuc
3122 5288 3488 5366 sequebatur
3503 5290 3766 5348 domum
3777 5289 3956 5350 Saul.
