4309 6259
119 2356 262 2411 itaq.
273 2370 326 2407 nx,

147 3054 166 3094 1
169 3055 302 3098 bidan.

747 494 1098 543 ENARRATIO
1143 498 1203 541 ΙΝ
1247 498 1383 543 cAP.
1431 497 1581 543 XXIX
1623 496 1783 542 LIBRI
1823 498 1992 543 Pium
2035 496 2563 545 PARAthouENON.
2608 520 2689 529 —-
2729 500 2871 547 ΛΒΤ.
2919 500 3069 551 XXIX

3333 479 3448 543 183

351 665 470 727 illa
501 664 769 729 Mosaica
799 674 938 728 erat
978 666 1276 743 earnaliS,
1312 665 1602 746 figuralis
1633 675 1696 729 et
1739 666 1855 730 im·
1883 664 1932 729 A
1966 666 2258 732 adidem
2298 686 2371 731 ea
2402 689 2545 747 quoe
2580 670 2784 729 obtuli
2828 668 2900 727 in
2939 672 3202 729 domum
3232 668 3450 728 Domi-

352 762 684 846 perfecta3
720 765 1091 845 evangelica
1137 785 1290 829 vero
1330 766 1454 843 lex,
1501 765 1854 848 spiritualis

349 862 621 926 omnino
660 871 780 941 est,
812 862 1105 926 ultimata
1145 873 1208 927 et
1246 863 1550 947 perfecta,
1585 864 1688 927 cui
1729 865 1854 928 alia

351 979 502 1025 vere
533 960 761 1026 divina.
796 980 926 1025 non
957 964 1274 1026 succedet.

431 1062 572 1137 Eyo
603 1071 825 1122 autem
856 1064 1004 1123 totis
1033 1064 1285 1122 viribus
1305 1064 1462 1123 meis
1476 1066 1854 1141 prceparavi

349 1161 682 1237 impensas
725 1162 953 1221 domus
985 1162 1254 1221 Domini
1294 1163 1417 1222 Dei
1465 1164 1610 1233 mei,
1647 1161 1710 1223 id
1755 1170 1854 1224 est

349 1256 655 1319 materias
687 1265 752 1321 et
770 1275 1102 1340 expensaS,
1129 1277 1207 1320 ex
1234 1258 1474 1339 quibus
1507 1258 1670 1322 fient
1705 1267 1854 1321 tem-

349 1356 534 1438 plum
563 1364 629 1418 et
649 1375 802 1419 vasa
825 1356 995 1438 ejus;
1020 1377 1261 1417 aurum
1283 1360 1370 1417 ad
1389 1378 1544 1421 vasa
1564 1369 1852 1429 aurea,et

351 1464 704 1531 amentum
723 1457 797 1516 in
817 1474 1016 1533 arqen
1025 1466 1149 1526 tea,
1168 1477 1252 1517 ces
1281 1458 1355 1517 in
1383 1478 1576 1527 cerea,
1596 1457 1852 1534 ferrum

349 1555 422 1614 in
450 1555 700 1630 ferrea,
734 1556 918 1630 liqna
943 1556 1032 1613 ad
1063 1556 1305 1630 liynea,
1331 1563 1391 1615 et
1422 1557 1669 1633 lapides
1697 1574 1854 1631 ony-

349 1653 606 1721 chi-nos,
637 1650 702 1713 id
747 1659 844 1714 est
886 1669 1170 1731 gemmas
1209 1650 1442 1732 quibus
1487 1669 1718 1731 nomen
1759 1662 1854 1715 est

347 1768 544 1832 onyx,
562 1769 710 1831 quae
734 1749 974 1813 habent
991 1750 1270 1813 colorem
1304 1752 1537 1832 unguis
1567 1752 1848 1830 humani,

1967 767 2042 825 ni
2071 768 2195 827 Dei
2225 769 2353 827 mei
2377 770 2457 827 de
2478 770 2734 845 peculio
2765 788 2926 837 mm,
2958 767 3021 829 id
3064 775 3159 830 est
3195 767 3275 829 de
3312 784 3451 847 spe-

1965 864 2116 927 ciali
2164 874 2227 927 et
2274 866 2534 948 propria
2582 865 2966 943 substantia,
3019 864 3292 948 pecunia
3338 884 3449 927 seu

1964 963 2195 1045 opibus
2226 963 2409 1041 meiS,
2431 983 2673 1025 aurum
2701 974 2763 1025 et
2792 974 3130 1041 argentum
3154 986 3175 1023 .·
3207 964 3339 1027 haec
3370 966 3451 1023 do

1963 1064 2037 1123 in
2069 1066 2379 1140 templum
2407 1064 2531 1124 Dei
2560 1065 2710 1133 mei,
2742 1062 2809 1125 id
2847 1072 2946 1125 est
2986 1062 3065 1125 ad
3105 1061 3247 1138 hoc,
3280 1062 3451 1143 quod

1966 1160 2273 1241 templum
2308 1160 2433 1223 Deo
2464 1159 2841 1224 aedificetur.
2875 1161 2967 1223 Ex
3005 1160 3125 1225 hoc
3162 1169 3445 1243 apparet,

1963 1260 2136 1341 quod
2169 1257 2432 1341 praefata
2458 1260 2723 1324 donaria
2751 1259 3055 1323 obtulerit
3084 1260 3163 1322 de
3191 1259 3451 1322 aliunde

1963 1356 2318 1438 acquisitiS,
2338 1364 2401 1419 et
2420 1358 2499 1420 de
2519 1357 2617 1419 his
2640 1376 2781 1439 quae
2800 1357 2942 1438 jure
2971 1356 3125 1420 belli
3146 1357 3445 1435 obtinuit,

1964 1472 2040 1516 ex
2080 1453 2315 1534 quibus
2358 1454 2557 1517 multa
2601 1454 2867 1518 Domino
2905 1454 3319 1518 consecravit.
3366 1454 3451 1517 De

1962 1553 2201 1634 quibus
2232 1553 2465 1635 exponi
2496 1561 2705 1635 potest
2734 1554 2903 1635 quod
2938 1552 3229 1616 subditur
3251 1572 3453 1615 :exce-

1958 1654 2090 1729 ptis
2124 1653 2227 1712 lais
2249 1652 2407 1731 ,ἕρπω
2436 1654 2815 1731 praeparavi
2856 1654 2927 1713 in
2974 1655 3200 1721 cedem,
3245 1652 3310 1714 id
3358 1660 3455 1715 est

1965 1748 2248 1825 domum,
2270 1759 2559 1810 sanctam
2589 1748 3059 1826 aedificandam,
3086 1752 3212 1811 tria
3236 1752 3453 1811 millia

348 1858 408 1907 et
445 1850 644 1927 quasi
678 1850 972 1919 stibinos,
1005 1858 1066 1909 et
1100 1850 1506 1910 diversorum
1543 1854 1850 1923 colorum,
1893 1844 1938 1905 B
1969 1852 2211 1909 talenta
2244 1849 2399 1908 auri
2427 1851 2507 1907 de
2535 1868 2697 1909 auro
2727 1850 2955 1926 Ophir,
2987 1847 3051 1910 id
3082 1856 3178 1910 est
3206 1848 3332 1911 loci
3362 1848 3453 1911 sic

345 1944 416 2008 id
449 1955 550 2009 est
581 1965 866 2027 gemmas
899 1946 1204 2011 habentes
1236 1945 1512 2011 colorem
1546 1948 1746 2010 stibii.

416 2043 606 2108 Circa
629 2046 802 2127 quod
831 2045 923 2108 ait
942 2045 1103 2127 Lyra
1123 2062 1136 2107 ε
1160 2044 1433 2108 Stibium
1454 2052 1553 2109 est
1579 2065 1856 2126 unguen-

353 2152 490 2206 tum
521 2163 658 2226 quo
689 2144 990 2207 mulieres
1039 2144 1237 2210 facies
1279 2164 1428 2207 suas
1456 2145 1810 2228 depingunt
1837 2170 1852 2221 3

355 2244 526 2305 unde
556 2251 790 2325 quarto
820 2244 1060 2325 Regum
1081 2244 1374 2319 habetur,
1397 2245 1580 2325 vquod
1608 2244 1852 2307 Jezabel

353 2340 651 2424 depinxit
671 2341 892 2405 oculos
924 2360 1072 2405 suos
1103 2342 1316 2405 stibio.
1343 2341 1463 2405 Sed
1485 2351 1707 2405 contra
1735 2342 1856 2406 hoc

355 2439 584 2503 scribit
614 2439 818 2502 Rabbi
845 2440 1076 2502 Paulus
1109 2459 1123 2503 τ
1158 2441 1360 2504 Dictio
1390 2440 1715 2517 Hebraica,
1741 2460 1857 2523 pro

353 2555 484 2619 qua
509 2538 826 2601 habemus
867 2537 994 2615 hic,
1030 2537 1327 2617 Stibium,
1365 2556 1492 2601 non
1533 2538 1860 2619 significat

354 2644 788 2718 unguentum,
822 2637 932 2699 sed
978 2635 1310 2719 pulverem
1355 2637 1490 2701 sive
1522 2638 1860 2721 collyrium

353 2737 638 2817 nigrum,
654 2735 830 2817 quod
852 2734 920 2797 in
953 2736 1156 2799 oeulis
1179 2736 1440 2819 ponitur
1458 2737 1537 2799 ad
1567 2738 1856 2801 decorem

355 2844 416 2899 et
443 2834 1004 2899 conservationem
1037 2835 1328 2899 sanitatis
1357 2835 1711 2899 oculorum.
1745 2836 1863 2898 Un-

353 2935 432 2997 de
460 2934 545 2997 de
573 2932 826 2995 lezabel
859 2950 988 2995 non
1009 2932 1279 2996 habetur
1300 2934 1365 2996 in
1390 2934 1671 3011 Hebraeo‚
1690 2936 1860 3015 quod

1965 1946 2143 2022 dicti,
2171 1945 2238 2007 in
2267 1963 2395 2027 quo
2425 1945 2739 2028 optimum
2769 1964 2995 2008 aurum
3026 1945 3258 2008 dicitur
3288 1945 3458 2011 inve-

1966 2044 2112 2120 niri,
2145 2054 2206 2105 et
2248 2054 2481 2121 septem
2518 2047 2737 2105 millia
2777 2048 3164 2106 talentorum
3198 2047 3456 2122 arqenti

1954 2144 2413 2222 probatissimi.
2449 2143 2638 2206 Porro
2681 2143 2855 2224 quod
2886 2142 3198 2219 subditur,
3232 2147 3319 2203 ad
3355 2146 3455 2203 de-

1965 2244 2294 2303 aurandos
2315 2245 2596 2319 parietes
2629 2245 2873 2324 templi,
2900 2241 3173 2305 refertur
3201 2243 3278 2305 ad
3301 2262 3452 2325 prae-

1966 2348 2175 2403 taxata
2202 2340 2339 2401 auri
2369 2341 2627 2403 talenta.
2653 2340 2979 2423 Siquidem
3011 2341 3283 2424 parietes
3305 2350 3452 2406 tem·

1967 2439 2057 2520 pli
2079 2438 2289 2501 aureis
2311 2448 2489 2502 erant
2512 2438 2768 2503 laminis
2791 2440 2953 2503 tecti.
2969 2443 3055 2501 Et
3075 2443 3454 2521 ubicumque
3505 2462 3560 2508 ιιι
3572 2464 3680 2519 1³09.
3692 2476 3741 2509 vn.

1967 2558 2124 2617 opus
2182 2547 2272 2599 est
2318 2559 2557 2601 aurum
2608 2542 2688 2599 de
2735 2559 2923 2609 aur-0,
2967 2549 3027 2601 et
3070 2542 3453 2621 ubicumque
3480 2529 3549 2571 ³⁵·

1961 2657 2125 2715 ‚opus
2154 2648 2245 2699 est
2275 2648 2615 2715 argentum
2643 2641 2722 2698 de
2750 2648 3037 2714 amente,
3068 2658 3259 2716 opera
3286 2644 3455 2717 fiant

1959 2754 2082 2813 per
2131 2756 2367 2797 manus
2416 2738 2769 2814 artificum.
2816 2738 2902 2797 E't
2944 2738 3006 2796 si
3052 2737 3199 2816 quis
3236 2746 3457 2815 sponte

1969 2838 2178 2913 offert,
2222 2834 2287 2895 id
2334 2842 2451 2911 est,
2484 2833 2597 2915 qui
2642 2852 2718 2895 ex
2762 2833 3100 2904 devotione
3146 2834 3460 2899 et·libera

1974 2933 2302 2998 voluntate
2346 2932 2589 3014 aliquid
2638 2932 2855 3009 offert,
2900 2941 3009 2995 aut
3057 2932 3298 2997 offerre
3334 2934 3459 2997 Deo

355 3032 651 3115 depinxit
671 3032 892 3096 oculos
914 3050 1062 3095 suos
1091 3032 1304 3110 stibio,
1325 3034 1434 3096 sed
1457 3034 1626 3115 quod
1649 3034 1864 3116 posuit
1897 3027 1942 3091 (Σ
1974 3031 2275 3115 proponit
2308 3049 2321 3093 :
2358 3030 2597 3094 oblatio
2630 3049 2905 3112 namque
2946 3039 3297 3113 spontanea
3324 3050 3463 3095 esse

355 3132 626 3194 stibium
660 3130 729 3193 in
761 3130 966 3194 oeulis
997 3130 1132 3193 suis
1153 3148 1168 3192 t
1189 3131 1359 3212 quod
1383 3140 1690 3195 consonat
1711 3132 1862 3195 huic

355 3229 611 3293 litterae.
665 3229 824 3292 Nam
875 3229 1041 3292 sicut
1086 3230 1504 3298 inveniuntur
1547 3249 1864 3293 marmora

355 3328 663 3393 habentia
709 3327 989 3392 colorem
1032 3328 1269 3407 unguis
1319 3328 1605 3406 humani,
1643 3328 1732 3392 ita
1773 3328 1866 3391 in-

357 3428 712 3491 veniuntur
748 3424 880 3489 alia
925 3424 1232 3488 habentia
1280 3426 1560 3489 colorem
1608 3426 1864 3509 nigrum

357 3544 502 3589 cum
532 3525 771 3603 nitore,
805 3523 918 3605 qui
950 3523 1185 3587 dicitur
1215 3524 1416 3587 stibii.
1437 3524 1579 3588 Haec
1609 3525 1859 3588 PauluS.

357 3624 818 3686 Verumtamen
865 3622 1109 3685 dietum
1151 3622 1327 3707 Lyrae
1359 3624 1574 3687 verius
1620 3632 1866 3706 reputa-

365 3730 481 3799 tur,
501 3720 664 3803 quia
695 3728 757 3784 et
779 3720 1172 3803 expositores
1195 3722 1621 3785 communiter
1643 3722 1866 3785 dicunt

364 3820 474 3897 sic,
508 3828 578 3884 et
623 3838 742 3903 per
785 3819 1124 3883 Jeremiam
1174 3820 1481 3883 Dominus
1531 3820 1813 3902 loquitur
1847 3838 1861 3881 ε

138 3934 336 3986 aarum.
361 3918 564 3992 Quum
605 3916 893 3999 pinxeris
936 3916 1130 3980 stibio
1169 3918 1388 3982 oculos
1430 3926 1594 3995 tuos,
1631 3917 1869 3980 frustra

131 4033 336 4085 :amma
363 4014 792 4099 componeris.
847 4014 925 4076 Et
972 4034 1165 4098 super
1217 4015 1373 4078 illud
1421 4016 1562 4093 Job,
1603 4016 1868 4080 Vocavit

367 4133 602 4179 nomen
632 4112 840 4175 tertiae
867 4112 1028 4193 (suae
1071 4113 1372 4179 videlicet
1415 4112 1446 4175 f
1450 4114 1600 4195 iliae)
1630 4114 1869 4179 Cornu-

1974 3129 2183 3207 debet,
2218 3138 2281 3193 et
2311 3148 2388 3191 ex
2430 3128 2690 3191 caritate
2734 3129 3095 3209 procedere,
3128 3148 3245 3193 nec
3283 3130 3464 3193 aliter

1975 3230 2183 3312 placet
2212 3230 2373 3303 Deo3
2408 3230 2677 3307 impleat
2719 3247 2993 3288 manum
3020 3248 3209 3288 suam
3251 3230 3462 3300 hodie,

1975 3328 2038 3390 id
2069 3336 2186 3406 est,
2220 3327 2299 3389 ad
2329 3324 2738 3389 offerendum
2770 3324 3119 3389 liberaliter
3157 3344 3225 3389 se
3254 3325 3466 3408 dispo-

1973 3434 2103 3502 nat,
2137 3436 2197 3487 et
2226 3428 2449 3503 offerat
2478 3427 2648 3503 quod
2678 3426 2951 3486 voluerit
2980 3426 3279 3485 Domine.

2051 3525 2526 3605 Consequenter
2554 3521 2939 3585 describitur
2968 3520 3245 3603 qualiter
3273 3522 3465 3604 majo-

1975 3642 2074 3685 res
2105 3640 2253 3685 mox
2282 3621 2369 3683 ita
2404 3629 2693 3701 egerunt,
2716 3628 2780 3683 et
2800 3629 3111 3702 quantum
3132 3620 3458 3685 dederunt.

1972 3722 2270 3783 Polliciti
2287 3730 2441 3781 sunt
2462 3721 2679 3799 itaque
2691 3720 3023 3796 principes
3041 3720 3463 3797 familiarum

1973 3829 2032 3880 et
2054 3824 2343 3897 proceres
2375 3820 2667 3879 tribuum
2697 3820 2924 3889 Israel,
2945 3819 3200 3878 tribuni
3215 3838 3465 3897 quoque

1973 3930 2033 3979 et
2079 3918 2481 3979 centuriones
2526 3926 2587 3976 et
2626 3917 2958 3994 principes
3000 3917 3491 3992 possessionum,

1975 4019 2142 4095 reqis
2162 4040 2188 4089 ,·
2215 4018 2657 4093 dederuntque
2686 4014 2758 4074 in
2788 4032 2980 4091 opera
2998 4016 3227 4073 domus
3251 4015 3465 4075 Domi-

1977 4119 2076 4184 ni,
2107 4116 2263 4175 auri
2294 4117 2535 4175 talenta
2565 4114 2851 4192 quinque
2880 4113 3124 4182 millia,
3142 4121 3203 4172 et
3230 4111 3463 4173 solidos

367 4212 566 4289 stibii,
601 4212 774 4275 idem
805 4211 1132 4274 asseritur.
1156 4211 1362 4294 Atque
1393 4212 1458 4274 in
1479 4212 1868 4276 Mammotra-
1899 4214 1950 4275 D
1975 4218 2186 4275 decem
2231 4212 2471 4281 millia,
2502 4212 2759 4287 arqenti
2792 4214 3033 4271 talenta
3068 4212 3280 4272 decem
3320 4212 3464 4271 mil-

365 4320 470 4374 ctu
498 4308 726 4373 Bibliae
745 4306 964 4371 fertur
993 4326 1007 4370 ε
1039 4309 1314 4372 Stibium
1343 4318 1440 4373 est
1467 4320 1864 4390 unguentum

367 4409 465 4471 vel
497 4407 679 4472 color
709 4406 972 4470 nomine
1017 4426 1294 4485 cerussa,
1329 4428 1458 4489 quo
1501 4409 1866 4473 meretrices

368 4514 428 4567 et
455 4507 686 4571 solutae
715 4503 1018 4567 mulieres
1050 4506 1144 4567 uti
1172 4505 1402 4569 solent.

445 4610 842 4682 omnemque
873 4606 1232 4681 pretiosum
1269 4606 1580 4682 lapidem,
1607 4606 1729 4668 hoc
1771 4614 1867 4668 est

370 4703 680 4783 quosdam
713 4701 794 4764 de
825 4701 1004 4764 omni
1033 4718 1268 4783 genere
1308 4702 1592 4784 lapidum
1633 4704 1868 4785 pretio-

374 4819 609 4877 sorum,
663 4816 830 4881 quos
875 4800 1054 4880 potui
1104 4799 1420 4882 reperire3
1475 4810 1534 4861 et
1582 4822 1869 4863 marmor

375 4900 679 4960 Parium.
729 4896 785 4959 A
825 4896 982 4960 Paro
1041 4897 1252 4961 insula
1302 4905 1566 4961 vocatur
1616 4898 1866 4960 Parium

377 5014 672 5073 marmor,
707 4994 882 5077 quod
922 4995 1084 5058 varii
1117 4994 1320 5059 fertur
1349 5015 1489 5059 esse
1518 4996 1771 5073 coloriS,
1807 5004 1869 5059 et

1978 4314 2097 4382 tia,
2125 4320 2186 4372 et
2213 4312 2363 4373 oeris
2407 4313 2647 4370 talenta
2690 4312 2904 4370 decem
2939 4318 2999 4372 et
3040 4318 3171 4369 octo
3220 4310 3460 4380 millia,

1974 4411 2143 4489 ferri
2162 4429 2407 4488 quoque
2427 4416 2683 4467 centum
2706 4409 2922 4467 millia
2954 4411 3363 4477 talentorum.
3380 4410 3464 4469 Et

1975 4511 2155 4587 apud
2195 4526 2657 4586 quemcumque
2700 4507 2954 4565 inventi
2996 4516 3151 4567 sunt
3193 4508 3462 4583 lapides,

1975 4608 2295 4667 dederunt
2324 4606 2397 4664 in
2431 4607 2755 4665 thesauros
2792 4606 3019 4665 domus
3050 4606 3319 4665 Domini
3346 4626 3373 4678 ,ξ
3402 4604 3465 4666 id

1979 4712 2094 4780 est,
2131 4702 2376 4784 lapides
2422 4701 2565 4767 illos
2594 4700 2873 4764 aedificio
2915 4709 3118 4784 aptoS,
3153 4702 3253 4767 vel
3294 4720 3469 4783 gem-

1978 4821 2113 4863 mas
2143 4800 2535 4876 obtulerunt,
2563 4807 2752 4881 prout
2781 4799 3034 4863 devotio
3064 4798 3462 4881 suggerebat,

1978 4901 2057 4963 ad
2090 4899 2527 4981 reponendum
2558 4897 2725 4961 inter
2769 4897 3031 4969 donaria
3068 4917 3185 4980 pro
3230 4897 3468 4980 templo

1980 4998 2409 5062 construendo
2450 4996 2660 5059 oblata
2714 5012 2727 5058 :
2770 5005 2833 5058 et
2882 4995 3003 5059 hoc
3042 5017 3164 5075 per
3200 5017 3469 5059 manum

382 5091 446 5154 in
499 5093 714 5156 insula
771 5092 884 5156 illa
940 5093 1244 5157 abundat.
1293 5096 1872 5157 Abundantissime
1978 5098 2185 5159 Jelziel
2219 5098 2601 5165 Gersonitis,
2633 5094 2742 5175 qui
2778 5093 2900 5155 fuit
2928 5095 3006 5157 de
3046 5094 3293 5167 familia
3319 5094 3468 5158 Ger-
3511 5119 3763 5169 manum,

357 5189 730 5274 -praepamvi
771 5208 786 5252 z
840 5189 908 5253 in
956 5210 1086 5273 quo
1145 5191 1350 5255 sancti
1399 5191 1596 5257 David
1648 5192 1872 5273 ingens
1982 5213 2120 5271 son,
2155 5212 2231 5256 ex
2283 5192 2438 5254 filiis
2478 5190 2716 5254 Caath*
2752 5210 2765 5253 ε
2801 5191 2913 5273 qui
2960 5191 3163 5255 Jehiel
3209 5192 3469 5276 praefuit
3496 5184 3759 5288 ⁷:⁸33}

384 5287 618 5353 relucet
661 5288 944 5353 devotio.
979 5293 1066 5355 Et
1101 5310 1294 5369 super
1332 5293 1486 5361 kaec,
1521 5292 1873 5372 praeparavi
1983 5292 2135 5355 huic
2152 5289 2550 5355 oblationum
2575 5287 2837 5350 istarum
2857 5289 3472 5374 collectioni,quam·
