4309 6259
937 518 1286 565 malumno
1329 520 1390 564 m
1433 520 1570 567 mr.
1618 521 1682 566 x1
1724 520 1882 567 unm
1923 522 2145 576 ouan'rr
2188 524 2411 571 ancum.
2456 545 2535 555 —
2575 528 2718 575 aar.
2764 529 2868 575 xlv
3362 512 3440 575 49

1447 920 2092 1008 ARTICULUS
2166 925 2364 1007 XIV

801 1192 1187 1239 EXPLANATIO
1229 1193 1506 1240 currum
1547 1194 1835 1241 umnsscuss
1877 1195 1892 1239 Ξ
1940 1195 2215 1242 ΑΤΗΑῙᾸΑ
2255 1198 2412 1245 VERO
2454 1200 2660 1248 MATER
2702 1202 2992 1250 ocflozllss.

329 1471 528 1633 DE
561 1471 816 1534 Athalia
845 1472 1368 1537 ambitiosissima
1408 1473 1586 1555 regni
1632 1474 1834 1556 impe·
1870 1472 1921 1535 A
1949 1473 2183 1538 Levitae
2224 1478 2652 1543 custodientes
2692 1500 2843 1545 vasa
2880 1493 3097 1547 sancta
3137 1486 3224 1549 ibi
3256 1507 3437 1571 repo-

499 1573 753 1648 ratrice,
789 1582 854 1636 et
890 1575 970 1637 de
1005 1574 1148 1637 Joas
1187 1594 1339 1637 vero
1384 1574 1564 1655 regni
1605 1575 1838 1636 herede
1949 1574 2070 1635 sita
2119 1592 2132 1636 ε
2182 1575 2323 1640 ideo
2368 1578 2595 1641 melius
2640 1589 2931 1661 poterant
2976 1584 3064 1646 ibi
3112 1586 3325 1649 celari.
3362 1588 3437 1650 Et

331 1690 512 1734 nunc
549 1672 784 1753 agitur.
817 1676 1094 1735 Athalia
1125 1696 1270 1736 vero
1309 1685 1516 1736 mater
1545 1676 1836 1738 Oelzozioe
1948 1675 2242 1753 quamvis
2276 1679 2627 1740 secundum
2661 1679 2866 1760 legem
2902 1701 3029 1746 non
3063 1683 3313 1749 licuerit
3344 1685 3435 1749 ibi

329 1771 507 1851 regis
535 1772 717 1848 Juda,
736 1774 989 1843 videns,
1013 1773 1076 1835 id
1109 1782 1206 1837 est
1237 1791 1648 1853 cognoscens,
1674 1794 1836 1834 mor·
1949 1790 2086 1834 esse
2116 1771 2437 1839 infantulo
2468 1784 2529 1839 et
2561 1778 2817 1855 nutrici,
2854 1788 3062 1843 tamen
3103 1783 3171 1844 in
3213 1784 3322 1846 tali
3362 1803 3436 1847 ac

329 1879 526 1930 tuum
556 1888 698 1933 esse
717 1874 940 1948 filium
966 1893 1182 1943 suum,
1203 1872 1266 1934 id
1297 1880 1394 1935 est
1424 1870 1832 1935 intersectum
1949 1878 2122 1933 tanta
2165 1874 2541 1938 necessitate
2585 1875 2650 1937 id
2695 1876 2877 1939 licuit
2912 1896 2925 1939 :
2960 1890 3219 1962 propter
3262 1884 3433 1963 quod

327 1987 364 2029 a
390 1968 892 2045 Jehu,sttrreoeit
918 1980 978 2031 et
1009 1972 1360 2049 interfecit,
1394 1990 1508 2053 per
1541 1990 1686 2034 suos
1721 1972 1834 2033 mi·
1942 1969 2159 2032 Joiada
2204 1970 2490 2053 pontifex
2534 1974 2623 2036 ita
2664 1976 3004 2057 disposuit,
3040 1979 3205 2042 sicut
3247 1979 3433 2044 Achi-

326 2068 594 2145 nistroS‚
627 2090 816 2130 omne
843 2090 1056 2131 semen
1084 2072 1362 2148 remum,
1401 2070 1463 2132 id
1497 2078 1592 2133 est
1622 2078 1831 2152 poste-
1944 2067 2189 2131 melech
2222 2069 2509 2151 pontifex
2540 2072 2716 2135 dedit
2735 2075 2931 2137 David
2963 2084 3026 2138 et
3056 2078 3269 2159 pueris
3289 2079 3429 2161 ejus
3483 2098 3723 2157 [nemu.

326 2184 434 2229 ros
464 2175 653 2230 natos
684 2186 762 2230 ex
792 2166 1036 2231 semine
1063 2168 1284 2245 David,
1321 2168 1556 2249 quibus
1587 2177 1833 2251 poterat
1943 2186 2138 2248 panes
2162 2170 2615 2251 propositionis
2647 2172 2726 2233 ad
2756 2160 3291 2239 manducandum.
3309 2177 3427 2241 Sed
3460 2164 3500 2204 ⁰·

321 2264 431 2345 jus
463 2266 782 2347 regnandi
813 2276 1198 2350 competere,
1223 2274 1537 2349 quatenus
1569 2268 1708 2349 ipsa
1735 2287 1832 2331 so·
1941 2265 2042 2326 his
2084 2266 2345 2330 obviare
2380 2267 2631 2331 videtur
2674 2270 2845 2351 quod
2886 2274 3165 2337 secundo
3194 2274 3431 2337 Parali-

322 2364 386 2426 la
437 2372 760 2445 regnaret.
807 2365 986 2429 Unde
1027 2366 1338 2447 Iosephus
1385 2366 1474 2427 ait
1519 2383 1532 2428 ε
1577 2365 1832 2429 Studuit
1943 2382 2260 2445 pomenon
2292 2368 2723 2448 conscriptum
2755 2377 2872 2445 est,
2895 2372 3064 2452 quod
3097 2372 3432 2437 abscondit
3460 2398 3719 2451 upamxn,

321 2472 394 2525 ut
437 2463 698 2527 nullum
739 2464 818 2527 de
855 2465 1046 2528 domo
1077 2465 1275 2527 David
1315 2465 1728 2546 relinqueret,
1761 2472 1831 2526 ut
1941 2482 2211 2544 puerum
2254 2484 2399 2527 cum
2443 2466 2691 2529 nutrice
2732 2487 2847 2529 sua
2889 2468 2955 2530 in
2999 2470 3297 2535 cubiculo
3342 2474 3435 2536 le-
3464 2464 3527 2503 ¹¹·

321 2561 553 2624 nullus
582 2582 661 2626 ex
692 2562 784 2625 eis
813 2563 893 2624 ad
926 2581 1195 2644 regnum
1225 2562 1495 2625 ulterius
1537 2563 1828 2644 perveni-
1940 2562 2281 2640 ctulorum‚
2318 2564 2439 2627 hoc
2482 2573 2578 2627 est
2622 2565 2687 2627 in
2729 2567 3108 2633 dormitorio
3146 2573 3436 2636 sacerdo-

319 2668 442 2723 ret.
489 2660 949 2725 Verumtamen
991 2662 1164 2743 quod
1212 2661 1302 2724 ait
1344 2661 1690 2745 Scriptura,
1737 2662 1830 2725 ln·
1867 2660 1914 2723 B
1945 2670 2077 2724 tum
2120 2662 2187 2723 in
2242 2663 2481 2745 templo
2534 2665 3063 2745 ministrantium,
3120 2678 3189 2732 ut
3236 2671 3429 2735 etiam

321 2758 588 2822 terfecit
606 2777 800 2824 omne
821 2778 1036 2822 semen
1062 2759 1323 2840 regium,
1341 2759 1830 2839 intelligendum
1937 2760 2244 2823 Hebraica
2300 2762 2510 2843 glossa
2568 2764 2849 2846 exponit.
2902 2765 3061 2829 Hinc
3110 2768 3433 2851 Iosephus

319 2866 418 2919 est
445 2857 1035 2939 eumaliquantula
1061 2858 1458 2942 exceptione.
1477 2858 1631 2922 Nam
1663 2878 1828 2922 unus
1939 2866 2346 2940 protestatur,
2380 2860 2552 2941 quod
2583 2861 2862 2943 portavit
2891 2882 3039 2927 eum
3071 2865 3139 2927 in
3172 2868 3434 2931 cubicu-

317 2956 534 3019 evasit
577 2954 961 3033 infantuluS‚
1007 2956 1173 3020 sicut
1212 2956 1644 3039 subjungitur.
1687 2961 1828 3019 Tol·-
1939 2956 2094 3034 lum,
2121 2964 2185 3021 et
2214 2958 2443 3020 clausit
2472 2957 2737 3022 ibidem.
2763 2960 2830 3023 In
2864 2960 3255 3027 Scholastica
3281 2984 3435 3047 quo-

316 3058 458 3116 lens
491 3065 719 3117 autem
745 3058 978 3117 Josaba
1007 3057 1157 3134 filia
1185 3057 1354 3132 reyis
1381 3059 1624 3125 Joram,
1653 3076 1830 3117 soror
1940 3074 2064 3136 que
2108 3055 2311 3118 fertur
2357 3056 2644 3133 historia,
2692 3058 2862 3139 quod
2907 3060 3242 3125 abscondit
3284 3082 3430 3125 eum

318 3156 652 3225 Ochozioe,
699 3157 850 3215 Joas
896 3156 1116 3230 filium
1169 3156 1476 3215 Ockoziae.
1531 3154 1830 3217 inconve-
1942 3154 2007 3215 in
2040 3154 2229 3217 domo
2260 3154 2533 3231 Domini,
2570 3155 2634 3217 id
2667 3165 2763 3218 est
2793 3157 2857 3219 in
2892 3158 3299 3223 domunculis
3334 3181 3433 3224 sa-

317 3251 580 3315 nienter
612 3269 766 3332 ergo
806 3251 1070 3333 quidam
1103 3250 1214 3327 ait,
1249 3253 1413 3333 quod
1447 3252 1676 3315 Josaba
1707 3252 1830 3315 ista
1939 3252 2267 3315 cerdotum
2324 3253 2986 3334 hebdomadariorum,
3051 3278 3197 3339 quae
3248 3269 3428 3323 erant

317 3350 442 3413 ruit
492 3358 682 3413 soi-or
716 3350 951 3413 Joram.
986 3349 1138 3412 Nam
1181 3358 1245 3412 et
1282 3349 1594 3432 Iosephus
1623 3359 1685 3413 et
1713 3350 1829 3413 Ma·
1935 3349 2106 3413 circa
2151 3352 2485 3432 templum.
2529 3352 2979 3417 Verumtamen
3029 3374 3146 3438 pro
3195 3357 3427 3421 horum

313 3449 524 3528 gister
572 3449 644 3512 in
693 3448 980 3512 historiis
1029 3448 1267 3525 dicunt,
1312 3449 1484 3530 quod
1529 3448 1826 3513 Ochozias
1937 3449 2279 3512 concordia
2325 3450 2525 3531 aliqui
2575 3450 2944 3533 opinantur,
2998 3456 3170 3536 quod
3220 3457 3428 3539 primo

317 3568 394 3611 ex
426 3566 566 3611 uno
599 3554 781 3630 patre
811 3547 1036 3610 habuit
1066 3564 1348 3610 sororem
1383 3549 1642 3611 nomine
1661 3549 1828 3611 Josa-
1941 3547 2063 3611 fuit
2105 3548 2517 3612 absconditus
2563 3550 2629 3611 in
2674 3550 2965 3615 cubiculo
3016 3552 3425 3643 lectulorum,

73 3663 290 3721 neaman,
317 3646 422 3709 ba.
443 3647 628 3710 ldem
648 3645 956 3708 asseritur
977 3646 1255 3709 secundo
1275 3644 1823 3728 Paralipomenon.
1937 3648 2170 3710 deinde
2196 3665 2314 3729 pro
2340 3648 2568 3729 maj0ri
2600 3650 2850 3712 cautela
2879 3650 2945 3712 in
2978 3651 3242 3733 praefato
3275 3665 3427 3720 tem-

70 3730 122 3771 ¹'·
319 3743 640 3827 [Tollens]
669 3744 813 3807 Joas
846 3743 1061 3805 filium
1091 3743 1374 3807 Ochoziae
1400 3745 1722 3825 juniorem
1753 3766 1824 3810 ac
1938 3746 2028 3829 pli
2055 3746 2317 3810 solario.

318 3844 698 3921 minimum,
725 3843 856 3907 imo
883 3843 1281 3921 anniculum,
1304 3845 1536 3921 furata
1565 3856 1656 3907 est
1681 3864 1829 3907 eum
1863 3844 1906 3908 C
2029 3848 2235 3907 Porro
2278 3847 2553 3907 Athalia
2593 3849 2891 3923 reynavit
2939 3868 3131 3926 super
3182 3862 3421 3916 terram

316 3948 397 4004 de
437 3946 662 4005 medio
689 3944 986 4021 filiorum
1024 3944 1194 4019 reyis
1232 3941 1539 4021 Ochoziae,
1579 3945 1697 4023 qui
1727 3946 1830 4005 in·
1935 3954 2169 4021 septem
2198 3946 2415 4005 annis,
2448 3946 2641 4005 Anno
2687 3955 2904 4006 autem
2943 3950 3208 4025 septimo
3238 3955 3420 4015 misit

318 4044 839 4121 terfieiebantur.
864 4041 1026 4105 Ecce
1055 4050 1294 4123 quanta
1326 4040 1353 4103 s
1359 4042 1451 4104 uit
1481 4043 1824 4105 crudelitas
1932 4046 2170 4105 Joiada
2188 4042 2492 4120 pontifeoe
2510 4063 2533 4101 .·
2553 4042 2737 4122 cujus
2768 4062 2927 4106 uxor
2956 4043 3223 4127 praefata
3247 4048 3421 4114 Josa-
3472 4067 3662 4117 laidem.

315 4149 520 4223 atque
555 4139 828 4203 ambitio
870 4138 1268 4221 impiissimae
1307 4138 1576 4203 Athaliae
1605 4141 1820 4222 hujuS,
1936 4141 2018 4203 ba
2049 4140 2191 4202 fuit.
2225 4139 2475 4203 Etenim
2508 4139 2709 4202 tribus
2748 4142 3178 4223 sacerdotaliS‚
3212 4165 3285 4210 ac
3326 4168 3421 4213 re—

316 4259 465 4321 quae
499 4238 814 4319 regnandi
847 4237 1118 4301 libidine
1149 4236 1474 4302 interfecit
1504 4238 1678 4302 filios
1701 4239 1826 4303 filii
1934 4240 2059 4321 gia,
2082 4247 2386 4320 tanquam
2416 4238 2643 4302 ceteris
2673 4239 3018 4320 dignioreS‚
3054 4240 3422 4326 frequenter

317 4338 442 4415 sui,
485 4356 696 4419 quum
739 4344 953 4399 tamen
1003 4335 1164 4399 aviae
1213 4335 1460 4399 soleant
1506 4337 1690 4401 valde
1734 4339 1828 4401 di·
1934 4347 2115 4401 erant
2143 4337 2549 4401 matrimonio
2577 4338 2833 4418 junctae.
2853 4338 2987 4413 Quo
3007 4350 3219 4405 autem
3248 4352 3314 4407 et
3340 4346 3419 4409 ad

317 4436 526 4516 ligere
562 4434 742 4498 filios
775 4454 848 4497 ac
889 4432 1064 4497 filias
1105 4434 1390 4498 filiorum
1431 4442 1495 4499 et
1535 4434 1820 4500 siliarum
1933 4454 2096 4518 quos
2132 4456 2206 4499 ac
2245 4444 2502 4518 propter
2536 4436 2693 4518 'quid
2734 4438 2981 4502 miserit
3007 4440 3246 4520 Joiada,
3288 4462 3418 4507 non

318 4552 615 4598 suarum.
651 4536 738 4596 Et
763 4536 1088 4595 nutricem
1117 4536 1260 4613 ejus
1295 4537 1374 4594 de
1415 4537 1725 4609 triclinio,
1759 4536 1823 4599 id
1934 4536 2063 4612 hic,
2087 4535 2199 4598 sed
2230 4535 2507 4598 secundo
2532 4535 3055 4618 Paralipomenon
3089 4540 3418 4621 recitatur,

317 4643 416 4696 est
463 4630 848 4707 coenacu103
897 4642 958 4694 et
1002 4634 1334 4694 abscondit
1382 4654 1530 4695 eum
1571 4654 1612 4694 a
1653 4637 1825 4715 faeie
1932 4653 2060 4716 quo
2100 4632 2333 4714 legitur
2369 4651 2382 4696 ε
2415 4633 2774 4717 Assumpsit
2814 4636 3219 4701 centuriones
3270 4639 3424 4703 Aza-
3465 4666 3711 4722 mamm,

317 4734 642 4803 Atlantico,
673 4741 910 4793 utnon
939 4733 1436 4810 interficeretur.
1935 4734 2094 4797 riam
2137 4742 2202 4797 et
2242 4734 2463 4797 ismael
2514 4744 2577 4797 et
2620 4734 2934 4813 Maasiam,
2985 4736 3098 4817 qui
3149 4737 3421 4801 eircum-
3452 4732 3553 4782 ¹⁹²·

395 4834 700 4911 Eratque
726 4850 877 4891 eum
903 4851 978 4891 ea
1007 4831 1085 4890 in
1112 4833 1299 4891 domo
1328 4833 1599 4892 Domini
1625 4837 1826 4902 elam,
1879 4872 1888 4880 -
1933 4839 2154 4895 euntes
2183 4831 2429 4910 Judam,
2464 4842 3009 4914 congregaverunt
3051 4835 3321 4914 LevitaS,
3359 4846 3422 4901 et

321 4930 383 4992 id
425 4938 530 4994 est
571 4928 847 5005 occulte,
881 4949 992 4990 sem
1019 4931 1238 4991 annis.
1272 4929 1452 4993 Circa
1489 4929 1625 4993 haec
1665 4931 1825 5013 Lyra
1934 4940 2004 4993 ut
2049 4931 2272 5012 adjicit
2309 4930 2641 5015 IosephuS,
2684 4931 2875 4995 etiam
2920 4934 3299 5012 sacerdote8‚
3342 4937 3423 5001 de

319 5028 560 5111 allegat
597 5036 660 5091 et
705 5026 1062 5110 approbare
1101 5026 1355 5092 videtur
1395 5028 1595 5091 Rabbi
1644 5027 1825 5093 Salo·
1853 5031 1904 5094 D
1935 5029 2182 5095 cunctis
2210 5029 2476 5092 urbibus
2502 5029 2680 5105 Juda,
2700 5038 2764 5093 et
2790 5030 3114 5113 principes
3148 5032 3422 5096 familia-

321 5146 606 5203 monem‚
630 5125 975 5203 dicentem,
996 5126 1167 5207 quod
1195 5124 1336 5190 Joas
1366 5136 1430 5189 et
1459 5126 1678 5190 nutrix
1711 5148 1825 5191 sua
1935 5147 2077 5192 rum
2108 5128 2320 5206 lsrael,
2352 5136 2789 5209 veneruntque
2823 5128 2886 5190 in
2923 5128 3299 5193 Jerusalem.
3334 5134 3421 5193 E't

322 5225 594 5290 fuerunt
613 5224 918 5289 custoditi
939 5225 1006 5286 in
1028 5224 1260 5289 solario
1283 5226 1529 5307 templi,
1547 5226 1627 5288 ad
1649 5228 1824 5307 quod
1935 5247 2261 5288 assumens
2289 5228 2689 5286 centuriones
2727 5236 2786 5286 et
2824 5228 3064 5287 milites
3100 5228 3423 5292 centurio-

320 5344 514 5389 nemo
543 5323 822 5387 audebat
847 5324 1169 5401 accedere,
1203 5322 1330 5386 nisi
1371 5325 1730 5388 sacerdotes
1761 5333 1823 5389 et
1932 5324 2124 5388 nibus
2172 5323 2301 5386 illis
2350 5323 2670 5405 subjectos
2720 5340 2734 5385 τ
2788 5331 2851 5386 et
2900 5332 3082 5387 erant
3127 5326 3419 5408 quinque

576 5458 644 5512 T.
680 5457 732 5507 4.
3138 5460 3169 5508 4
