4309 6259
844 523 1192 570 manna-rio
1235 524 1297 570 ιΝ
1340 524 1475 570 m.
1524 523 1671 568 xxtv
1714 523 1871 569 unni
1912 523 2137 578 Quium
2179 524 2402 570 ancum.
2447 543 2528 554 —
2567 526 2712 572 aar.
2756 524 2906 571 xxvi
3191 565 3200 572 .
3332 509 3411 572 93

68 713 294 763 amnas.

318 791 479 854 bilia
507 792 754 873 judicia
784 792 915 869 Dei,
959 792 1235 874 qualiter
1275 792 1551 855 ubertim
1591 811 1667 854 ex
1709 811 1820 874 op-

320 890 495 953 timis
528 890 907 972 parentibus
944 899 1327 970 generentur
1373 890 1495 952 sitii
1531 890 1815 973 pessimi,

318 989 487 1052 sicut
529 1009 607 1052 ex
635 989 807 1052 Josia
846 988 973 1050 filii
1013 989 1153 1070 ejus
1190 987 1480 1070 praefati;
1524 997 1586 1051 et
1629 1007 1819 1051 econ-

78 1105 289 1160 wfleysvz.
320 1105 529 1163 verso,
556 1087 726 1150 sicut
754 1105 831 1150 ex
864 1087 1247 1169 impiissimo
1277 1086 1479 1150 Achaz
1514 1094 1697 1148 natus
1726 1094 1823 1149 est

68 1171 289 1218 ²²“¹⁸'·¹·³·
319 1185 656 1265 piissimus
704 1185 1025 1262 EzechiaS,
1078 1193 1141 1248 et
1198 1205 1275 1248 cx
1334 1184 1821 1247 sceleratissimo

92 1297 195 1378 sisa.
214 1312 289 1376 ¹³5¹·
318 1285 548 1362 Arnon,
574 1285 1016 1347 sanctissimus
1048 1284 1167 1346 iste
1184 1284 1408 1348 Josias.
1434 1283 1537 1346 Sic
1564 1302 1822 1364 quoque

70 1364 183 1448 “²²³3
216 1365 289 1414 ²⁰³
320 1383 386 1444 in
417 1401 589 1446 novo
611 1385 1048 1459 ‘TestamentQ
1074 1402 1149 1446 ex
1180 1382 1655 1466 reprobissimis
1686 1382 1817 1443 nati

400 693 749 772 PostremO,
784 713 861 756 ex
890 693 1079 757 dictis
1110 702 1332 777 patent
1372 694 1819 776 imperscruta-
1846 694 1898 755 A
1928 702 2077 757 sunt
2122 694 2308 757 multi
2358 695 2726 758 electissimi
2775 695 3110 777 utriusque
3159 715 3346 758 sexus
3391 713 3408 759 :

1928 794 2099 874 quod
2129 793 2197 854 in
2228 795 2611 875 martyribus
2643 794 2876 857 sanctis
2921 793 3202 876 apertius
3233 795 3418 858 inno-

1932 891 2136 953 tescit.
2169 889 2482 953 Multoties
2515 899 2722 954 tamen
2765 890 3100 971 contingit,
3135 892 3306 973 quod
3339 910 3416 953 ex

1930 988 2232 1051 virtuosis
2278 989 2648 1069 parentibus
2695 988 2979 1070 gignitur
3027 989 3236 1071 proles
3294 989 3421 1052 ele-

1931 1095 2051 1150 cta.
2092 1087 2288 1149 Nemo
2331 1087 2524 1166 igitur
2572 1088 2650 1149 de
2699 1095 3032 1169 parentum
3085 1088 3419 1150 sanctitate

1931 1193 2293 1269 praesumat,
2317 1195 2426 1249 aut
2458 1186 2878 1267 negligentior
2918 1185 3069 1260 fiat3
3095 1205 3303 1268 neque
3333 1187 3416 1250 ob

1932 1285 2464 1367 praedecessorum
2499 1301 2758 1346 suorum
2781 1284 3175 1366 impietatem
3197 1285 3417 1368 despe-

1930 1383 2176 1445 ratione
2206 1381 2555 1462 frangatur.

1288 1869 1295 1876 ·
1361 1808 2012 1895 ARTICULUS
2094 1810 2374 1895 XXVI

452 2082 817 2129 ELUcmA'rlo
859 2082 1137 2128 CAPITUm
1176 2080 1439 2126 vlczsuss
1485 2081 1711 2136 QUARTI
1752 2081 1767 2125 2
1814 2079 1877 2125 IN
1917 2080 2130 2127 DIEBUS
2173 2081 2311 2127 mus
2352 2045 2648 2128 Asamum·
2688 2085 3274 2133 NABUCHODONOSOR.

464 2363 545 2425 IC
598 2361 797 2425 refert
844 2361 1189 2443 Scriptura,
1246 2359 1521 2440 qualiter
1567 2358 1810 2422 Joakim
1849 2355 1896 2418 B
1921 2375 2113 2438 quam
2160 2356 2411 2439 plebem
2453 2360 2531 2421 ad
2583 2359 3019 2425 ulciscendum
3065 2373 3408 2457 transgres-

486 2461 672 2524 silius
691 2459 877 2524 Josiae
908 2459 1289 2540 regnaverit,
1316 2467 1380 2521 et
1408 2459 1487 2520 dc
1518 2457 1661 2520 filio
1680 2458 1816 2521 Joa-

310 2561 467 2622 kim.
504 2565 595 2622 In
639 2563 863 2621 diebus
900 2561 1067 2638 ejus,
1096 2558 1399 2622 videlicet
1437 2567 1661 2620 octavo
1704 2577 1815 2618 an-

310 2676 393 2720 no
433 2658 627 2740 regni
655 2657 901 2721 Joakim
952 2655 1077 2718 filii
1119 2656 1325 2734 Josiae,
1358 2659 1647 2717 ascendit
1678 2658 1815 2719 Na-

310 2758 795 2818 buchodonosor
844 2777 963 2816 reoe
1004 2757 1365 2832 Babylonis
1414 2755 1495 2816 ad
1546 2772 1811 2834 regnum

307 2854 489 2930 Juda,
526 2863 593 2917 et
636 2854 705 2916 in
750 2872 825 2917 eo
868 2872 1015 2916 cum
1055 2852 1302 2934 ingenti
1342 2853 1621 2915 exercitu
1669 2852 1813 2914 fixit

309 2964 541 3017 castra.
577 2953 787 3028 Quum
818 2952 993 3015 enim
1036 2960 1395 3034 superasset
1422 2951 1809 3014 Pharaonem

307 3052 564 3116 Nechao
616 3070 833 3131 regem
878 3050 1161 3133 AEgypti‚
1212 3059 1274 3112 et
1323 3058 1519 3112 totam
1570 3049 1813 3132 Syriam

309 3151 593 3234 cepisset
635 3167 841 3231 usque
870 3148 1215 3226 Pelusium,
1252 3157 1479 3230 praeter
1506 3148 1808 3225 Judaeam,

310 3249 519 3312 voluit
546 3265 809 3331 quoque
853 3266 995 3309 eam
1038 3265 1169 3309 suae
1208 3245 1525 3326 subjicere
1554 3246 1808 3309 ditioni.

310 3347 505 3429 Cujus
555 3353 936 3428 potestatem
981 3364 1052 3407 ac
1094 3345 1303 3406 minas
1344 3353 1635 3408 metuens
1682 3344 1816 3406 Joa-

1921 2455 2133 2518 siones
2163 2475 2406 2534 eorum,
2425 2458 2632 2534 juxta
2663 2462 2924 2521 verbum
2943 2465 3215 2524 Domini
3236 2468 3408 2545 quod
3491 2494 3544 2538 w
3571 2496 3682 2551 Rea.

1924 2557 2168 2614 loeutus
2193 2557 2414 2634 fuerat
2448 2576 2568 2634 per
2602 2577 2812 2618 servos
2851 2579 2997 2620 suos
3023 2563 3402 2638 Propheta-3.
3435 2573 3549 2611 ¹¹¹¹'v
3577 2561 3645 2602 ²⁷·

1921 2655 2198 2714 Factum
2224 2663 2312 2714 esl
2342 2663 2561 2714 autem
2600 2657 2715 2716 hoe
2737 2675 2856 2733 per
2898 2661 3160 2720 verbum
3189 2664 3411 2722 Domi-

1920 2753 2022 2821 ni,
2054 2750 2117 2812 id
2148 2759 2244 2814 est
2280 2771 2408 2814 non
2439 2752 2578 2815 sine
2610 2754 2845 2835 praevia
2876 2759 3410 2837 praenuntiatione

1923 2848 2053 2925 Dei,
2106 2850 2221 2930 qui
2269 2868 2383 2931 per
2427 2850 2767 2933 Prophetas
2815 2852 2984 2916 istud
3044 2854 3411 2937 frequenter

1920 2947 2234 3028 praedixit,
2267 2957 2487 3009 contra
2515 2953 2786 3020 ludam,
2825 2962 2897 3012 ut
2937 2955 3226 3031 auferret
3262 2976 3412 3018 eum

1921 3046 1999 3107 de
2041 3054 2208 3108 terra
2254 3065 2368 3108 sua
2405 3046 2470 3108 in
2511 3047 2892 3127 Chaldaeam,
2947 3071 3164 3114 coram
3209 3075 3294 3128 se,
3347 3055 3411 3116 id

1919 3151 2037 3220 cst,
2089 3143 2229 3226 ipso
2275 3145 2542 3208 Domino
2587 3145 2874 3211 intuente
2917 3159 3177 3231 peccata
3227 3155 3406 3233 regni

1917 3241 1949 3303 J
1954 3243 2076 3304 uda
2104 3244 2183 3305 ad
2206 3242 2603 3324 puniendum
2623 3243 2744 3306 hoc
2765 3247 2974 3323 modo,
2995 3259 3258 3328 propter
3268 3271 3411 3328 pec-

1920 3351 2065 3401 cala
2094 3344 2415 3402 Manassae
2451 3343 2758 3403 universa
2795 3364 2937 3422 quae
2965 3348 3146 3422 fecit,
3173 3358 3233 3409 el
3265 3369 3411 3427 pro-

312 3448 443 3509 kim
472 3447 663 3528 (quia
684 3464 886 3526 quum
906 3444 1144 3526 impius
1176 3452 1365 3521 esset,
1390 3463 1519 3506 non
1538 3442 1815 3506 considit
1908 3450 2059 3516 pler
2088 3439 2438 3500 innooeium
2465 3443 2848 3517 sanquinem
2868 3463 3056 3522 quem
3074 3449 3331 3522 effudit,
3350 3458 3410 3510 el
3465 3465 3584 3512 ιῡεαι.
3612 3480 3698 3518 121,

312 3545 377 3606 in
412 3547 591 3625 Deo),
632 3551 697 3608 et
738 3562 963 3626 pacem
1002 3561 1146 3605 cum
1189 3559 1335 3622 rege
1388 3550 1514 3604 tam
1554 3550 1813 3623 potente
1838 3544 1881 3607 C
1918 3539 2212 3616 implevit
2253 3540 2610 3599 Jerusalem
2657 3559 2881 3600 cruore
2938 3543 3408 3619 innocencium,

312 3643 549 3706 habere
576 3641 979 3717 desideranS,
1004 3639 1282 3720 subjecit
1310 3659 1379 3702 se
1409 3639 1527 3716 illi,
1554 3639 1813 3721 promit-

311 3752 447 3806 tens
479 3743 543 3805 ei
585 3743 743 3804 dare
787 3741 1050 3816 tributa,
1083 3739 1249 3803 sicut
1280 3739 1715 3820 subjungitur,
1751 3749 1811 3801 el

310 3846 525 3922 factus
556 3851 649 3902 est
678 3841 742 3900 ei
765 3840 1027 3900 Joakim
1054 3859 1274 3898 servus
1306 3837 1677 3900 tributarius
1702 3841 1813 3898 tri-

312 3942 423 4000 bus
449 3941 686 4009 annis;
708 3948 770 3998 et
797 3957 1029 3998 rursus
1048 3938 1384 3996 rebellavit
1402 3945 1627 3997 eontra
1645 3956 1811 4006 eum,

313 4037 375 4098 id
413 4047 535 4114 est,
572 4036 713 4117 regi
746 4034 1087 4116 Babylonis
1134 4033 1371 4095 tributa
1420 4033 1668 4096 solvere
1718 4053 1812 4096 re-

312 4135 453 4198 nuit
484 4135 680 4198 tertio
710 4151 880 4196 anno
912 4137 1022 4194 aut
1051 4141 1277 4213 quarto
1312 4149 1325 4192 :
1362 4130 1534 4211 quia,
1560 4140 1629 4193 ut
1646 4131 1812 4195 Jose-

312 4233 476 4314 phus
509 4231 737 4309 refert,
772 4230 1061 4313 percepit
1090 4230 1261 4311 quod
1292 4230 1532 4291 Pharao
1562 4229 1810 4293 Nechao

314 4350 534 4393 rursus
563 4330 937 4411 disponeret
957 4347 1027 4391 se
1046 4329 1125 4390 ad
1146 4327 1560 4409 pugnandum
1592 4335 1813 4390 contra

314 4428 677 4513 Babyloniae
699 4447 945 4509 regem3
976 4426 1119 4490 ideo
1149 4445 1413 4508 sperans
1442 4425 1613 4506 quod
1635 4426 1811 4508 AEgy-

312 4528 427 4608 ptii
462 4525 911 4610 praevalerent,
929 4535 993 4588 et
1022 4525 1289 4606 cupiens
1322 4523 1453 4603 regi
1474 4524 1748 4606 AEgypti,
1773 4543 1811 4586 a

310 4644 439 4706 quo
478 4627 693 4688 factus
746 4623 872 4685 fuit
919 4643 1048 4700 rex,
1098 4622 1493 4704 complacere
1538 4631 1729 4704 atque
1772 4642 1809 4685 a

314 4724 551 4788 tributo
582 4721 942 4798 exonerari,
978 4721 1235 4801 negavit
1263 4720 1360 4782 illi
1389 4720 1724 4783 tributum.

1916 3634 2266 3698 occidendo
2288 3636 2628 3717 prophetas
2656 3645 2720 3700 et
2746 3637 2905 3700 alios
2921 3639 3126 3720 justos
3157 3642 3224 3705 in
3243 3644 3411 3708 Jeru-

1918 3733 2135 3810 salem,
2173 3741 2244 3795 ut
2273 3733 2542 3796 habetur
2572 3754 2783 3816 supra.
2817 3736 2930 3800 Hic
2965 3758 3183 3802 rursus
3204 3741 3408 3805 oritur

1918 3829 2296 3908 difficultas,
2322 3831 2598 3913 qualiter
2627 3843 2887 3915 propter
2916 3847 3174 3917 peccata
3201 3847 3264 3901 et
3294 3839 3408 3904 ho—

1920 3928 2180 3992 micidia
2221 3931 2516 3992 Manassae
2558 3930 2721 3992 Deus
2771 3933 3054 4013 punierit
3095 3937 3402 4018 populum

1915 4029 2075 4091 Juda
2105 4037 2388 4110 tempore
2415 4028 2691 4105 Joakim3
2726 4037 2791 4092 et
2819 4031 2897 4093 de
2927 4031 3049 4094 hoc
3083 4033 3148 4095 in
3181 4054 3406 4117 praece-

1915 4125 2094 4189 denti
2123 4125 2390 4188 articulo
2419 4133 2516 4188 est
2535 4126 2830 4207 aliqualis
2860 4129 3008 4192 data
3038 4133 3400 4213 responsio:
3450 4166 3696 4218 mamm,

1917 4223 2069 4306 quia
2106 4233 2170 4287 et
2212 4223 2486 4306 populus
2537 4233 2680 4306 post
2722 4224 2958 4289 Josiam
3009 4238 3261 4293 secutus
3310 4243 3407 4296 est
3433 4229 3502 4272 ²⁶·

1918 4330 2176 4406 peccata
2203 4323 2520 4400 Manassae,
2555 4331 2618 4386 et
2647 4323 2837 4386 etiam
2869 4335 3130 4408 propter
3149 4340 3408 4411 peccata

1916 4420 2410 4503 praecedentium
2441 4422 2604 4484 Deus
2634 4423 3065 4487 detestabatur
3098 4427 3308 4491 locum
3338 4440 3403 4494 et

1915 4520 2162 4582 urbem.
2193 4519 2436 4583 Joakim
2466 4539 2723 4602 quoque
2759 4521 2992 4588 occidit
3020 4524 3232 4588 Uriam
3261 4548 3404 4610 pro—
3469 4563 3548 4607 J„

1914 4618 2170 4700 phetam
2190 4638 2227 4681 a
2247 4636 2376 4699 quo
2397 4617 2870 4700 corripiebatur.
2895 4621 3232 4687 Jeremiam
3253 4644 3401 4707 quo-
3431 4627 3498 4668 23·
3549 4595 3562 4608 ‘
3579 4578 3690 4618 xm,

1838 4733 1888 4794 D
1914 4736 2037 4798 que
2057 4716 2260 4781 voluit
2289 4735 2456 4798 saepe
2476 4716 2780 4794 occidere,
2796 4719 2906 4780 sed
2923 4719 3229 4785 Dominus
3250 4743 3397 4788 eum
3441 4752 3692 4812 tomum,

368 4824 781 4901 Immisilque
800 4823 865 4880 ei
876 4821 1195 4881 Dominus
1212 4823 1612 4880 latrunculos
1631 4823 1809 4881 Chal-
1912 4815 2270 4879 abscondit.
2303 4815 2423 4879 Sed
2453 4824 2517 4879 et
2546 4816 2705 4880 alios
2731 4818 2935 4898 justos
2981 4824 3402 4903 persequeba-
3429 4817 3496 4858 ²⁶·

308 4925 621 4992 doeorum,
654 4927 713 4979 el
750 4921 1154 4980 latrunculos
1182 4921 1234 4980 S
1233 4919 1422 4996 yrioe,
1454 4928 1513 4978 el
1556 4922 1809 4979 latrun—

310 5024 485 5080 culos
528 5020 742 5090 Moab,
775 5027 837 5078 el
884 5020 1285 5077 lalruneulos
1323 5017 1617 5095 filiorum
1660 5019 1811 5078 Am-

316 5139 487 5190 mon,
526 5127 587 5178 el
630 5117 913 5176 immisit
956 5135 1056 5174 eos
1094 5117 1167 5174 in
1193 5117 1459 5184 Iudam,
1494 5113 1557 5175 id
1602 5123 1700 5177 est
1740 5115 1808 5177 in

320 5215 625 5298 populum
660 5212 831 5294 regis
869 5211 1049 5287 suda,
1086 5222 1157 5272 ul
1200 5215 1590 5290 disperderet
1633 5234 1806 5288 eum,

321 5314 383 5375 id
414 5322 533 5390 est,
566 5311 766 5376 variis
807 5308 1015 5372 modis
1050 5307 1377 5390 affligeret
1424 5319 1550 5372 tam
1594 5325 1807 5388 regem

1914 4923 2040 4991 tur,
2073 4923 2267 4996 atque
2299 4914 2365 4976 in
2395 4923 2487 4978 tot
2523 4915 2899 4978 criminibus
2933 4919 3205 5000 populus
3246 4942 3398 4986 suus

1915 5012 2037 5074 sibi
2068 5013 2602 5075 communicavit:
2628 5013 2846 5093 sicque
2865 5013 3240 5080 ‘imitabatur
3267 5039 3404 5082 om-

1916 5132 2059 5176 nem
2092 5112 2486 5195 impietatem
2517 5110 2834 5188 Manassae,
2871 5129 2998 5174 non
3030 5121 3240 5177 autem
3270 5135 3404 5198 poe-

1916 5211 2251 5274 nitentiam
2279 5210 2442 5291 ejus,
2477 5213 2564 5271 Ει
2592 5212 2668 5270 ob
2695 5211 2864 5270 hanc
2890 5230 3024 5270 rem
3054 5216 3405 5277 noluitDo-

1916 5313 2135 5372 minus
2154 5310 2538 5386 propitiari,
2574 5307 2637 5369 id
2669 5314 2763 5369 est
2807 5307 3090 5390 ipsorum
3121 5315 3400 5394 peccatis
