4309 6259
629 1256 763 1301 Jotue
781 1271 853 1310 ιιι,

591 1322 709 1364 9-24.

629 2442 775 2486 Eecli.
792 2455 848 2493 vn,

589 2506 629 2557 7,
645 2508 686 2547 8.

583 2833 706 2879 [bid.
723 2849 792 2887 ιιι,
807 2839 848 2879 9.

581 4121 842 4227 116ὀὲᾰαιάί,

888 464 1006 529 336

1775 486 2123 533 mannum
2165 487 2227 532 IN
2269 486 2404 533 cn.
2452 485 2497 531 11
2537 486 2663 532 1013.
2708 506 2788 518 -
2828 488 2970 533 ART.
3006 488 3091 533 vn

886 661 1182 734 parentes
1221 662 1285 717 et
1323 655 1577 736 cognati
1617 656 1778 738 ejus,
1813 654 2184 719 Ambrosius
2222 674 2377 738 quo-
2405 658 2456 721 A
2486 658 2943 739 compassionis
2966 655 3982 735 vehementiffiploravemnmcis-

887 768 1012 831 que
1055 750 1119 813 in
1163 751 1327 815 libro
1373 754 1452 815 de
1492 753 1767 830 Officiis,
1803 754 2089 820 nominat
2131 774 2238 817 eos
2282 774 2378 819 re-

882 865 1016 927 ges,
1051 850 1180 912 Illis
1211 850 1452 933 quippe
1484 853 1876 935 temporibus
1907 871 2084 933 reges
2116 854 2372 935 quidem

885 966 1013 1010 non
1046 958 1227 1012 erant
1259 959 1351 1013 tot
1382 951 1670 1027 urbibuS,
1697 952 1852 1015 locis
1885 971 1995 1015 seu
2021 953 2193 1015 villis
2224 971 2377 1035 prae-

885 1046 1186 1125 sidenteS‚
1237 1056 1305 1110 ut
1353 1051 1540 1113 modo
1582 1051 2030 1128 communiter,
2065 1060 2254 1134 prout
2300 1071 2377 1114 ex

885 1144 1049 1208 libro
1078 1146 1268 1209 Josue
1297 1156 1566 1210 constat.
1594 1148 1919 1231 Siquidem
1943 1149 2066 1211 filii
2096 1150 2285 1211 lsrael
2309 1149 2375 1211 in

885 1251 1052 1307 terra
1097 1245 1394 1308 Chanaan
1445 1248 1816 1311 occiderunt
1866 1248 2126 1329 triginta
2176 1268 2375 1311 unum

885 1360 1084 1423 reges.
1110 1344 1286 1407 Unde
1323 1354 1388 1408 et
1417 1345 1539 1408 viri
1581 1346 1647 1407 hi
1695 1356 1821 1409 tres
1853 1366 1890 1409 a
1931 1347 2063 1409 suis
2111 1347 2376 1409 urbibus

884 1460 995 1503 seu
1036 1442 1219 1505 terris
1262 1444 1642 1525 cognomina
1680 1446 2053 1507 sortiuntur.

965 1542 1405 1603 Condioeerant
1453 1545 1630 1604 enim
1680 1542 1825 1620 sibi,
1859 1554 1931 1605 uc
1973 1532 2379 1622 pariter-ve-

880 1642 1154 1711 niente3‚
1196 1644 1541 1704 visitarent
1577 1664 1726 1704 eum
1763 1655 1824 1705 ec
1865 1649 2371 1705 consolarentur.

881 1736 958 1798 Et
987 1746 1164 1819 puto,
1199 1740 1370 1820 quod
1414 1758 1540 1803 non
1583 1740 1722 1803 sine
1759 1760 1989 1822 magna
2036 1751 2098 1805 et
2146 1742 2378 1805 conde-

2481 758 2693 835 sisque
2739 758 3033 829 vestibus,
3066 757 3143 819 ad
3188 755 3477 817 moeroris
3527 753 3859 827 indicium,
3906 758 3973 813 et

2486 863 2554 915 ut
2601 855 2838 917 nudato
2878 862 3321 935 congruerent,
3354 862 3728 931 sparserunt
3746 855 3977 929 pulve-

2486 972 2621 1013 rem.
2649 974 2841 1030 super
2880 964 3074 1031 caput
3116 974 3311 1014 suum
3351 954 3424 1012 in
3460 956 3713 1020 coelum,
3755 949 3819 1011 id
3850 960 3971 1023 est,

2487 1050 2815 1132 pulverem
2848 1051 2915 1113 in
2946 1070 3155 1114 aerem
3192 1049 3636 1132 projiciebant,
3658 1056 3721 1111 et
3748 1045 3977 1129 capiti-

2486 1147 2605 1210 bus
2655 1157 3221 1231 superposuerunt,
3256 1169 3293 1211 a
3334 1150 3459 1211 Deo
3497 1146 3641 1211 coeli
3690 1145 3975 1209 consola-

2486 1246 2721 1310 tionem
2754 1258 3107 1330 poscentes‚
3134 1256 3198 1311 et
3226 1267 3411 1310 suum
3442 1244 3745 1309 affectum
3778 1253 3974 1325 atque

2486 1343 2791 1409 effectum
2822 1345 3088 1410 affectui
3109 1345 3505 1427 effectuique
3524 1344 3708 1407 amici
3734 1342 3973 1406 afflicti

2488 1444 2770 1508 fideliter
2807 1444 3302 1522 conformanteS,
3340 1464 3484 1507 cum
3534 1442 3869 1505 humiliato
3909 1451 3975 1505 et

2484 1543 2732 1625 dejecto
2778 1564 2847 1607 se
2885 1544 3299 1607 humiliantes
3341 1562 3415 1605 ac
3461 1540 3855 1624 dejicienteS,
3912 1550 3975 1603 et

2484 1642 2721 1704 malum
2755 1643 2957 1724 ipsius
2989 1642 3170 1724 quasi
3203 1641 3531 1724 proprium
3560 1640 3973 1716 aestimanteS‚

2488 1748 2557 1802 ut
2586 1741 2867 1804 amicitia
2899 1762 3050 1806 vera
3080 1741 3371 1823 requirit,
3394 1741 3547 1823 quia
3572 1748 3636 1802 et
3664 1739 3783 1802 hoc
3814 1758 3979 1820 prae-

881 1836 1050 1898 centi
1101 1835 1344 1899 familia
1403 1839 1822 1902 advenerunt.
1874 1840 1941 1902 ln
1993 1840 2114 1903 hoc
2162 1848 2373 1903 autem
2414 1843 2457 1904 B
2488 1838 2705 1902 sertim
2738 1840 2897 1902 lenit
2932 1838 3167 1903 afflicti
3197 1838 3502 1915 dolorem,
3539 1838 3791 1901 dicente
3830 1836 3979 1899 Gre-

880 1934 1179 1997 condictu
1213 1944 1277 1999 et
1303 1938 1668 2001 visitatione
1700 1939 1820 2002 hac
1851 1941 2265 2003 ostenderunt
2308 1958 2377 2002 se

880 2050 1063 2095 veros
1109 2034 1369 2112 amicoS,
1407 2036 1558 2116 quia
1598 2038 1872 2101 amicum
1914 2058 2102 2101 suum
2150 2040 2217 2101 in
2268 2057 2377 2101 ne-

879 2131 1196 2209 cessitate,
1237 2132 1622 2212 afflictione,
1659 2136 1873 2219 inopia
1919 2157 2049 2201 non
2101 2137 2377 2219 relique-

881 2239 1063 2292 runt:
1087 2233 1254 2295 unde
1274 2241 1334 2294 et
1357 2234 1546 2296 simul
1569 2246 1897 2311 venerunt,
1913 2246 1980 2299 ut
2000 2236 2376 2316 gravissime

879 2327 1198 2393 afflictum
1234 2331 1663 2396 abundantius
1695 2334 1932 2415 pariter
1972 2334 2377 2397 consolaren-

881 2436 1002 2489 tur.
1036 2429 1196 2493 Hinc
1225 2429 1290 2491 in
1323 2431 1768 2495 Ecclesiastico
1801 2433 2073 2496 habetur
2097 2452 2111 2495 :
2138 2433 2200 2495 Si
2234 2453 2375 2515 pos-

881 2527 1046 2591 sides
1075 2528 1375 2605 amicum,
1411 2530 1476 2591 in
1523 2530 1874 2594 tentatione
1903 2532 2161 2613 posside
2200 2552 2369 2609 eum,

881 2633 944 2688 et
975 2644 1053 2689 ne
1085 2626 1280 2690 facile
1313 2628 1535 2691 credas
1577 2628 1635 2691 ei
1670 2636 1730 2691 te
1769 2628 1979 2711 ipsum
2016 2647 2030 2692 ε
2064 2639 2162 2693 est
2201 2630 2371 2694 enim

879 2726 1122 2789 amicus
1169 2727 1517 2789 secundum
1569 2735 1819 2809 tempus
1878 2748 2084 2806 suum,
2136 2738 2201 2791 et
2244 2748 2371 2792 non

879 2833 1209 2905 permanet
1242 2824 1307 2886 in
1337 2825 1442 2887 die
1476 2825 1930 2889 tribulationis.
1965 2827 2040 2889 Et
2065 2827 2220 2889 alibi
2257 2846 2270 2889 :
2304 2828 2371 2890 In

880 2922 1138 2985 tristitia
1177 2922 1298 2986 viri
1343 2924 1586 2986 amicus
1627 2925 1883 3006 agnitus
1931 2935 2049 2989 est.
2085 2927 2372 3008 Denique

2484 1938 2663 2016 gorio
2713 1955 2727 1999 :
2772 1937 2936 2002 Ordo
2982 1936 3433 2001 consolationis
3476 1945 3593 2012 est,
3645 1944 3717 1997 ut
3760 1955 3971 2017 quum

2484 2036 2779 2099 volumus
2826 2037 3191 2119 quempiam
3237 2035 3559 2099 afflictum
3606 2054 3643 2096 a
3690 2051 3975 2097 moerore

2484 2135 2883 2216 suspendere,
2898 2135 3263 2197 studeamus
3284 2134 3461 2216 prius
3482 2133 3807 2195 moerendo
3828 2133 3975 2212 ejus

2485 2232 2683 2295 luctui
2715 2234 3120 2297 concordare.
3155 2232 3481 2295 Dolentem
3521 2249 3795 2312 namque
3840 2248 3975 2293 non

2484 2341 2691 2414 potest
2718 2332 3055 2409 consolari,
3089 2331 3198 2413 qui
3248 2350 3375 2394 non
3423 2331 3763 2393 concordat
3796 2330 3977 2393 dolo-

2486 2430 2538 2491 ri
2576 2448 2590 2491 :
2624 2430 2777 2511 quia
2812 2449 2887 2495 eo
2927 2430 3067 2513 ipso
3114 2448 3244 2512 quo
3288 2449 3325 2491 a
3368 2428 3697 2492 moerentis
3746 2427 3975 2491 dolore

2484 2528 2821 2611 discrepat,
2864 2528 3079 2591 minus
3124 2527 3205 2590 ab
3244 2528 3356 2591 illo
3398 2526 3722 2610 recipitur,
3755 2546 3793 2588 a
3840 2545 3977 2608 quo

2482 2628 2718 2691 mentis
2771 2627 3077 2709 qualitate
3136 2634 3483 2710 separatur.
3527 2626 3740 2707 Neque
3794 2625 3975 2689 enim

2484 2725 2724 2789 ferrum
2772 2725 2943 2789 ferro
2991 2725 3423 2808 conjungitur,
3456 2725 3511 2787 si
3556 2743 3683 2788 non
3728 2733 3977 2787 utrum-

2480 2846 2607 2907 que
2636 2824 2966 2888 exustione
2998 2824 3164 2906 ignis
3197 2824 3498 2905 liquetur.

2562 2928 2645 2987 Et
2673 2928 2975 2985 sederunt
3012 2944 3160 2984 cum
3190 2944 3258 2983 eo
3279 2924 3351 2983 in
3384 2932 3553 2983 terra
3586 2943 3608 2981 .·
3639 2922 3806 3001 quod
3838 2940 3977 2983 ma·-

877 3020 1067 3083 amici
1107 3022 1448 3103 praesentia
1485 3032 1547 3086 ct
1586 3025 1922 3106 adspectus
1963 3026 2371 3090 consolatorii
2400 3026 2444 3091 C
2480 3042 2621 3105 gnae
2650 3023 2891 3085 exstitit
2926 3020 3348 3096 humilitatis3
3388 3029 3621 3097 septem
3658 3022 3885 3081 diebus
3914 3031 3975 3082 et

877 3127 1048 3196 sunt,
1083 3128 1146 3181 et
1186 3122 1539 3183 amicorum
1581 3123 1940 3206 compassio
1977 3124 2369 3188 consolativa

876 3225 973 3279 est-
1006 3235 1019 3280 :
1054 3218 1206 3299 quia
1228 3238 1341 3301 per
1371 3220 1535 3283 hanc
1564 3220 1935 3299 adversitas,
1955 3241 2097 3303 quae
2127 3233 2224 3285 est
2248 3223 2374 3287 vel-

875 3324 946 3377 ut
983 3335 1143 3379 onus
1186 3336 1398 3398 grave,
1447 3319 1651 3383 levius
1691 3318 1914 3382 fertur.
1951 3320 2026 3381 Et
2063 3322 2369 3402 quoniam

875 3414 1507 3479 delectabilissimum
1553 3426 1649 3481 est
1686 3438 1938 3483 sumere
1975 3420 2372 3502 experimen-

875 3519 1008 3573 tum
1041 3513 1120 3575 de
1157 3514 1438 3577 amicitia
1479 3515 1778 3597 alicujuS,
1817 3518 1988 3597 quod
2037 3518 2371 3599 potissime

877 3609 1189 3691 accipitur
1219 3630 1295 3674 ex
1325 3612 1767 3694 compassione
1799 3614 1865 3675 in
1901 3614 2183 3677 adversis
2213 3639 2227 3689 ;
2276 3615 2371 3679 id-

874 3708 1044 3771 circo
1085 3709 1445 3791 compassio
1494 3710 1559 3772 in
1595 3719 1902 3792 quantum
1956 3713 2034 3774 de
2082 3714 2371 3777 consola-

872 3806 1048 3869 tione
1103 3808 1386 3883 adducit,
1449 3817 1696 3871 tantum
1742 3790 1821 3872 de
1873 3808 2235 3873 afflictione
2277 3812 2371 3873 di-

875 3904 1051 3968 rimit
1114 3924 1127 3968 :
1190 3906 1450 3970 tristitia
1509 3927 1786 3989 namque
1843 3927 1919 3971 ex
1977 3909 2369 3973 admixtione

873 4004 1314 4068 delectationis
1356 4005 1714 4068 alleviatur.
1748 4006 2008 4089 Propter
2046 4009 2220 4088 quod
2262 4008 2369 4072 Ec-

871 4104 1266 4167 clesiasticus
1314 4104 1403 4165 ait
1437 4122 1450 4165 ε
1486 4103 1742 4167 Amicus
1785 4104 2020 4184 fidelis,
2054 4107 2366 4188 protectio

2479 3132 2711 3199 septem
2738 3123 3029 3183 noctibus
3060 3140 3083 3181 .·
3112 3121 3283 3202 quod
3312 3137 3558 3199 magnae
3599 3117 3721 3181 suit
3759 3118 3978 3199 longa-

2479 3218 2812 3282 nimitatis,
2864 3218 3054 3282 Porro
3100 3217 3435 3298 Gregorius
3494 3215 3795 3298 relinquit
3848 3218 3975 3280 sub

2479 3318 2697 3395 dubio,
2722 3336 2805 3379 an
2837 3326 2967 3380 toto
2997 3326 3281 3399 tempore
3314 3317 3431 3379 hoc
3460 3315 3763 3378 continue
3790 3334 3977 3377 man-

2479 3417 2679 3481 serint
2725 3436 2964 3493 secum,
3016 3435 3097 3478 an
3148 3413 3520 3497 frequenter
3568 3414 3976 3476 visitaverim

2478 3536 2623 3579 eum
2671 3514 2843 3578 infra
2874 3515 2989 3578 hos
3032 3514 3190 3577 dies,
3226 3512 3495 3575 Thomas
3538 3530 3687 3576 vero
3728 3510 3977 3601 aliique

2478 3612 2904 3677 communiter
2922 3611 3167 3687 dicunt,
3188 3611 3359 3693 quod
3382 3628 3509 3673 non
3542 3610 3847 3674 continue
3883 3609 3973 3672 ibi

2478 3731 2691 3775 secum
2736 3710 3018 3787 fuerunt,
3060 3710 3171 3773 sed
3218 3709 3720 3789 congruentibus
3768 3708 3971 3771 horis.

2478 3810 2927 3873 Verumtamen
2957 3808 3355 3872 considerata
3399 3806 3841 3888 magnitudine
3888 3806 3978 3869 di-

2480 3908 2771 3971 lectionis
2802 3928 3023 3972 eorum
3042 3908 3122 3969 ad
3141 3907 3279 3984 Job,
3304 3916 3366 3970 ct
3386 3906 3703 3988 quomodo
3737 3905 3801 3967 in
3820 3906 3976 3967 aliis

2478 4005 3040 4070 conformaverunt
3070 4025 3139 4069 se
3168 4005 3249 4081 ei,
3275 4004 3486 4088 potius
3515 4004 3791 4067 arbitror
3818 4023 3973 4066 cum

2478 4106 2777 4185 Gregorio
2806 4104 3250 4181 dubitandum,
3283 4123 3470 4186 quam
3513 4102 3767 4166 incaute
3806 4103 3971 4183 quid

873 4200 1098 4277 fortis3
1131 4202 1244 4283 qui
1294 4201 1544 4265 invenit
1583 4201 1787 4279 illum,
1828 4204 2076 4267 invenit
2113 4206 2365 4269 thesau-
2403 4206 2452 4267 D
2482 4204 2958 4287 proferendum.
2984 4209 3071 4267 Et
3092 4226 3275 4266 nemo
3304 4226 3386 4265 ex
3405 4206 3543 4263 illis
3564 4206 3971 4283 loquebatur,

873 4319 1039 4362 rum.
1064 4300 1320 4363 Amicus
1351 4298 1590 4376 fidelis,
1634 4302 2168 4365 medicamentum
2219 4306 2365 4368 vitae

872 4406 936 4460 et
964 4398 1482 4462 immortalitatis,

956 4500 1290 4577 Quumque
1307 4501 1398 4559 ele
1408 4509 1651 4559 cassem
1670 4502 1879 4560 oculos
1901 4505 2153 4577 procul,
2176 4501 2239 4563 id
2270 4512 2367 4564 est

870 4614 908 4656 a
937 4602 1110 4656 tanta
1152 4595 1476 4673 distantia,
1513 4616 1640 4679 qua
1684 4597 1875 4661 homo
1919 4607 2128 4679 potest
2164 4600 2367 4663 deter-

870 4692 1108 4756 minate
1137 4712 1250 4775 per
1291 4694 1498 4758 visum
1542 4697 1864 4776 cognosci,
1899 4718 2028 4758 non
2068 4718 2368 4775 cognove-

867 4801 1026 4851 runt
1073 4812 1240 4865 eum,
1287 4810 1400 4874 per
1445 4793 1678 4871 visum,
1712 4802 1974 4877 propter
2021 4796 2361 4859 maximam

869 4888 968 4949 sui
998 4891 1280 4973 corporis
1312 4909 1384 4953 ac
1416 4892 1680 4956 vestitus
1722 4902 1785 4956 et
1825 4894 2112 4975 pristinae
2152 4895 2364 4977 dispo-

868 4986 1120 5050 sitionis
1179 4990 1712 5053 immutationem.
1760 4991 2213 5055 Verumtamen
2258 4992 2365 5054 ali-

867 5087 1059 5165 unde,
1111 5088 1356 5151 scilicet
1403 5108 1480 5153 ex
1528 5089 1752 5167 relatu,
1812 5091 2138 5155 sciverunt
2192 5093 2359 5173 quod

868 5183 1006 5266 ipse
1035 5195 1203 5249 esset
1228 5188 1340 5270 qui
1365 5188 1455 5250 ita
1472 5188 1770 5251 sedebat:
1807 5189 1991 5252 aliter
2013 5208 2141 5254 non
2176 5189 2363 5253 fecis-

872 5293 1014 5347 sent
1049 5286 1220 5367 quod
1263 5286 1582 5353 subditur.
1615 5289 1703 5348 Et
1741 5293 2195 5363 emolamantes,
2231 5308 2361 5371 prae

2481 4303 2653 4366 infra
2692 4303 2814 4367 hoc
2846 4312 3120 4386 tempuS,
3156 4306 3417 4363 verbum
3462 4302 3914 4383 quodcumque
3952 4318 3967 4361 :

2477 4422 2677 4486 quum
2707 4410 2919 4465 tamen
2959 4402 3182 4465 amicis
3222 4420 3447 4483 aspera
3485 4400 3687 4481 passis
3718 4398 3971 4461 soleant

2474 4501 2556 4564 ab
2585 4500 2807 4564 amicis
2839 4519 3058 4563 eorum
3089 4499 3322 4562 blanda
3342 4507 3405 4561 et
3425 4497 3848 4561 consolatoria
3884 4496 3973 4559 di·

2475 4601 2532 4664 ci
2593 4619 2709 4683 pro
2757 4598 3145 4663 relevamine
3185 4615 3390 4680 poenae
3436 4616 3586 4660 suae.
3656 4598 3969 4658 Videbam

2471 4702 2641 4759 enim
2675 4702 2959 4759 dolorem
2990 4718 3115 4757 esse
3147 4700 3571 4757 vehementem
3601 4716 3624 4754 .·
3654 4695 3819 4756 unde
3853 4714 3969 4776 pu-

2475 4798 2693 4859 tabant
2738 4799 2910 4879 quod
2948 4796 3066 4859 Job
3116 4795 3371 4860 tristitia
3422 4794 3626 4859 victus
3666 4801 3850 4869 esset,
3904 4802 3969 4855 et

2474 4895 2965 4959 adversitatibus
3024 4895 3115 4957 sic
3172 4894 3455 4975 deJectus
3513 4892 3685 4973 quod
3740 4909 3963 4955 eorum

2472 4993 2971 5056 consolationem
3006 5012 3130 5055 non
3164 4990 3519 5055 attenderet
3546 5009 3663 5053 nec
3682 4999 3959 5053 curaret.

2471 5092 2891 5165 vehementes
2928 5092 3225 5173 equidem
3274 5090 3603 5172 passiones
3644 5089 3955 5152 rationem

2470 5190 2811 5253 absorbere
2838 5197 3329 5254 consueverunt.
3363 5188 3539 5251 Unde
3578 5187 3833 5269 quidam
3880 5188 3961 5250 de

2469 5297 2675 5352 morte
2704 5307 2963 5353 suorum
2985 5288 3077 5351 sic
3104 5286 3581 5363 contristantur,
3613 5286 3783 5368 quod
3812 5304 3959 5349 con·
