4309 6259
77 804 106 844 ll
119 802 322 851 Panum,

141 3364 238 3408 md.
260 3368 298 3407 8.

939 518 1286 567 aNARnA'rlo
1332 520 1392 565 [Ν
1436 520 1572 565 ΟΑΡ.
1619 520 1707 566 xli
1748 521 1906 565 unm
1948 521 2171 575 QUART!
2214 522 2437 569 REGUM.
2483 543 2563 553 -·
2603 525 2745 569 An‘r.
2793 524 2873 570 XV

3362 508 3439 571 53

347 694 410 745 et
435 689 822 757 sacerdotes,
841 688 1060 749 dicens
1089 692 1218 749 eis:
1238 693 1450 759 Quare
1477 700 1656 751 sarta
1689 700 1845 751 tecta
1879 688 1928 751 A
1955 693 2078 759 cio,
2099 696 2472 753 ascendebat
2501 696 2711 755 scriba
2734 698 2898 771 reqis
2927 707 2985 754 e!
3006 698 3336 773 pontifex,
3360 695 3440 757 ad

1955 787 2356 852 afferendum
2387 791 2903 873 gazophylacium
2932 812 3044 874 per
3073 812 3299 856 manus
3328 793 3441 855 Le-
3467 811 3502 854 ιι
3514 810 3731 864 Panum

1957 886 2255 965 vitarum,
2280 896 2351 949 ut
2381 888 2447 950 in
2476 889 2999 973 Paralipomenon
3028 892 3301 954 additur.
3330 894 3443 970 Es!-
3471 880 3537 921 ¹¹·

351 802 482 843 non
507 785 902 847 instauratis
925 790 1147 865 templi
1162 790 1192 847 ‚2
1211 787 1644 868 Negligentius
1675 788 1847 850 enim

351 890 624 961 egerunt
655 885 1016 949 sacerdotes
1055 885 1122 947 in
1153 887 1272 949 hac
1307 906 1392 963 re,
1429 895 1500 948 ut
1527 886 1593 949 in
1622 886 1851 949 Parali-

352 998 674 1061 pomenon
709 982 966 1063 legitur.
998 987 1216 1045 Nolite
1256 1006 1403 1063 erqo
1434 989 1719 1063 amplius
1749 1008 1851 1047 ac-

346 1081 560 1156 m‘pere
587 1084 944 1157 pecuniam
959 1083 1170 1160 juxta
1203 1086 1500 1145 ordinem
1543 1095 1850 1154 vestrum,

347 1198 384 1241 a
415 1177 660 1259 populo
683 1180 762 1241 ad
784 1200 972 1242 usum
992 1190 1362 1263 praetactum
1385 1201 1524 1245 eam
1556 1182 1851 1262 colligen-

344 1278 440 1351 do,
455 1280 570 1338 sed
590 1281 682 1337 ad
701 1280 1242 1341 instaurationem
1266 1282 1486 1358 templi
1505 1284 1774 1354 reddite,
1787 1282 1849 1345 id

345 1383 442 1438 est
481 1376 796 1457 exponite
833 1398 978 1439 eam
1015 1377 1118 1439 his
1156 1377 1268 1459 qui
1306 1380 1384 1441 de
1413 1379 1538 1455 ,illa
1581 1380 1853 1462 pecunia

346 1484 564 1537 emant
597 1477 962 1539 necessaria
991 1477 1465 1542 instaurationi.
1499 1481 1852 1541 Prohibiti-

348 1595 471 1655 que
517 1586 677 1635 sunt
714 1580 1066 1637 sacerdotes
1106 1581 1284 1639 ultra
1335 1579 1622 1655 accipere
1661 1598 1852 1655 pecu-

347 1676 536 1734 niam
583 1694 627 1733 a
667 1680 939 1753 populo,
979 1676 1058 1738 ad
1099 1678 1536 1758 reponendum
1586 1695 1726 1739 cam
1775 1696 1851 1740 eo

349 1772 542 1835 modo
571 1791 706 1853 quo
749 1780 921 1850 ante,
954 1784 1014 1835 et
1057 1776 1430 1837 instaurare
1465 1785 1644 1837 sarta
1694 1786 1852 1837 tecta

347 1874 604 1933 domus.

429 1971 518 2029 Et
550 1972 732 2039 tulit,
765 1969 830 2031 id
861 1979 960 2033 est
989 1971 1257 2053 accepit,
1289 1974 1524 2033 Joiada
1549 1974 1852 2050 pontifeoe

341 2070 902 2145 ,qazoplzylacium
953 2090 1184 2141 unum,
1228 2070 1292 2131 id
1340 2079 1437 2133 est
1479 2090 1690 2133 arcam
1741 2090 1852 2133 seu

351 2166 810 2247 repositorium
836 2166 1256 2245 oblationum,
1275 2171 1658 2247 aperuitque
1686 2172 1856 2247 fora-

351 2286 498 2325 men
517 2267 820 2342 desuper,
841 2273 911 2327 ut
933 2284 1045 2347 per
1067 2265 1226 2327 illud
1249 2265 1654 2330 mitterentur
1685 2267 1854 2331 obla-

351 2370 413 2425 ta
445 2363 516 2425 in
548 2382 766 2427 arcam
800 2364 1002 2441 illam,
1026 2374 1088 2425 et
1107 2368 1328 2443 posuit
1361 2368 1534 2425 illud
1552 2367 1857 2450 gazophy-

351 2461 592 2527 lacium
609 2464 824 2541 juoeta
862 2468 1094 2535 altare,
1125 2463 1225 2527 vel
1272 2464 1648 2541 holocausti,
1682 2467 1853 2546 quod

348 2570 484 2625 erat
516 2561 588 2623 in
635 2561 822 2639 atrio,
857 2562 958 2625 vel
1007 2562 1462 2645 thymiamatiS‚
1506 2565 1676 2645 quod
1722 2572 1856 2627 erat

351 2662 416 2723 in
449 2660 759 2725 exteriori
791 2669 854 2723 et
882 2660 1089 2743 prima
1121 2670 1300 2743 parte
1322 2661 1566 2743 templi.
1593 2662 1851 2740 Tamen,

350 2760 508 2841 quia
541 2758 980 2840 subjungitur,
1017 2764 1104 2822 ad
1131 2764 1464 2821 deoeteram
1495 2762 1859 2838 inyredien-

353 2863 522 2920 tium
553 2862 828 2920 domum
857 2861 1152 2932 Domini,
1184 2859 1437 2922 videtur
1470 2858 1855 2941 quibusdam

349 2958 430 3022 de
487 2955 679 3019 altari
731 2957 902 3037 quod
953 2966 1086 3020 erat
1137 2958 1202 3019 in
1252 2957 1438 3033 atrio,
1494 2957 1857 3036 intelligen-

1956 984 2441 1065 fundebantque
2496 997 2557 1047 et
2614 990 3042 1050 numerabant
3090 990 3442 1067 pecuniam

1959 1104 2101 1163 qua!
2131 1086 2585 1145 inveniebatur
2613 1087 2685 1145 in
2704 1089 2890 1147 domo
2920 1089 3441 1158 Domini,coram

1907 1222 1912 1229 -
1961 1200 2127 1261 rege,
2160 1181 2434 1263 Iosepho
2468 1191 2638 1259 teste,
2666 1192 2734 1245 ut
2764 1184 2941 1247 nulla
2970 1193 3136 1247 esset
3166 1184 3446 1267 suspicio

1963 1279 2247 1355 fraudis3
2298 1291 2358 1341 et
2398 1284 2644 1344 dabant
2680 1304 2823 1344 eam
2851 1285 3060 1362 juxta
3102 1306 3448 1346 numerum

1959 1390 2150 1459 atque
2170 1400 2563 1452 mensuram,
2589 1380 2654 1442 id
2685 1391 2779 1444 est
2810 1402 2955 1446 cum
2978 1391 3152 1446 certo
3182 1402 3447 1447 numero

1960 1486 2024 1539 et
2068 1486 2457 1556 congruente
2505 1498 2825 1557 mensura,
2860 1482 2934 1541 in
2982 1502 3185 1542 manu
3230 1502 3449 1543 eorum

1959 1578 2076 1656 qui
2125 1579 2555 1638 caementariis
2598 1581 2824 1639 domus
2861 1591 3213 1657 praeerant,
3243 1579 3307 1641 id
3355 1588 3451 1643 est

1961 1674 2028 1736 in
2061 1694 2291 1737 manus
2320 1676 2768 1756 magistrorum
2809 1695 3069 1760 operum
3111 1678 3222 1759 qui
3264 1697 3452 1760 praec-

1961 1781 2102 1835 rant
2138 1774 2610 1854 reparatoribus
2644 1794 2972 1839 murorum
3010 1784 3450 1858 tectorumque

1887 1874 1934 1937 B
1963 1871 2209 1953 templi,
2236 1874 2352 1953 qui
2380 1872 2665 1951 magistri
2698 1892 2962 1956 operum
2998 1877 3450 1953 impendebant

1959 1992 2100 2031 eam
2129 1973 2203 2031 in
2224 1972 2430 2047 fabris
2460 1974 2815 2049 Ziqnorum,
2838 1984 2897 2035 et
2928 1976 2997 2034 in
3020 1975 3449 2035 caementariis

1961 2072 2063 2130 lzis
2091 2073 2211 2149 qui
2246 2072 2683 2147 operabantur
2726 2073 2797 2131 in
2840 2075 3025 2133 domo
3057 2074 3348 2144 Domini,
3388 2082 3449 2133 et

1960 2178 2138 2229 sarta
2174 2178 2329 2229 tecta
2373 2170 2743 2245 faciebant,·
2778 2179 2837 2229 et
2868 2171 2942 2230 in
2970 2172 3073 2231 his
3113 2172 3231 2250 qui
3255 2173 3450 2231 ccede-

1964 2269 2116 2327 bant
2158 2288 2341 2338 saxa,
2389 2276 2448 2327 et
2498 2277 2571 2327 ut
2615 2277 2895 2328 emerent
2943 2271 3124 2345 liqna
3172 2278 3233 2329 et
3286 2270 3453 2345 lapi-

1963 2367 2095 2435 des,
2135 2365 2253 2444 qui
2290 2366 2774 2437 excidebantur,
2816 2368 2912 2426 ita
2955 2376 3027 2426 ut
3076 2367 3452 2443 impleretur

1964 2464 2357 2524 instauratio
2398 2466 2627 2523 domus
2671 2466 2965 2535 Domini,
3008 2467 3081 2525 in
3129 2466 3453 2525 universis

1963 2583 2107 2641 quoe
2155 2563 2530 2639 indiyebant
2572 2582 2851 2639 expensa
2894 2566 2983 2623 ad
3025 2564 3451 2625 muniendam

1964 2665 2254 2731 domum,
2293 2660 2356 2721 id
2395 2669 2511 2737 est,
2550 2659 2938 2723 exhibebant
2983 2660 3317 2743 pecuniam
3362 2662 3454 2723 fa-

1964 2760 2098 2821 bris
2148 2759 2461 2840 lignariiS,
2507 2759 2879 2841 caeterisque
2922 2759 3305 2837 artificibus,
3357 2766 3453 2822 ut-

1967 2866 2114 2941 pote
2161 2858 2581 2921 caementariis
2631 2867 2694 2921 ct
2738 2878 3031 2922 saxorum
3082 2858 3449 2937 caesoribuS,

1966 2960 2043 3021 ad
2076 2957 2417 3020 emendum
2444 2976 2517 3020 ac
2548 2958 3031 3039 praeparandum
3072 2957 3448 3036 necessaria,

351 3058 508 3119 dum
549 3073 564 3116 τ
600 3054 761 3136 quia
790 3054 854 3115 in
890 3055 1124 3117 atrium
1171 3055 1496 3118 intrabant
1539 3055 1854 3137 vulgareS‚
1893 3054 1936 3118 C
1967 3056 2215 3120 scilicet
2253 3054 2447 3136 ligna,
2483 3073 2651 3131 saxa,
2686 3062 3087 3132 caemcntum,
3120 3063 3241 3117 etc.

353 3172 486 3217 non
534 3154 604 3214 in
647 3152 860 3233 ipsum
901 3151 1234 3234 templum,
1268 3152 1334 3215 id
1383 3160 1478 3216 est
1525 3153 1592 3214 in
1634 3152 1862 3216 Sancta

354 3252 458 3315 vel
491 3252 560 3313 in
596 3250 831 3313 Sancta
875 3258 1262 3313 sanctorum.
1296 3252 1476 3315 Unde
1519 3251 1586 3313 in
1631 3252 1862 3313 Parali-

353 3367 688 3433 pomenon
730 3348 982 3429 legitur,
1028 3350 1200 3431 quod
1253 3358 1604 3431 posuerunt
1649 3368 1858 3413 arcam

351 3451 536 3533 juxta
585 3456 837 3531 portam
887 3448 1140 3510 Domini
1190 3449 1605 3512 extrinsecus,
1651 3453 1863 3512 Mitte-

355 3552 640 3628 hancque
671 3549 744 3608 in
775 3568 872 3617 eo,
905 3545 970 3609 id
1002 3554 1098 3609 est
1138 3546 1206 3608 in
1235 3548 1689 3629 gazophylacio
1723 3548 1855 3625 illo,

351 3650 714 3707 sacerdotes
742 3648 862 3725 qui
889 3646 1330 3707 custodiebant
1372 3647 1536 3707 ostia
1584 3646 1805 3730 templi
1843 3663 1856 3708 ε

355 3764 506 3807 nam
537 3744 710 3807 ostia
729 3743 1040 3806 atriorum
1059 3744 1398 3819 custodire,
1415 3742 1541 3806 fuit
1561 3743 1860 3807 officium

350 3843 714 3925 janitorum
740 3864 755 3916 3
789 3862 1043 3902 omnem
1064 3844 1419 3919 pecuniam
1449 3864 1591 3922 qua?
1619 3845 1862 3923 defere-

354 3945 552 4003 batur
574 3945 666 4002 ad
689 3944 998 4018 templum
1024 3943 1296 4001 Domini
1317 3958 1432 4022 pro
1464 3940 1862 4003 instauratio·

357 4060 439 4105 ne
470 4039 803 4123 praedicta.
835 4037 1017 4101 Unde
1065 4057 1260 4119 supra
1304 4039 1369 4101 in
1416 4039 1537 4103 isto
1580 4040 1859 4122 capitulo

353 4139 598 4203 dicitur
635 4156 649 4200 ε
687 4136 954 4201 Omnem
987 4138 1326 4218 pecuniam
1347 4158 1498 4220 quae,
1521 4139 1697 4201 illata
1729 4139 1862 4202 fue-

2062 3157 2509 3214 Verumtamen
2558 3172 2687 3213 non
2715 3155 2955 3229 fiebant
2984 3174 3065 3212 ea>
3108 3156 3329 3215 eadem
3348 3174 3457 3231 pe-

1965 3254 2167 3314 cunia
2196 3253 2473 3329 hydriae,
2499 3250 2564 3313 id
2595 3259 2691 3314 cst
2724 3269 2875 3313 vasa
2903 3250 3229 3333 aquatilia,
3262 3262 3321 3312 et
3348 3252 3457 3329 fu-
3514 3312 3521 3319 ,

1966 3354 2255 3422 scinuloe,
2292 3350 2354 3411 id
2397 3357 2494 3411 est
2530 3349 2836 3411 tridentes
2876 3349 2956 3410 ad
2994 3367 3217 3412 carnes
3260 3357 3458 3411 extra-

1969 3450 2209 3513 hendas
2261 3449 2339 3511 de
2386 3448 2686 3525 caldaria,
2726 3448 3062 3508 thuribula
3098 3459 3159 3509 et
3198 3450 3361 3511 tuboe
3396 3458 3457 3509 et

1967 3569 2151 3609 omne
2183 3568 2296 3608 vas
2325 3566 2599 3608 aureum
2629 3556 2688 3607 et
2728 3557 3126 3623 arqenteum,
3159 3550 3238 3607 de
3274 3566 3459 3626 pecu-

1967 3649 2084 3708 nia
2117 3667 2260 3726 quoe
2290 3646 2697 3722 inferebatur
2725 3646 2799 3703 in
2831 3648 3141 3722 templum
3162 3645 3453 3716 Domini,

1969 3745 2031 3807 id
2077 3752 2173 3807 est
2204 3742 2381 3805 nulla
2429 3762 2580 3805 vasa
2623 3761 2736 3804 seu
2773 3741 3200 3804 instrumenta
3246 3741 3457 3804 cultus

1966 3841 2173 3906 divini
2214 3842 2279 3903 in
2327 3840 2588 3922 templo.
2622 3839 2794 3913 Quod
2835 3839 3323 3920 intelligendum
3362 3848 3459 3903 est

1967 3942 2082 4019 sic,
2107 3941 2279 4023 quod
2309 3940 2549 4003 directe
2578 3947 2641 4002 ct
2668 3958 2744 4001 ex
2766 3938 3119 4001 intentione
3153 3938 3457 4019 primaria

1971 4060 2098 4105 non
2143 4039 2390 4103 fiebant
2428 4037 2795 4120 hujusmodi
2840 4055 2991 4100 vasa
3018 4037 3097 4098 de
3130 4036 3241 4099 illa
3271 4056 3456 4118 pecu·

1971 4140 2097 4215 nia,
2132 4137 2285 4220 quia
2316 4155 2442 4199 non
2476 4135 2600 4197 fuit
2632 4135 2865 4211 oblata,
2901 4133 3025 4195 nisi
3064 4135 3142 4196 ad
3174 4142 3342 4198 sarta
3371 4143 3456 4197 'te-

355 4239 440 4301 rit
473 4239 543 4300 in
589 4236 904 4317 templum
948 4237 1222 4314 Domini,
1260 4256 1401 4318 quae
1441 4235 1716 4300 offertur
1745 4256 1858 4319 pro
1891 4244 1940 4305 D
1966 4247 2068 4302 cta
2110 4235 2560 4309 instauranda3
2596 4235 2704 4297 sed
2748 4233 2901 4315 quia
2945 4232 3216 4295 multum
3259 4253 3335 4296 ex
3380 4253 3455 4297 ca

359 4338 571 4421 pretio
613 4336 868 4413 animae,
907 4335 972 4398 id
1014 4344 1130 4412 est,
1166 4354 1360 4417 quam
1404 4336 1678 4417 quilibet
1715 4337 1863 4401 viri-

359 4438 443 4499 lis
472 4434 708 4511 aetatis,
732 4433 847 4516 qui
868 4442 1078 4516 potest
1109 4434 1189 4496 ad
1219 4434 1461 4497 bellum
1494 4436 1856 4516 procedere,

359 4535 560 4600 offert
590 4552 711 4617 pro
741 4553 858 4596 sua
888 4551 1190 4614 persona:
1211 4533 1364 4614 quia
1395 4534 1695 4616 praecepit
1728 4554 1856 4612 rein,

365 4644 432 4697 ut
463 4632 746 4717 quilibet
779 4630 922 4695 talis
953 4630 1220 4695 offerret
1241 4650 1356 4713 pro
1388 4632 1508 4695 hoc
1529 4652 1649 4695 usu
1679 4632 1865 4695 dimi-

365 4734 544 4797 dium
579 4732 814 4795 siclum
835 4730 1106 4812 argenti,
1127 4738 1198 4792 ut
1213 4730 1526 4812 Iosephus
1549 4730 1743 4794 refert
1764 4756 1778 4807 3
1803 4740 1866 4795 et

365 4852 560 4915 quam
593 4838 846 4914 sponte,
873 4830 939 4892 id
969 4838 1068 4892 est
1097 4829 1288 4893 etiam
1324 4829 1864 4912 illam'pecuniam

367 4949 562 5013 quam
595 4928 862 4991 ditiores
894 4936 958 4990 et
1001 4927 1360 4991 devotiores
1406 4926 1572 4989 ultra
1608 4928 1729 4991 hoc
1759 4929 1869 4992 ob-

1969 4335 2289 4419 supcrfuit
2320 4332 2787 4411 instaurationi,
2821 4333 2901 4395 de
2932 4331 3044 4394 illo
3075 4331 3329 4396 residuo
3356 4332 3455 4395 in-

1970 4434 2371 4501 cidentaliter
2414 4432 2582 4495 facta
2622 4440 2770 4493 sunt
2808 4431 3022 4513 aliqua
3063 4450 3215 4493 vasa
3254 4451 3452 4510 sacra,

1972 4542 2162 4620 prout
2182 4534 2250 4595 in
2269 4531 2793 4613 Paralipomenon
2817 4530 3127 4593 recitatur.
3144 4532 3269 4592 His
3286 4552 3360 4590 en
3370 4533 3459 4591 im

1971 4636 2087 4716 qui
2112 4634 2441 4711 fac-iebant
2481 4650 2666 4708 opus,
2695 4631 2977 4689 dabatur
3014 4638 3085 4689 ut
3130 4631 3460 4689 instaura-

1971 4743 2155 4796 retur
2188 4734 2495 4807 templum
2526 4729 2815 4789 Domini.
2852 4729 2937 4787 Et
2979 4747 3109 4787 non
3137 4729 3329 4805 fiebat
3360 4746 3461 4787 ra-

1978 4835 2064 4894 tio
2103 4832 2204 4891 his
2253 4829 2621 4889 hominibus
2658 4828 2775 4906 qui
2800 4826 3151 4903 pecuniam
3194 4826 3463 4903 accipie-

1975 4935 2151 4999 bant,
2186 4938 2259 4989 ut
2288 4928 2745 4988 distribuerent
2772 4944 2915 4984 eam
2946 4926 3331 5003 artificibus,
3353 4926 3462 4984 sed

369 5030 656 5093 tulerunt
687 5046 766 5091 ex
796 5025 1000 5091 libero
1043 5026 1308 5089 arbitrio
1351 5034 1416 5090 ct
1459 5028 1720 5110 speciali
1763 5030 1870 5093 de-
1976 5032 2051 5090 in
2080 5031 2211 5106 fide
2258 5027 2617 5088 tractabant
2646 5044 2787 5084 eam
2817 5042 2839 5082 .·
2872 5021 2935 5083 id
2976 5027 3091 5099 est,
3126 5020 3286 5084 ratio
3334 5039 3464 5085 non

372 5128 650 5193 votione.

453 5230 796 5305 Quumque
845 5225 1138 5285 viderent
1169 5226 1518 5301 pecuniam
1567 5226 1868 5299 nimiam,

377 5324 442 5388 id
472 5333 572 5389 eet
601 5323 792 5387 valde
835 5320 1184 5404 copiosam,
1217 5342 1344 5383 esse
1373 5324 1447 5382 in
1479 5326 1877 5402 yazopkyla-

1979 5125 2348 5208 exigebatur
2377 5124 2456 5187 ab
2488 5122 2580 5185 eis
2610 5120 2884 5203 qualiter
2902 5120 3343 5201 exposuissent
3363 5139 3468 5202 pe-

1980 5224 2260 5300 cuniam,
2283 5220 2437 5304 quia
2464 5238 2683 5283 eorum
2714 5216 3011 5280 fidelitati
3034 5217 3153 5281 hoc
3184 5217 3470 5280 commit-

1985 5322 2257 5399 tebatur,
2288 5319 2590 5401 quoniam
2622 5323 2801 5380 erant
2832 5314 2964 5379 fide
2993 5315 3317 5395 condigni.
3348 5320 3471 5379 Pe-

3508 4356 3629 4401 thid.
3654 4358 3721 4400 Η.
