4309 6259
1175 521 1523 568 ENARRATm
1566 523 1626 567 ΙΝ
1669 522 1806 567 cu».
1853 522 2002 567 xvlu
2041 522 2167 567 101³.
2216 541 2293 551 -—
2334 521 2477 567 ΛΒΤ.
2522 521 2624 566 xu

3344 504 3463 565 545

1457 921 2105 1009 ARTICULUS
2184 924 2375 1007 XLI

549 1198 909 1245 unewano
952 1198 1228 1243 cam'ruu
1269 1195 1695 1242 ocTAvacml
1742 1196 1757 1240 :
1807 1194 2193 1241 RESPONDENS
2234 1196 2437 1241 AUTEu
2480 1197 2722 1242 BALDAD
2764 1198 3038 1257 suul‘rES,
3083 1198 3271 1244 mxl'r.

477 1476 883 1539 APlENTES
939 1485 1002 1539 et
1057 1477 1273 1557 magni
1335 1476 1402 1538 in
1454 1476 1656 1540 oculis
1707 1492 1849 1557 pro·
1880 1474 1930 1535 A
1960 1482 2132 1537 tuam
2182 1475 2269 1538 ita
2319 1476 2712 1547 damnationi
2761 1478 3050 1559 exponiS,
3092 1498 3168 1541 ex
3219 1478 3435 1543 furore

496 1575 680 1658 priiS,
728 1575 1098 1658 despectum
1147 1576 1246 1637 sui
1299 1594 1424 1638 non
1477 1574 1730 1649 ferunt3
1785 1583 1850 1637 et
1958 1574 2328 1656 passionum
2388 1575 2549 1637 falsa
2604 1584 2797 1657 atque
2856 1576 3161 1657 sacrilega
3222 1586 3445 1641 contra

339 1674 713 1757 increpanti
773 1675 1084 1739 veraciter
1142 1675 1402 1738 duriora
1462 1674 1848 1756 respondent
1957 1674 2152 1735 Deum
2195 1683 2257 1736 et
2294 1692 2409 1737 nos
2450 1674 2852 1755 proferendo,
2890 1676 3041 1737 Nam
3074 1696 3266 1758 supra
3296 1678 3450 1739 dixi-

343 1772 760 1835 mendaciter.
773 1773 929 1835 Hinc
950 1774 1180 1837 Baldad
1209 1774 1488 1836 secundo
1509 1773 1842 1855 objiciens,

344 1868 694 1951 primoque
743 1870 1060 1951 replicans
1109 1878 1329 1934 contra
1375 1870 1515 1947 lob,
1570 1889 1714 1933 eum
1768 1871 1846 1932 dc

341 1967 571 2029 multis
613 1968 958 2049 redarguit.
995 1973 1400 2046 Respondeas
1433 1980 1650 2030 autem
1691 1972 1846 2030 Bal-

338 2069 484 2125 clad
511 2070 802 2136 Sullae-5,
823 2070 999 2127 dimit
1029 2090 1051 2127 .·
1085 2071 1286 2148 Usque
1313 2072 1401 2127 ad
1430 2089 1616 2147 quem
1645 2072 1846 2144 finem

341 2166 540 2225 verba
572 2166 863 2241 jactabis
887 2168 918 2225 ἒ
951 2165 1014 2226 id
1065 2174 1182 2241 est,
1214 2166 1520 2246 quamdiu
1569 2184 1732 2228 vana
1782 2172 1846 2226 ct

343 2262 584 2324 frivola
630 2263 942 2344 Jactanter
990 2271 1182 2345 atque
1230 2264 1581 2346 procaciter
1629 2263 1846 2345 loque—

343 2360 436 2421 ris
451 2362 476 2421 ’Ζ
497 2379 836 2443 quousque
867 2381 1226 2425 sermonem
1259 2362 1548 2425 inutilem
1582 2371 1640 2425 et
1674 2381 1846 2443 pom-

347 2478 580 2540 posum
627 2478 753 2523 non
801 2459 998 2523 finis?
1029 2461 1158 2525 Hoc
1204 2470 1298 2524 est
1343 2462 1514 2543 quod
1561 2461 1626 2522 in
1671 2460 1844 2523 Actis

349 2558 653 2640 Epicurei
699 2567 763 2621 et
813 2560 1004 2622 Stoici
1055 2560 1420 2642 philosophi
1472 2560 1708 2622 dixisse
1757 2559 1847 2621 lc-

1956 1772 2036 1833 sti
2071 1790 2084 1833 :
2120 1773 2254 1836 Non
2287 1792 2541 1854 parcam
2574 1775 2668 1836 ori
2703 1793 2844 1837 meo
2876 1798 2891 1848 3
2936 1783 2999 1837 et
3032 1795 3247 1837 rursus
3288 1794 3301 1837 ε
3334 1777 3447 1839 Ca-
3493 1790 3741 1843 Jobvn.¹¹;

1954 1869 2178 1949 ligavit
2210 1872 2287 1932 ad
2322 1870 2829 1951 indignationem
2864 1873 3085 1935 oculus
3122 1893 3321 1936 meus,
3478 1866 3573 1903 “¹''
3594 1857 3633 1897 ⁷·

2033 1968 2222 2031 Porro
2260 1969 2324 2030 in
2369 1970 2580 2032 verbis
2621 1971 2721 2032 his
2764 1971 2993 2033 Baldad
3038 1972 3447 2053 reprehendit

1955 2065 2209 2129 beatum
2249 2068 2365 2130 Job
2406 2068 2470 2129 in
2513 2069 2799 2150 quinque
2854 2069 3023 2131 circa
3072 2071 3261 2133 verba
3303 2090 3445 2151 quae

1953 2164 2134 2226 dixit.
2180 2166 2409 2241 Primo,
2443 2167 2612 2247 quod
2646 2167 2829 2229 valde
2876 2166 3070 2231 fuerit
3116 2178 3443 2250 promptu-

1958 2263 2055 2325 lus
2084 2264 2165 2326 ad
2198 2266 2607 2345 loquendum.
2627 2266 2859 2329 Contra
2886 2267 3059 2347 quod
3094 2266 3159 2327 in
3194 2267 3447 2333 Prover-

1956 2361 2079 2423 biis
2122 2363 2355 2425 dicitur
2392 2382 2405 2425 :
2441 2363 2670 2425 Vidisti
2712 2364 2989 2446 aliquem
3034 2365 3315 2428 velocem
3363 2367 3444 2428 ad
3488 2382 3739 2433 prowm.

1958 2460 2389 2540 loquendum?
2424 2462 2702 2523 Stultitia
2734 2462 2934 2543 magis
2972 2465 3289 2544 speranda
3320 2473 3436 2540 est,
3474 2448 3541 2488 20,

1957 2579 2148 2640 quam
2180 2559 2353 2621 illius
2385 2561 2713 2623 correctio.
2735 2560 2811 2621 Et
2838 2562 3107 2623 Jacobus
3144 2579 3157 2623 ε
3194 2562 3287 2625 Sit
3316 2581 3446 2625 om·
3471 2580 3737 2633 laconio.
3841 2574 3849 2583 ·

96 2684 184 2727 Aa,
207 2698 316 2733 m„
349 2667 596 2737 guntur
637 2658 714 2720 ad
755 2658 1014 2721 Paulum
1055 2676 1069 2720 :
1105 2659 1264 2733 Quid
1293 2660 1430 2722 vult
1475 2660 1848 2722 seminiver-
1883 2653 1931 2715 B
1959 2658 2058 2720 nis
2092 2659 2281 2721 homo
2318 2658 2499 2721 velox
2534 2660 2611 2720 ad
2643 2659 3052 2735 audiendum,
3091 2662 3305 2721 tardus
3334 2680 3444 2723 au-

71 2750 124 2787 ¹⁸·
348 2754 499 2817 hius
529 2756 636 2817 hic
664 2756 922 2819 dicere?
955 2758 1018 2820 ld
1051 2776 1307 2839 quoque
1349 2778 1542 2840 supra
1582 2758 1848 2839 protulit

349 2854 612 2931 Baldad,
657 2855 929 2919 dicendo
975 2876 988 2919 ε
1035 2855 1377 2939 Usquequo
1431 2858 1710 2938 loqueris
1766 2866 1849 2920 ta-

348 2952 457 3029 lia,
483 2963 551 3016 et
569 2954 836 3036 spiritus
868 2954 1202 3035 multiplex
1225 2956 1535 3018 sermonis
1557 2955 1685 3019 oris
1718 2956 1846 3017 tui?

345 3055 654 3131 Intelliye
673 3056 890 3131 prius,
925 3053 988 3114 id
1028 3062 1147 3129 est,
1183 3053 1587 3136 propriorum
1631 3055 1848 3117 verbo-

344 3170 488 3212 rum
511 3152 902 3234 insuperque
924 3161 1278 3215 nostrorum
1301 3171 1550 3215 sensum
1573 3155 1851 3230 attende,

337 3260 400 3309 et
417 3250 512 3309 sie
543 3254 914 3330 loquamur,
938 3250 1327 3314 conferendo
1359 3259 1421 3314 et
1453 3252 1840 3334 disputando

339 3349 420 3411 ad
465 3348 771 3413 invicem.
813 3349 879 3411 In
921 3368 1050 3431 quo
1093 3358 1270 3413 notat
1310 3350 1564 3413 beatum
1603 3352 1719 3416 Job
1765 3352 1842 3415 de

343 3464 580 3528 magna
610 3448 1003 3531 insipientia,
1025 3457 1088 3512 et
1118 3449 1291 3530 quod
1325 3458 1450 3511 tam
1482 3450 1843 3531 passionate

95 2882 166 2925 sot
175 2897 258 2933 un,
275 2884 318 2925 Ξ.

343 3546 670 3628 loquatur,
704 3548 876 3628 quod
917 3567 1035 3611 nec
1075 3566 1142 3611 se
1185 3548 1396 3630 ipsum
1436 3568 1553 3612 nec
1596 3548 1844 3612 condis-

343 3655 644 3728 putantes
696 3646 1062 3727 intelligat:
1110 3647 1275 3710 sicut
1324 3648 1402 3711 de
1453 3649 1838 3731 quibusdam

345 3744 748 3828 philosophis
789 3745 1156 3809 Aristoteles
1201 3747 1444 3825 scribit,
1480 3749 1648 3829 quod
1691 3766 1838 3831 pro-

344 3844 553 3924 priam
583 3862 808 3905 vocem
840 3861 970 3906 non
1001 3843 1468 3925 intelligebant.

428 3946 647 4011 Quare
689 3944 980 4019 reputati
1014 3963 1240 4003 sumus
1285 3954 1356 4004 ut
1381 3945 1688 4021 jumenta
1719 3948 1748 4006 ?
1779 3945 1842 4007 id

345 4049 464 4117 est,
498 4060 618 4104 cur
663 4049 922 4123 reputas
969 4050 1033 4104 et
1081 4042 1440 4105 contemnis
1492 4062 1630 4121 ιιοε,
1663 4064 1737 4107 ac
1788 4046 1838 4107 si

348 4139 538 4201 bruta
586 4142 932 4221 essemus?
975 4140 1129 4222 quia
1175 4140 1391 4202 dixisti
1421 4142 1840 4223 (praecedcnti

105 4269 322 4321 mmm,
350 4236 662 4320 capitulo)
697 4254 710 4299 :
745 4236 880 4300 Non
932 4238 1256 4301 inveniam
1305 4240 1371 4301 in
1413 4240 1594 4303 vobis
1639 4242 1840 4303 ullum

85 4334 146 4374 ¹⁰·
351 4336 732 4419 sapientem.
789 4340 874 4399 Ec
918 4340 1290 4399 sorduimus
1339 4359 1556 4400 coram
1606 4349 1662 4400 te
1700 4344 1730 4401 ἒ
1778 4341 1843 4402 id

351 4446 466 4514 est,
503 4434 666 4497 viles
713 4453 828 4498 nos
871 4435 1146 4498 aestimas
1193 4445 1494 4517 tanquam
1537 4438 1848 4521 insipien-

351 4544 444 4597 tes
469 4542 668 4615 atque
707 4534 1004 4615 injustos,
1039 4535 1152 4597 Per
1191 4535 1571 4617 sapientiam
1602 4540 1843 4602 etenim

352 4642 412 4696 ct
459 4633 766 4697 virtutem
815 4632 1006 4696 homo
1056 4634 1375 4716 praecipue
1437 4636 1841 4715 nobilitatur,

353 4742 639 4808 ornatur,
683 4739 876 4813 atque
914 4751 951 4794 a
988 4731 1194 4795 brutis
1238 4734 1678 4815 distinguitur.
1707 4736 1847 4800 Pro-

357 4840 494 4913 pter
540 4831 714 4913 quod
765 4831 844 4893 de
895 4850 1022 4894 non
1073 4831 1474 4912 intelligente
1524 4834 1848 4898 beneficia

93 4948 332 5054 ἱζξῗιωι,
359 4929 463 4992 Dei
515 4929 722 4993 fertur
771 4930 838 4991 in
885 4929 1132 4993 Psalmo
1187 4948 1200 4992 :
1255 4932 1473 5010 Homo,
1529 4952 1726 5014 quum
1779 4935 1844 4997 in

361 5137 453 5189 est
498 5127 812 5210 jumentis
865 5127 1344 5209 insipientibus,
1401 5130 1574 5199 Quid
1632 5134 1851 5209 perdis

361 5229 652 5289 animam
683 5237 866 5287 tuam
897 5228 968 5285 in
998 5228 1226 5303 furore
1262 5238 1367 5288 tuo
1391 5231 1420 5289 ?
1451 5228 1513 5291 id
1545 5236 1661 5305 est,
1698 5228 1851 5291 insi-

361 5323 606 5404 pienter
643 5324 1129 5407 periculoseque
1167 5326 1324 5407 agiS,
1362 5327 1530 5407 quod
1562 5326 1848 5389 animam

607 5458 672 5511 Τ.
709 5458 759 5509 4.

1963 2768 2084 2821 tem
2126 2758 2206 2819 ad
2249 2757 2665 2838 loquendum.
2710 2758 3021 2835 Secundo,
3057 2759 3229 2839 quod
3263 2760 3445 2840 prius

1961 2856 2358 2938 responderit
2395 2875 2588 2937 quam
2626 2857 2942 2938 complete
2972 2857 3441 2939 colloquentem

1927 2954 2225 3018 audiret.
2261 2956 2492 3017 Contra
2539 2957 2710 3036 quod
2750 2957 2839 3017 ait
2892 2956 3214 3037 Scriptura
3259 2974 3273 3018 :
3322 2957 3436 3032 Qui
3488 2970 3608 3015 Pron
3608 2986 3736 3023 .......

1959 3053 2135 3135 prius
2181 3053 2519 3135 respondet
2562 3072 2753 3135 quam
2800 3053 3035 3130 audiat,
3072 3055 3335 3117 stultum
3378 3075 3445 3119 se
3479 3035 3543 3075 ¹³·

1953 3171 2092 3215 esse
2148 3152 2541 3214 demonstrat
2588 3160 2652 3213 et
2700 3151 3081 3216 confusione
3138 3154 3437 3235 dignum.

1954 3251 2187 3325 Tertio,
2229 3250 2399 3331 quod
2430 3249 2901 3331 colloquentem
2942 3261 3201 3333 spernat
3231 3260 3296 3316 et
3341 3272 3445 3316 ex-

1953 3350 2211 3432 probret
2252 3370 2265 3413 :
2308 3349 2486 3430 juxta
2526 3349 2685 3410 illud
2717 3348 3135 3427 Ecclesiastae,
3172 3351 3243 3421 In
3280 3352 3445 3413 mul·
3476 3367 3738 3421 eontanas.

1956 3457 2015 3511 ta
2064 3447 2379 3529 sapientia
2437 3447 2639 3509 multa
2687 3446 3063 3527 indignatio.
3116 3448 3270 3510 Nam
3329 3449 3442 3530 qui

1955 3548 2271 3629 sapientes
2305 3564 2373 3609 se
2403 3553 2721 3627 reputant,
2739 3546 3319 3609 contradicentibus
3354 3548 3447 3610 in·

1953 3648 2319 3727 dignantur,
2368 3654 2430 3709 et
2478 3645 2635 3707 dura
2684 3644 3039 3726 profantur,
3092 3648 3441 3709 secundum

1953 3745 2113 3807 illud
2147 3743 2630 3806 Proverbiorum
2667 3760 2681 3804 :
2714 3742 2834 3805 Ubi
2877 3742 3068 3805 fuerit
3106 3744 3427 3825 superbia,
3474 3761 3737 3814 Pramum.

1878 3841 2044 3907 Cibi
2094 3844 2215 3905 erit
2262 3851 2325 3905 et
2373 3841 2779 3904 contumelia.
2834 3841 3086 3919 Quarto,
3140 3844 3311 3923 quod
3360 3862 3439 3907 ex

1955 3945 2197 4025 impetu
2235 3940 2551 4023 passionis
2590 3940 2840 4004 locutus
2882 3940 2963 4002 sit
2996 3958 3009 4002 :
3060 3942 3231 4021 quod
3278 3941 3435 4003 insi-

1951 4042 2209 4125 pientiae
2250 4048 2369 4117 est,
2402 4048 2592 4123 prout
2631 4040 2697 4101 in
2741 4039 3225 4103 Proverbiorum
3271 4040 3439 4103 libro

1953 4141 2251 4204 scribitur
2275 4140 2543 4204 :Fatuus
2563 4138 2775 4201 statim
2798 4138 3036 4201 indicat
3055 4139 3215 4201 iram
3237 4158 3435 4202 suam.
3470 4159 3583 4203 zm
3593 4163 3735 4211 mne.

1951 4241 2203 4317 Quinto,
2237 4239 2405 4320 quod
2426 4238 2621 4301 verba
2651 4258 2765 4300 sua
2798 4236 3160 4301 inefficacia
3191 4238 3319 4300 sint
3362 4239 3441 4302 ad

1953 4339 2463 4423 persuadendum
2519 4338 2859 4415 intentum,
2915 4337 3183 4419 ideoque
3232 4337 3441 4401 infru-

1953 4448 2173 4502 ctuose
2213 4436 2407 4500 verba
2443 4438 2637 4518 jactet
2674 4456 2785 4499 seu
2827 4444 3101 4518 spargat,
3136 4438 3445 4518 quemad·-

1953 4538 2211 4600 modum
2262 4535 2671 4598 Ecclesiastes
2720 4534 2914 4599 dicit:
2953 4535 3196 4598 Stultus
3245 4536 3443 4600 verba
3513 4560 3663 4606 coece.
3692 4572 3734 4613 x,

1955 4635 2359 4717 multiplicat.
2392 4633 2747 4708 Quocontra
2794 4632 3089 4697 Salomon
3139 4642 3447 4717 protesta·
3476 4626 3541 4666 ¹⁴·

1955 4744 2057 4798 tur
2091 4755 2105 4799 ε
2140 4733 2403 4797 Pretiosi
2438 4731 2723 4814 spirituS,
2772 4732 2871 4795 vir
2918 4732 3205 4796 eruditus
3246 4751 3260 4794 ε
3296 4733 3447 4814 quia
3486 4756 3738 4808 emam,

1953 4833 2253 4896 videlicet
2296 4831 2530 4895 eruditi
2570 4831 2692 4895 viri
2728 4839 2848 4907 est,
2883 4831 3273 4895 sententiosa
3309 4850 3448 4895 ver-
3474 4820 3543 4863 ²⁷·

1954 4932 2036 4995 ba
2093 4930 2413 5013 proferre,
2464 4949 2606 5011 quae
2654 4948 2807 4993 auro
2856 4929 3235 5012 pretiosiora
3291 4949 3443 4994 cen-

359 5026 598 5092 honore
645 5034 834 5105 esset,
871 5047 999 5090 non
1046 5028 1397 5104 intellexit3
1445 5040 1847 5114 comparatus
1879 5039 1928 5101 D
1958 5038 2198 5093 sentur.

2035 5129 2361 5205 Praeterea,
2396 5128 2568 5208 quod
2609 5126 2860 5203 dicitur,
2894 5126 3102 5207 Usque
3130 5126 3207 5189 ad
3249 5144 3441 5209 quem

1961 5228 2159 5290 finem
2204 5227 2399 5289 verba
2446 5226 2758 5307 jactabis?
2805 5226 2885 5289 de
2932 5225 3182 5306 duplici
3233 5234 3445 5307 potest

1961 5326 2092 5390 fine
2129 5325 2384 5409 exponi,
2426 5324 2773 5388 secundum
2819 5323 3175 5386 Albertum.
3210 5324 3441 5401 PrimO,

3140 5460 3203 5510 35
