4309 6259
601 508 952 555 RNARRATIO
995 510 1058 556 IN
1100 510 1236 556 CAP.
1283 510 1480 556 xxvm
1519 510 1678 556 unm
1721 511 1973 557 85:011an
2013 512 2543 558 PARAmPouENON.
2588 532 2669 542 —
2708 512 2853 557 ΛΒΤ.
2899 511 3094 557 XXVIII

3271 492 3391 557 24⁹

409 682 822 761 Tradiditque
869 702 1016 742 eum
1053 684 1372 744 Dominus
1408 686 1580 744 Deus
1624 684 1786 761 ejus,
1818 681 1869 743 A
1898 700 2116 763 gnum,
2155 684 2263 747 sed
2296 684 2372 746 ad
2404 702 2617 765 regem
2646 682 2932 763 confugit
2963 681 3385 764 Assyriorum,

327 779 421 861 qui
459 778 580 841 suit
618 779 780 842 Deus
821 780 1024 863 ipsius
1053 781 1258 844 Achaz
1286 782 1628 860 creatione,
1661 801 1788 846 non

325 879 732 951 veneratione,
783 883 858 941 in
907 902 1110 941 manu
1155 884 1324 958 reyz‘s
1373 884 1609 960 Syrioe.
1665 884 1792 951 Qui

316 980 608 1057 percussit
642 1000 819 1050 eum,
849 980 912 1041 id
953 988 1048 1042 est
1087 979 1395 1060 quosdam
1435 980 1513 1043 de
1551 980 1790 1063 populo

325 1076 446 1157 ejus
478 1094 492 1137 z
526 1095 652 1139 non
682 1078 854 1140 enim
890 1079 1208 1160 percussit
1239 1077 1452 1160 ipsum
1483 1078 1686 1142 Achaz
1722 1078 1787 1140 in

323 1193 585 1257 corpore,
637 1177 748 1239 sed
798 1177 865 1238 in
917 1176 1108 1239 rebus
1159 1197 1232 1240 ac
1280 1178 1597 1251 subditis3
1651 1200 1790 1239 ma-

323 1296 624 1354 ynamque
655 1278 953 1353 pra’dam
992 1280 1158 1354 cepit
1195 1280 1274 1337 de
1314 1278 1453 1354 ejus
1493 1279 1788 1355 imperiO,

326 1374 378 1435 id
407 1381 498 1435 est
522 1374 599 1435 de
631 1381 798 1437 terra
828 1373 1008 1454 regni
1041 1374 1266 1451 Achaz,
1301 1385 1358 1436 et
1397 1376 1681 1436 addua-it
1719 1378 1791 1435 in

327 1477 712 1535 Damascum.
749 1477 1058 1537 Manibus
1098 1496 1344 1555 quoque
1383 1478 1552 1553 regyis
1588 1479 1794 1537 Israel

330 1574 588 1632 traditus
631 1583 748 1642 est,
795 1583 855 1634 et
895 1592 1236 1651 percussus
1275 1579 1480 1653 playa
1522 1576 1793 1651 (standi,

330 1689 440 1731 non
481 1670 542 1731 in
582 1690 694 1733 sua
744 1690 1038 1753 persona,
1086 1672 1196 1734 sed
1237 1674 1425 1735 modo
1466 1680 1788 1754 praetacto.

331 1768 431 1829 Sed
463 1768 557 1830 his
586 1768 781 1851 objici
815 1778 1026 1851 potest
1061 1769 1218 1833 illud
1259 1771 1468 1851 quarti
1500 1770 1736 1849 Regum
1775 1792 1788 1836 :

1903 781 2012 862 qui
2061 782 2237 845 venit
2284 790 2347 843 et
2396 782 2565 864 cepit
2611 782 3007 857 Damascum,
3055 799 3129 843 ac
3177 797 3389 859 regem

1900 880 2038 961 ejus
2068 880 2259 943 Rasin
2290 880 2535 944 occidit.
2562 880 2719 943 Huic
2751 878 3106 943 recitationi
3136 878 3391 943 videtur

1901 979 2034 1043 haec
2066 979 2278 1043 littera
2307 980 2582 1062 amplius
2614 997 2983 1043 consonare.

1996 1080 2367 1157 Occide'tque
2412 1082 2661 1141 Phacee
2707 1081 2890 1157 filius
2938 1079 3265 1149 Romelioe,
3309 1079 3390 1136 de

1899 1179 2076 1257 ‚Inda
2122 1187 2380 1238 eentum
2418 1180 2660 1253 vissinti
2698 1166 2914 1238 millia
2965 1178 3037 1236 in
3075 1177 3183 1235 die
3225 1195 3384 1247 una,

1902 1295 2116 1335 omnes
2155 1278 2330 1336 viros
2376 1278 2728 1347 bellatores,
2766 1297 2835 1336 eo
2880 1279 3051 1355 quod
3096 1275 3391 1351 reliquis-

1899 1384 2036 1435 sent
2053 1376 2411 1436 Dominum
2431 1379 2636 1437 Deum
2659 1384 2928 1454 patrum
2960 1394 3248 1435 suorum.
3266 1374 3392 1433 Εο-

1901 1477 2046 1533 dem
2081 1484 2355 1551 tempore
2394 1476 2627 1534 occidit
2656 1476 2887 1535 Zeclzri
2928 1475 3031 1533 vir
3051 1482 3275 1549 potens
3311 1491 3391 1531 ex

1902 1574 2255 1649 Ephraim,
2298 1576 2619 1635 Maasiam
2659 1576 2879 1651 filium
2916 1574 3086 1649 reqis
3124 1570 3327 1633 Achaz
3370 1588 3385 1631 ε

1905 1668 2120 1732 forsan
2173 1671 2293 1734 iste
2330 1672 2589 1735 Maasias
2642 1671 2763 1733 fuit
2812 1670 2970 1733 alter
3020 1690 3057 1732 a
3096 1668 3391 1731 Zacharia

1908 1768 2047 1832 silio
2076 1770 2305 1847 Achaz,
2331 1790 2521 1852 quem
2550 1770 2859 1852 Josephus
2888 1768 3044 1832 dicit
3074 1767 3386 1841 occisum3

145 1874 310 1928 lister-tw.
332 1867 484 1929 Tune
511 1869 794 1930 ascendit
833 1868 1023 1931 Rasin
1065 1888 1172 1931 rex
1212 1868 1426 1951 Syriae,
1463 1877 1525 1932 et
1555 1869 1792 1933 Phacee
1831 1866 1878 1927 B
1903 1878 1962 1927 et
1998 1871 2309 1931 Ezre‘cam
2351 1873 2577 1930 ducem
2618 1874 2843 1930 domus
2880 1870 3045 1946 ejus,
3074 1870 3393 1928 Elcanam

147 1942 170 1983 52
181 1939 217 1978 1⁸.
227 1953 273 1989 ru,
285 1944 310 1980 l.

334 1964 490 2027 lilius
518 1966 808 2030 Romeliae
839 1986 947 2029 rex
977 1968 1188 2044 lsrael,
1224 1968 1290 2029 in
1328 1968 1674 2031 Jerusalem
1714 1969 1792 2031 ad

335 2065 758 2147 praeliandum3
803 2085 1128 2148 quumque
1167 2067 1537 2130 obsiderent
1563 2067 1788 2146 Achaz,

337 2182 442 2225 non
473 2163 806 2226 valuerunt
839 2183 1138 2247 superare
1168 2185 1336 2228 eum.

396 2263 478 2323 Ad
510 2262 674 2324 istud
707 2262 989 2325 breviter
1017 2263 1145 2326 dici
1177 2272 1408 2345 potest,
1443 2265 1790 2327 secundum

337 2362 478 2441 quod
520 2361 827 2443 Josephus
877 2364 1100 2443 tangit,
1145 2364 1315 2443 quod
1366 2372 1673 2444 quantum
1714 2365 1792 2427 ad

337 2459 434 2521 hoc
479 2479 597 2522 non
649 2469 996 2542 potuerunt
1045 2480 1344 2543 superare
1398 2480 1567 2538 eum,
1621 2462 1792 2543 quod

337 2557 528 2620 urbem
572 2559 922 2621 Jerusalem
969 2568 1228 2642 propter
1279 2578 1603 2622 murorum
1651 2578 1794 2622 suo-

337 2675 452 2717 rum
509 2656 946 2720 fortitudinem
1005 2677 1232 2741 capere
1292 2677 1419 2721 non
1471 2658 1786 2722 valebant.

336 2752 496 2817 Porro
523 2756 678 2837 Lyra
707 2756 814 2818 hic
846 2756 1090 2833 scribit,
1129 2758 1300 2839 quod
1334 2757 1540 2820 Achaz
1578 2756 1792 2819 obses-

338 2870 424 2912 sus
457 2872 490 2914 a
523 2872 666 2934 rege
707 2854 904 2937 Syriae
951 2863 1014 2917 et
1063 2872 1210 2935 rege
1251 2856 1463 2931 Israel,
1507 2864 1569 2919 et
1609 2856 1791 2918 valde

151 2958 316 3011 limace
339 2952 694 3030 portem-itm,
731 2953 1182 3017 consolabatur
1220 2954 1300 3016 ab
1331 2954 1488 3017 Isaia
1519 2954 1793 3036 prophe-

337 3056 406 3123 ta,
443 3059 618 3132 prout
664 3051 731 3113 in
778 3052 954 3114 Isaiae
999 3053 1327 3116 volumine
1368 3053 1636 3133 legitur3
1681 3055 1788 3115 sed
1826 3051 1871 3116 C
1985 3057 2082 3115 Ea
2109 3061 2469 3129 tempestate
2488 3061 2626 3112 erat
2646 3052 2741 3111 ibi
2758 3054 3080 3128 Propheta
3102 3050 3387 3120 Domini,

137 3032 194 3076 oeq.

337 3147 513 3211 Achaz
559 3150 890 3213 idololatra
928 3151 1297 3214 discredens
1337 3152 1685 3234 Prophetae,
1729 3162 1793 3215 et

335 3246 608 3311 diflidens
637 3250 716 3311 de
748 3249 858 3311 Dei
891 3249 1150 3325 auxilio,
1185 3251 1532 3332 postulavit
1571 3270 1608 3313 a
1645 3270 1791 3331 rege

337 3344 694 3427 Assyriorum
719 3347 1432 3413 subsidium.Veniente
1463 3369 1613 3430 ergo
1643 3368 1790 3431 rege

335 3441 694 3525 Assyriorum
726 3455 790 3509 et
821 3447 1239 3529 impugnante
1273 3447 1466 3531 Syriae
1498 3466 1784 3529 regnum,

337 3541 497 3603 rediit
538 3545 610 3606 ad
658 3564 776 3607 sua
826 3564 932 3607 rex
982 3545 1178 3629 Syriae
1231 3565 1246 3609 z
1299 3565 1428 3628 quo
1479 3565 1786 3627 regress0,

337 3656 564 3718 sperans
600 3642 804 3706 Achaz
850 3644 970 3706 soli
1020 3645 1150 3725 regi
1191 3645 1377 3708 lsrael
1420 3645 1782 3727 praevalere,

339 3734 460 3799 iniit
494 3750 703 3804 contra
741 3760 890 3805 eum
930 3750 1274 3819 certamen,
1318 3751 1381 3807 et
1418 3744 1624 3806 victus
1666 3743 1790 3807 fuit

169 3842 310 3893 Histlih.
335 3832 512 3897 Achaz
538 3857 676 3900 cum
707 3839 864 3901 suia.
889 3875 971 3884 —-
997 3839 1288 3919 Magister
1319 3860 1469 3904 vero
1498 3842 1565 3902 in
1597 3841 1790 3904 histo-

135 3902 166 3943 IY
175 3904 312 3963 Rege-25.

150 4520 290 4571 Mn

143 5006 186 5051 ΙΙ.
205 5020 302 5064 tud.

141 5200 224 5248 stu.
243 5214 293 5257 u.

337 3932 430 3993 riis
457 3937 652 3999 verius
680 3956 754 4001 ac
786 3938 1042 4019 plenius
1073 3938 1242 4001 circa
1273 3940 1392 4003 hoc
1425 3940 1668 4017 scribit,
1695 3941 1788 4002 di-

333 4048 461 4093 cens
509 4034 708 4116 ipsum
747 4037 955 4099 Achaz
1003 4036 1102 4099 bis
1143 4035 1342 4101 fuisse
1381 4038 1710 4101 obsessum
1750 4060 1788 4102 a

333 4129 556 4209 regibus
594 4133 741 4196 illis.
781 4135 858 4197 Et
897 4135 964 4197 in
1005 4136 1214 4217 prima
1251 4136 1583 4200 obsidione
1611 4138 1784 4201 Jeru-

1904 1988 2150 2048 quoqne
2176 1972 2531 2029 secundum
2557 1989 2599 2028 a
2628 1988 2784 2045 reye.
2810 1971 3243 2045 Ceperuntque
3259 1966 3396 2041 filii

1903 2069 2109 2128 Israel
2134 2070 2215 2125 de
2244 2068 2563 2144 fratribus
2589 2068 2746 2137 suis,
2772 2066 2834 2127 id
2868 2073 2963 2127 est
2993 2056 3068 2127 ex
3102 2072 3268 2125 terra
3299 2081 3394 2125 re—

1902 2164 2010 2245 gni
2054 2164 2235 2241 Juda,
2268 2168 2543 2225 ducenta
2582 2166 2798 2225 millia
2836 2166 3215 2232 mulierum,
3236 2182 3395 2241 pue-

1903 2284 2124 2324 rorum
2173 2273 2231 2322 et
2280 2267 2682 2339 puellarum,
2728 2273 2788 2323 et
2846 2264 3185 2340 infinitam
3222 2280 3393 2339 proe-

1903 2366 2058 2423 clam.
2083 2386 2110 2434 ,·
2135 2366 2669 2441 pertuleruntque
2704 2383 2846 2423 eam.
2886 2363 2959 2421 in
2987 2361 3392 2429 Samariam,

1907 2468 1977 2523 ut
2001 2460 2419 2542 subjugarent
2447 2478 2553 2523 eos
2585 2460 2651 2521 in
2683 2477 2897 2522 servos
2930 2466 2991 2522 et
3020 2457 3303 2534 ancillas»,
3324 2464 3394 2518 ut

1906 2558 2074 2621 infra
2103 2558 2373 2621 habetur
2404 2558 2471 2619 in
2502 2566 2696 2620 textu.
2716 2558 3165 2620 Verumtamen
3197 2556 3394 2618 incre-

1905 2658 2036 2739 pati
2089 2658 2152 2719 in
2206 2658 2412 2719 reditu
2462 2675 2499 2718 a
2537 2656 2847 2738 Propheta
2898 2654 3155 2718 nomine
3193 2652 3387 2731 Oded,

1905 2764 2313 2819 mutaverunt
2342 2755 2763 2837 propositum,
2790 2762 2854 2817 et
2884 2754 3265 2817 remiserunt
3292 2772 3393 2816 ca-

1903 2855 2136 2937 ptiv05,
2152 2854 2317 2916 sicut
2339 2851 2579 2915 diffuse
2599 2861 3062 2933 consequenter
3093 2852 3393 2915 recitatur

1903 2955 1968 3015 in
2003 2952 2235 3029 littera,
2272 2971 2413 3033 quae
2444 2952 2839 3034 expositione
2870 2970 2997 3014 non
3029 2951 3292 3032 indiget.

1901 3154 2163 3213 nomine
2192 3154 2386 3214 Odecl.
2410 3152 2537 3219 Qui
2562 3170 2843 3227 cyressus
2872 3151 3126 3210 obviam
3155 3150 3392 3208 exerci-

1904 3253 2003 3312 tui
2031 3250 2319 3311 venienti
2348 3250 2415 3308 in
2441 3250 2846 3317 Samariam,
2871 3250 3049 3307 diarit
3076 3250 3167 3307 eis
3186 3268 3210 3307 .·
3230 3249 3392 3308 Ecce

1901 3353 2112 3409 iratus
2150 3351 2469 3408 Dominus
2507 3350 2679 3407 Deus
2719 3357 2989 3425 patrum
3036 3356 3391 3407 vestrorum

1900 3458 2122 3508 contra
2152 3449 2355 3515 Juda,
2390 3447 2665 3506 tradidit
2694 3465 2794 3505 eos
2832 3447 2905 3503 in
2946 3447 3247 3505 manibus
3284 3465 3388 3504 ve-

1897 3548 2070 3619 striS,
2113 3557 2173 3607 et
2217 3547 2537 3606 occidistis
2574 3566 2673 3605 eos
2712 3546 3039 3627 atrociter,
3074 3547 3168 3605 ita
3202 3555 3274 3605 ut
3302 3547 3390 3604 ad

1897 3650 2122 3707 ca’lum
2151 3646 2543 3722 pertingeret
2574 3655 2782 3705 vestra
2811 3648 3034 3705 crudel
3042 3647 3183 3705 itas,
3206 3646 3389 3705 Insu-

1889 3764 2011 3821 per
2046 3746 2219 3821 filios
2257 3746 2433 3804 Iuda
2476 3753 2536 3803 et
2574 3746 2933 3804 Jerusalem
2977 3745 3177 3803 vultis
3216 3744 3389 3802 vobis

1896 3843 2208 3920 subjicere
2238 3843 2306 3901 in
2338 3862 2545 3901 servos
2574 3850 2633 3901 et
2662 3843 2937 3901 ancillas
2959 3861 2982 3899 .·
3003 3860 3125 3919 quo
3154 3860 3389 3919 nequa-

1896 3961 2094 4021 quam
2123 3941 2295 4016 facto
2326 3958 2482 4016 opus
2512 3948 2620 3999 est.
2646 3940 2965 3999 Peccastis
2992 3940 3167 3998 enim
3196 3957 3388 4013 super

1897 4040 2012 4097 hoc
2039 4039 2317 4098 Domino
2349 4040 2477 4098 Deo
2508 4045 2733 4096 vestro,
2769 4038 2899 4097 Sed
2928 4037 3153 4096 audite
3184 4038 3387 4095 consi-

1899 4138 2064 4197 lium
2093 4156 2332 4204 meum,
2359 4144 2420 4195 et
2448 4136 2736 4194 reducite
2763 4135 3046 4211 captivos
3084 4154 3237 4214 quos
3276 4136 3387 4195 ad-

328 4227 738 4307 salem,Achaz
759 4242 982 4297 contra
1014 4234 1160 4297 illos
1190 4254 1568 4316 congressus
1598 4246 1694 4299 est
1723 4245 1785 4300 et
1816 4236 1866 4297 D
1895 4236 2183 4294 duxistis
2210 4237 2289 4293 de
2316 4236 2640 4311 fratribus
2661 4234 2907 4303 vestris,
2933 4235 3090 4313 quia
3111 4253 3387 4309 maynus

327 4323 528 4403 vietus,
553 4339 612 4393 et
641 4330 822 4395 silius
853 4332 994 4414 ejus
1027 4333 1355 4395 Zacharias
1385 4334 1632 4397 occisus
1662 4344 1780 4412 est,

327 4424 626 4508 multaque
652 4430 856 4493 millia
887 4450 1104 4493 secum
1133 4458 1146 4508 ;
1190 4432 1488 4515 princeps
1529 4452 1784 4515 quoque

331 4520 555 4586 militiai
582 4527 709 4609 ejus
741 4528 984 4591 Diehan
1013 4530 1038 4555 *
1076 4538 1340 4611 captus3
1383 4540 1446 4593 et
1485 4539 1636 4593 tunc
1675 4551 1784 4595 rex

330 4614 496 4681 lsrael
542 4641 744 4687 secum
793 4626 978 4688 duxit
1028 4625 1284 4708 captiva
1329 4627 1530 4690 multa
1580 4629 1785 4691 millia

329 4717 636 4783 mulierum
673 4733 734 4788 et
773 4742 1119 4806 puerorum
1158 4745 1230 4788 ac
1259 4726 1640 4808 puellarum.
1674 4729 1784 4791 De-

331 4812 462 4879 inde
490 4824 752 4886 seeundo
777 4822 1166 4887 obsederunt
1186 4824 1568 4899 Jerusalem3
1603 4834 1784 4889 tunc-

329 4926 440 4989 que
472 4915 664 4981 Achaz
699 4922 886 4985 valde
932 4922 1207 5002 expavit,
1244 4923 1353 4984 sed
1398 4922 1783 4988 confortavit

327 5026 454 5072 eum
483 5013 662 5080 lsaias
685 5037 700 5081 ε
723 5020 808 5083 Ne
843 5019 1090 5095 timeaS,
1128 5020 1450 5101 inquiens,
1475 5041 1511 5083 a
1537 5022 1782 5085 duabus

327 5110 522 5171 caudis
562 5113 844 5179 titionum
887 5116 1342 5199 fumigantium
1382 5118 1671 5182 istorum.
1707 5121 1781 5182 Et

327 5204 550 5271 addidit
602 5214 794 5279 :Pete
842 5216 1100 5297 signum
1151 5236 1188 5279 a
1237 5216 1526 5280 Domino.
1577 5219 1782 5281 Achaz

327 5318 462 5367 vero
507 5326 634 5371 non
676 5314 964 5391 credidit,
1026 5332 1142 5377 nec
1189 5323 1407 5397 petere
1453 5316 1657 5381 voluit
1703 5318 1783 5379 si-

1892 4335 2088 4410 furor
2104 4334 2376 4394 Domini
2397 4334 2694 4392 imminet
2718 4334 3243 4393 vobis.Steterunt
3272 4334 3387 4393 ita·

1894 4453 2014 4512 que
2037 4434 2170 4492 viri
2187 4434 2267 4491 de
2286 4432 2702 4509 principibus
2719 4433 3013 4508 filiorum
3034 4432 3383 4508 Ephraim,

1894 4532 2178 4591 Azarias
2216 4531 2402 4606 filius
2438 4532 2766 4599 schanan,
2804 4532 3166 4591 Baraclzias
3198 4532 3383 4606 filius

1894 4631 2369 4697 Mosollamoth,
2420 4630 2729 4690 Ezechias
2772 4630 2955 4704 filius
3010 4630 3281 4699 Sella-m,
3323 4638 3383 4688 et

1892 4730 2138 4789 Amasa
2168 4730 2353 4805 filius
2384 4730 2613 4797 Aclali,
2642 4737 2865 4787 contra
2894 4748 2992 4787 eos
3026 4730 3143 4806 qui
3182 4730 3383 4787 venie-

1895 4828 2048 4886 bant
2087 4829 2167 4885 de
2200 4828 2452 4903 prcclz'O,
2484 4835 2543 4885 et
2577 4827 2890 4885 dixserunt
2926 4827 3017 4883 eis
3047 4844 3070 4886 .·
3102 4826 3252 4886 Non
3282 4827 3383 4885 in-

1897 4926 2243 4984 troducetis
2280 4926 2405 4984 huc
2442 4925 2747 5000 captivos,
2790 4944 2869 4982 ne
2899 4940 3227 4999 peccemus
3263 4926 3383 4984 Do-

1895 5022 2094 5083 mino,
2121 5025 2335 5091 Quare
2368 5022 2567 5082 vultis
2595 5022 2877 5098 adjicere
2905 5040 3098 5097 super
3120 5030 3381 5097 peccata

1893 5129 2134 5189 nostra,
2151 5129 2211 5179 et
2233 5127 2445 5178 vetera
2467 5122 2803 5179 cumulare
2821 5119 3099 5178 delicta?
3122 5120 3383 5179 Grande

1891 5220 2130 5297 quippe
2140 5226 2475 5293 peccatum
2498 5226 2610 5287 est,
2638 5226 2697 5275 et
2718 5218 2821 5276 ira
2842 5218 3094 5295 furoris
3111 5216 3385 5276 Domini

1891 5316 2191 5376 imminet
2218 5332 2411 5391 super
2441 5316 2665 5375 Israel.
2692 5314 3217 5393 Dimiseruntque
3245 5313 3383 5374 viri
