4309 6259
1179 507 1494 557 EXPoslTlo
1536 508 1859 557 onnloms
1901 506 2204 559 amassai
2246 506 2421 558 anuis
2460 507 2615 557 JUDA
3318 486 3437 556 275

351 678 612 742 vitatem
650 687 715 743 et
752 680 1064 762 templum
1100 698 1114 743 :
1147 680 1383 762 quibus
1412 681 1568 744 visis
1607 682 1844 745 exhila-
1872 681 1922 741 A
1952 681 2199 745 scilicet
2229 701 2343 763 pro
2373 683 2509 764 ejus
2539 682 2778 744 honore
2806 681 3010 744 zelum
3041 680 3205 761 gerit
3232 680 3438 743 since-

349 784 522 839 ratus
559 786 657 839 est
683 778 884 860 Cyrus
925 779 1130 854 valde,
1165 786 1231 841 et
1267 780 1606 860 quamdam
1653 781 1842 842 unius
1952 799 2090 841 rum
2116 783 2138 840 2
2161 783 2266 841 Sit
2287 783 2606 842 Dominus
2626 784 2796 842 Deus
2831 801 2989 841 suus
3026 802 3173 841 cum
3202 801 3293 852 eo,
3317 780 3437 843 hoc

347 875 480 937 veri
515 876 624 939 Dei
665 877 914 959 accepit
955 876 1272 954 notitiam,
1307 877 1708 960 libenterque
1738 898 1845 939 an·
1952 885 2069 954 est,
2102 878 2378 958 gratiose
2425 879 2603 957 juvet
2651 898 2723 940 ac
2770 878 2999 958 dirigat
3048 898 3217 955 eum,
3249 888 3309 938 et
3344 900 3438 939 as-

347 974 489 1035 nuit
518 975 822 1057 precibus
852 977 1237 1039 Judaeorum.
1266 979 1422 1045 Quis
1451 999 1532 1035 ex
1553 981 1726 1037 vobis
1754 986 1844 1037 est
1952 980 2181 1037 cendac
2226 978 2305 1039 ad
2358 986 2586 1040 terram
2631 977 2879 1053 Judaeoe,
2915 977 2992 1038 ad
3042 976 3439 1039 reaedifican-

345 1074 417 1132 in
447 1077 630 1135 omni
650 1079 895 1153 populo
925 1076 1065 1152 ejus
1089 1079 1118 1133 2
1147 1074 1211 1136 id
1242 1082 1357 1149 est,
1385 1075 1530 1156 quis
1561 1084 1840 1139 vestrum
1951 1075 2102 1136 dum
2154 1075 2463 1157 templum
2514 1083 2577 1138 et
2624 1075 2961 1138 colendum
3013 1076 3077 1136 in
3126 1094 3201 1138 60
3250 1076 3439 1138 Altis-

343 1171 412 1250 (ο
438 1172 668 1251 Judaei)
700 1182 797 1235 est
830 1192 978 1236 verc
1008 1174 1088 1235 de
1119 1173 1358 1255 populo
1387 1173 1496 1234 Dei
1527 1174 1696 1249 coeli,
1731 1174 1843 1255 qui
1952 1173 2209 1235 simum.

522 1598 1152 1684 EXPOSITIO
1232 1599 1857 1686 ORATIONIS
1931 1602 2497 1687 MANASSAE
2572 1602 2918 1688 REGIS
2986 1603 3270 1688 JUDA

1165 1872 1327 1925 Quum
1369 1872 1486 1916 PER
1529 1871 1972 1916 GAP'rlvl'rATEu
2015 1872 2382 1917 flummA'rth
2426 1874 2626 1917 ESSET.

99 2173 312 2221 roman.
465 2152 660 2215 lcU'r
693 2170 843 2215 vere
881 2149 971 2213 ait
1009 2150 1371 2232 Apostolu3‚
1407 2150 1518 2211 ubi
1566 2149 1844 2211 abunda·
1883 2151 1926 2212 B
1957 2151 2411 2226 recordaretur,
2457 2170 2583 2231 qua
2625 2153 2929 2215 Dominus
2968 2154 3436 2231 universorum,

483 2251 584 2314 vit
614 2257 971 2334 peccatum,
1006 2249 1288 2311 abundat
1327 2257 1389 2310 et
1425 2248 1648 2327 gratia.
1688 2248 1841 2309 Nam
1954 2248 2209 2310 omnem
2267 2248 2661 2312 intellectum
2712 2258 2775 2313 et
2820 2252 3131 2315 rationem
3180 2252 3441 2315 infinite

95 2372 312 2423 unam,
343 2349 512 2412 sicut
543 2349 863 2411 Manasses
909 2346 1332 2410 ineffabiliter
1365 2347 1501 2409 dire
1532 2346 1840 2428 peccavit,
1955 2348 2431 2424 transcendenS,
2468 2356 2530 2411 et
2568 2349 2815 2412 cunctis
2855 2350 3443 2431 incomparabiliter

91 2435 313 2540 ἓξξιζῖ·
343 2448 408 2509 in
454 2456 708 2509 tantum
764 2454 833 2508 ut
876 2446 1192 2510 Climacus
1231 2446 1420 2523 dicat,
1455 2446 1709 2508 Nullum
1751 2444 1846 2506 in·
1955 2444 2230 2525 dignior,
2255 2446 2551 2526 dignatus
2584 2456 2679 2509 est
2709 2449 2935 2511 horum
2966 2449 3251 2513 virorum
3279 2450 3443 2512 Deus

193 2532 204 2549 ’
283 2530 294 2541 ’
343 2546 536 2609 venio
591 2546 682 2607 ita
745 2564 1060 2627 peccasse,
1114 2545 1279 2607 sicut
1332 2545 1698 2619 Manassen3
1753 2542 1843 2604 sic
1955 2544 2317 2625 specialiter
2368 2545 2706 2622 nominari,
2756 2545 3005 2628 istoque
3052 2547 3235 2609 titulo
3281 2548 3446 2610 desi-

343 2643 816 2709 cordialissime
845 2643 1168 2726 poenituit,
1205 2663 1400 2724 seque
1430 2644 1575 2725 prof
1581 2640 1846 2704 undissi-
1955 2642 2159 2721 gnari,
2184 2642 2304 2705 hoc
2333 2644 2715 2724 cognomine
2744 2645 3199 2721 commendari,
3224 2665 3445 2727 quem-

341 2762 444 2807 me
475 2742 872 2818 humiliavit,
909 2750 972 2804 et
1005 2740 1477 2805 ferventissime
1509 2740 1794 2803 exoravit
1825 2757 1839 2801 :
1954 2740 2294 2801 admodum
2343 2741 2408 2801 in
2450 2740 2662 2803 Exodo
2693 2742 2781 2803 ait
2830 2743 2908 2804 ad
2956 2743 3206 2825 Moysen
3254 2761 3267 2804 :
3300 2743 3443 2806 Haec
3502 2756 3651 2801 Eat-oa.
3676 2770 3735 2808 m,

339 2843 530 2924 cujus
563 2840 771 2904 oratio
802 2858 1030 2919 magno
1063 2848 1160 2903 est
1187 2840 1378 2920 digna
1408 2838 1745 2922 praeconio,
1781 2846 1845 2900 et
1955 2836 2126 2899 dices
2160 2836 2315 2900 filiis
2336 2839 2523 2901 Israel
2552 2841 2755 2901 :Deus
2788 2849 3037 2922 patrum
3061 2851 3438 2920 vestrorum,
3474 2822 3539 2862 ¹⁵·

340 2949 436 3002 est.
480 2939 729 3003 efficax
766 2938 951 3000 valde
990 2940 1068 3001 ad
1113 2938 1605 3021 impetrandum.
1641 2937 1846 3019 Siqui-
1954 2938 2116 2999 Deus
2146 2937 2487 3014 Abraham,
2522 2939 2685 3001 Deus
2716 2940 2905 3015 isaac,
2942 2948 3005 3001 et
3034 2941 3197 3003 Deus
3224 2940 3438 3018 Jacob,

337 3039 487 3101 dem
523 3036 736 3101 oratio
767 3056 912 3118 quas
934 3036 1228 3099 laudibus
1261 3037 1370 3099 Dei
1401 3037 1733 3113 redundat,
1760 3043 1842 3097 at·
1955 3036 2130 3097 misit
2162 3054 2263 3098 me
2302 3036 2378 3098 ad
2410 3056 2546 3099 vos.
2584 3037 2711 3099 Hoc
2757 3056 2990 3100 nomen
3025 3038 3182 3100 mihi
3229 3048 3325 3102 est
3377 3039 3442 3102 in

339 3156 468 3219 que
514 3136 765 3201 orantis
807 3136 1030 3219 culpas
1077 3136 1494 3218 miseriasque
1545 3134 1836 3211 includit,
1953 3143 2303 3211 aeternum3
2338 3144 2401 3197 et
2430 3135 2551 3198 hoc
2582 3136 2953 3199 memoriale
2984 3153 3198 3199 meum
3244 3137 3307 3199 in
3338 3156 3445 3219 ge-

339 3234 684 3299 efficacior
714 3234 793 3297 ad
824 3234 1292 3297 exaudiendum
1325 3242 1641 3311 censetur,
1666 3235 1845 3314 juxta
1954 3234 2349 3297 nerationem
2389 3242 2451 3296 et
2498 3235 3000 3313 generationem.
3034 3238 3120 3297 Et
3167 3239 3444 3299 semina-

99 3347 310 3399 hm1‚4.
338 3336 516 3416 quod
565 3332 660 3396 ait
685 3332 998 3414 Propheta
1023 3333 1351 3395 :Laudans
1382 3332 1694 3397 invocabo
1725 3333 1843 3395 Do·
1876 3333 1919 3396 C
1956 3334 2090 3395 tor*
2117 3354 2340 3395 eorum
2355 3335 2557 3411 juste.
2593 3332 2834 3396 Dicitur
2875 3335 3061 3411 DeuS,
3097 3335 3442 3399 seminator
3499 3345 3651 3419 “aliu
3674 3356 3739 3388 te-

339 3433 622 3509 minum,
677 3441 743 3495 et
797 3432 880 3495 ab
919 3432 1199 3495 inimicis
1237 3432 1398 3495 meis
1451 3432 1665 3497 salvus
1708 3451 1836 3495 ero.
1951 3432 2453 3494 Patriarcharum
2500 3430 2790 3509 istorum,
2835 3440 2970 3494 tum
3012 3432 3162 3514 quia
3204 3434 3440 3515 princi·
3466 3421 3723 3527 ἴυζ’,ζᾯᾷζί

337 3532 513 3595 Talis
577 3549 734 3596 vero
791 3538 890 3593 est
937 3530 1058 3593 ista
1103 3531 1326 3608 oratio,
1382 3531 1451 3593 in
1507 3550 1635 3613 qua
1679 3532 1842 3594 Deus
1953 3530 2114 3612 palis
2148 3529 2474 3593 institutor
2503 3548 2746 3606 eorum,
2782 3531 3103 3612 tumquia
3144 3532 3212 3593 in
3252 3535 3441 3596 corde
3468 3535 3536 3577 '⁰¹
3576 3536 3739 3606 ⁸0⁷3stst

339 3629 799 3713 multipliciter
819 3648 892 3691 ac
913 3629 1298 3693 excellenter
1317 3629 1610 3693 laudatur
1632 3631 1711 3692 de
1731 3649 1846 3692 sua
1952 3648 2173 3692 eorum
2206 3628 2399 3691 verba
2425 3628 2591 3706 vitae,
2626 3648 2843 3692 semen
2865 3630 3103 3709 gratiae,
3140 3649 3211 3693 ac
3242 3630 3444 3695 diver·
3470 3602 3738 3653 ‘mmmm

339 3728 688 3810 maJestate
715 3734 780 3790 et
815 3726 1304 3810 omnipotentia,
1341 3728 1419 3791 (16
1449 3748 1564 3791 sua
1610 3728 1844 3810 pietate
1953 3747 2022 3790 sa
2051 3727 2433 3789 charismata
2462 3726 2823 3803 seminavit,
2862 3735 2998 3789 tum
3038 3728 3191 3809 quia
3220 3747 3443 3792 eorum

339 3836 402 3890 et
430 3826 718 3909 justitia,
753 3827 834 3889 de
861 3846 976 3888 sua
1003 3826 1286 3889 bonitate
1316 3835 1380 3889 et
1409 3827 1746 3909 sapientia,
1781 3836 1845 3889 et
1955 3826 2235 3889 sobolem
2268 3825 2707 3907 copiosissime
2736 3826 3138 3907 propagavit.

339 3926 420 3989 (16
449 3925 790 4009 praeclaris
817 3923 1164 3988 effectibus
1196 3926 1348 3988 suis,
2038 3926 2166 3995 Qui
2193 3926 2409 4002 fecisti
2446 3927 2675 3985 coelum
2712 3933 2771 3984 ec
2804 3933 3046 3984 terram
3082 3944 3231 3986 cum
3260 3926 3443 3985 omni

422 4027 654 4105 Itaque
695 4042 806 4086 rex
834 4022 1148 4088 Manasses
1188 4025 1482 4087 detentus
1524 4025 1592 4086 in
1623 4026 1848 4089 vincu-
1955 4033 2192 4085 ornatu
2220 4042 2443 4082 eorum
2463 4021 2684 4102 :juxta
2725 4019 2887 4083 illud
2916 4020 3201 4097 GenesiS‚
3234 4022 3442 4085 Perfe-
3481 4033 3709 4085 Gen-ud·

342 4122 446 4201 lis,
471 4131 542 4186 et
563 4120 985 4204 compedibus
1005 4124 1500 4204 aggravatuS‚ad
1523 4142 1635 4186 cor
1662 4144 1850 4186 suum
1958 4121 2043 4185 cti
2076 4129 2225 4183 sunt
2254 4120 2399 4183 coeli
2429 4127 2493 4182 et
2526 4126 2691 4183 terra
2722 4128 2784 4181 et
2815 4118 3024 4183 omnis
3056 4129 3318 4183 ornatus
3348 4140 3447 4185 60-

123 4230 312 4288 stam,
343 4239 652 4284 reversus
701 4226 819 4295 est,
873 4219 1207 4283 vexatione
1265 4219 1388 4282 sibi
1449 4221 1845 4284 intellectum
1961 4239 2123 4282 rum.
2158 4220 2373 4299 ltaque
2413 4217 2568 4280 fecit
2595 4218 2758 4279 Deus
2799 4218 3034 4281 coelum
3078 4226 3141 4282 et
3182 4226 3445 4298 terram,

101 4295 150 4337 ¹⁹·
344 4326 734 4401 praestante3
767 4325 980 4398 atque,
1004 4327 1078 4380 ut
1097 4337 1290 4400 supra
1307 4319 1694 4397 continetur,
1719 4320 1851 4401 egit
1962 4319 2082 4381 hoc
2110 4326 2206 4381 est
2249 4317 2577 4399 superiora
2603 4323 2667 4379 et
2711 4315 3037 4396 inferiora,
3072 4318 3357 4382 visibilia
3387 4328 3451 4383 et

145 4438 290 4485 urar.
345 4416 806 4500 poenitentiam
851 4416 1058 4493 valde,
1094 4416 1214 4479 boc
1253 4425 1370 4494 est,
1405 4417 1696 4480 intimam
1743 4419 1852 4481 ha·
1962 4417 2337 4494 invisibilia,
2369 4436 2617 4479 summa
2645 4424 2709 4478 et
2747 4415 2977 4479 infima
3007 4436 3155 4480 cum
3186 4419 3445 4497 mediis,

97 4514 210 4607 ,ξω
237 4507 296 4557 ¹²’
345 4515 494 4578 buit
523 4514 1006 4591 contritionem,
1041 4522 1105 4577 et
1125 4515 1499 4597 deprecatus
1529 4525 1626 4579 est
1654 4518 1850 4580 Deum
1885 4521 1934 4582 D
1961 4515 2194 4579 coelum
2251 4535 2397 4577 cum
2456 4513 2772 4577 sideribus
2822 4534 2895 4578 ac
2953 4515 3251 4598 planetiS‚
3307 4536 3453 4580 cum

347 4613 626 4691 intente,
664 4612 1160 4692 ferventissime,
1196 4614 1575 4691 humillime,
1618 4616 1854 4678 contri·
1962 4615 2137 4677 omni
2170 4615 2331 4691 luce,
2352 4611 2697 4676 influentia
2720 4632 2794 4676 ac
2824 4613 3063 4678 virtute
3094 4615 3453 4679 coelestium

347 4712 608 4775 tissimo
639 4712 835 4775 corde
860 4711 1082 4774 dicens
1108 4714 1416 4773 :Domine
1435 4716 1853 4793 omnipotens,
1959 4732 2320 4795 corporum,
2346 4722 2580 4776 terram
2599 4733 2745 4777 cum
2776 4713 3005 4777 ceteris
3031 4713 3368 4777 elementis
3391 4721 3454 4776 et

347 4806 526 4873 D'eus
545 4821 827 4889 patrum
845 4822 1236 4883 nostrorum,
1259 4815 1621 4883 Abraham,
1643 4816 1850 4885 Isaac,
1961 4812 2259 4876 omnibus
2288 4811 2354 4874 in
2376 4812 2616 4876 eisdem
2647 4812 2987 4875 contentis.

346 4920 407 4971 et
454 4912 678 4973 Jacob.
710 4908 1026 4973 Manasses
1076 4910 1155 4973 de
1205 4910 1435 4973 horum
1485 4920 1850 4975 sanctorum
2047 4913 2173 4980 Qui
2200 4912 2513 4989 signasti*
2542 4932 2721 4973 mare
2750 4913 2934 4971 verbo
2954 4911 3264 4988 proecepti
3296 4911 3398 4971 tui
3428 4929 3451 4969 .·
3520 4937 3540 4957 ·
3564 4934 3669 4980 alias
3692 4934 3747 4979 12·-

347 5008 871 5072 Patriarcharum
913 5008 1160 5072 semine
1200 5018 1409 5087 natuS,
1446 5019 1616 5075 recte
1654 5018 1718 5073 et
1764 5010 1859 5073 in·
1963 5010 2029 5073 id
2060 5018 2177 5087 est,
2207 5009 2628 5091 impressione
2650 5018 2773 5072 tuae
2793 5008 3049 5073 virtutis
3071 5016 3136 5071 et
3163 5007 3454 5088 jussione
3480 5000 3601 5056 ⁹⁹⁶

351 5106 680 5171 dustriose
711 5126 894 5171 suam
924 5107 1165 5190 incepit
1195 5108 1550 5172 orationem
1580 5109 1700 5172 hoc
1732 5128 1860 5173 mo-
1963 5107 2444 5190 omnipotentiae
2503 5116 2647 5185 tuae,
2701 5107 2995 5170 indidisti
3046 5106 3207 5168 mari
3272 5125 3453 5169 suam

349 5205 460 5283 do,
483 5214 810 5287 quatenus
839 5214 1160 5271 tantorum
1191 5207 1697 5270 Patriarcharum
1727 5227 1857 5271 me-
1965 5206 2420 5290 proprietatem
2454 5214 2517 5267 et
2545 5205 2700 5282 vim,
2735 5224 2863 5285 qua
2901 5204 3084 5285 quasi
3124 5204 3337 5285 sigillo
3373 5204 3455 5267 ab

353 5304 502 5366 ritis
561 5305 918 5387 juvaretur,
979 5306 1216 5369 divinae
1273 5324 1534 5387 quoque
1599 5306 1856 5388 pietatis
1967 5305 2109 5369 aliis
2147 5312 2246 5366 est
2286 5303 2681 5381 distinctum,
2716 5310 2779 5365 et
2820 5310 2967 5365 tuus
2995 5321 3135 5365 esse
3178 5300 3455 5365 effectus
