4309 6259
1323 797 2375 922 ENARRATIO

523 1125 768 1263 IN
922 1121 2150 1295 SECUNDUM
2298 1121 3181 1261 LIBRUM

855 1466 2863 1634 PARALIPOMENON

315 1850 379 1897 m
430 1848 576 1908 Quo
627 1846 1055 1907 SALOMOMS,
1101 1842 1730 1902 RaLIQuoRUMQUE
1778 1842 1952 1891 POST
1995 1842 2144 1894 EUM
2196 1842 2445 1894 REGUM
2494 1843 2677 1894 JUDA
2718 1844 2806 1893 ET
2844 1844 3103 1895 ISRAEL
3135 1844 3393 1909 GESTA,

951 1972 1018 2021 m
1070 1970 1297 2019 LIBRIS
1341 1968 1600 2043 REGUM-
1635 1966 2179 2034 PRAETERMISSA,
2228 1968 2757 2020 EXPLICANTUR.

1280 2511 1930 2599 ARTICULUS
2009 2512 2451 2598 PRIMUS

783 2781 1137 2829 ELUGmA'rlo
1188 2780 1464 2827 calmum
1517 2779 1688 2825 Pnnu
1727 2780 1742 2826 Ζ
1791 2778 2221 2825 CONFORTATUS

2274 2780 2381 2826 EST
2433 2780 2589 2826 ERGO
2642 2781 2919 2828 SALOMON
2927 2814 2942 2828 .

435 3057 1022 3120 ONFORTATUS
1062 3063 1154 3115 est
1193 3072 1340 3131 erqo
1385 3054 1694 3115 Salomon
1729 3052 1808 3127 fi*-
1838 3044 1892 3109 A
1919 3049 2278 3132 expositum
2320 3060 2416 3116 est
2458 3053 2627 3135 quod
2672 3054 2777 3119 hic
2819 3055 3130 3137 sequitur.
3162 3060 3407 3121 Arcam

453 3158 588 3217 lius
624 3156 848 3217 David
885 3157 958 3216 in
999 3173 1193 3231 reqno
1230 3172 1367 3212 suo.
1403 3148 1809 3214 Consortatus

319 3252 436 3315 ruit
471 3254 542 3316 in
585 3270 805 3334 regno,
840 3252 996 3334 quia
1033 3250 1316 3331 legitime
1357 3248 1709 3325 institutuS,
1745 3252 1809 3309 et

317 3372 352 3413 a
377 3352 500 3417 Deo
533 3354 616 3417 ad
648 3351 1044 3433 regnandum
1085 3350 1348 3427 electuS,
1383 3356 1576 3431 atque
1606 3366 1644 3410 a
1675 3353 1808 3410 toto

319 3450 550 3533 populo
595 3448 1000 3514 concorditer
1044 3456 1430 3531 acceptatus,
1470 3465 1588 3509 nec
1632 3444 1810 3527 quis-

319 3566 502 3629 quam
533 3568 607 3612 se
637 3548 698 3612 ei
725 3547 1048 3631 opposuit.
1067 3550 1155 3609 Ec
1172 3549 1490 3609 Dominus
1506 3555 1646 3606 erat
1663 3564 1812 3604 cum

317 3668 401 3719 eo,
425 3667 538 3730 per
569 3648 844 3730 gratiam
874 3654 939 3711 et
967 3646 1258 3723 virtuteS,
1282 3655 1342 3706 et
1361 3644 1811 3722 magnificavit

319 3767 456 3808 eum
483 3750 559 3809 in
593 3750 938 3819 excelsum,
971 3744 1034 3807 id
1064 3752 1162 3808 est
1195 3742 1382 3808 valde
1420 3741 1805 3805 sublimiter.

321 3848 756 3926 Proecepitque
787 3848 1094 3907 Salomon
1127 3844 1428 3904 universo
1457 3842 1714 3913 Israeli,
1745 3838 1810 3903 id

322 3952 410 4005 est
435 3944 795 4026 majoribus
825 3942 1021 4007 totius
1062 3940 1285 4025 populi
1316 3940 1439 4018 sui,
1476 3940 1542 4002 in
1571 3938 1809 4022 quibus

323 4050 443 4105 tota
504 4042 938 4107 communitas
997 4039 1356 4104 virtualiter
1413 4038 1805 4103 continetur.

323 4140 490 4205 Unde
518 4141 707 4224 quasi
739 4139 1124 4223 expositoria
1152 4138 1445 4201 subditur
1478 4156 1493 4200 τ
1532 4139 1812 4199 tribunis

1919 3159 2135 3211 autem
2150 3153 2276 3212 Dei
2301 3155 2671 3216 adduxerat
2690 3157 2909 3217 David
2935 3158 3016 3217 de
3047 3158 3409 3219 Carialhia-
3449 3169 3591 3215 war.
3610 3184 3697 3215 nn.

1917 3251 2050 3310 rim
2080 3250 2154 3309 in
2198 3254 2405 3313 locum
2438 3274 2628 3333 quem
2656 3265 3147 3332 praeparaverat
3174 3260 3260 3329 ei,
3293 3258 3408 3317 ubi

1917 3352 2157 3426 fixerat
2188 3352 2297 3410 illi
2327 3353 2841 3424 tabernaculum,
2859 3357 2975 3416 hoc
3000 3364 3091 3415 est
3120 3357 3195 3416 in
3222 3358 3413 3417 Jeru-

1917 3450 2140 3510 salem.
2164 3451 2393 3511 Altare
2420 3471 2667 3532 quoque
2695 3472 2968 3525 cene-um,
3002 3456 3174 3533 quod
3202 3456 3413 3534 fabri-

1919 3557 2098 3609 catus
2126 3548 2347 3625 fuerat
2376 3553 2651 3611 Beseleel
2683 3552 2867 3630 filius
2907 3554 3027 3616 Uri
3054 3555 3194 3630 filii
3226 3556 3407 3625 Hur,

1921 3646 2014 3706 ibi
2029 3657 2195 3717 erat,
2210 3647 2509 3712 videlicet
2530 3648 2595 3711 in
2618 3649 2866 3714 excelso
2884 3650 3165 3728 Gabaon,
3190 3672 3408 3712 coram

1936 3748 2345 3808 tabernaculo
2388 3750 2684 3819 Domini,
2714 3749 2778 3811 id
2821 3757 2917 3813 est
2960 3758 3109 3813 ante
3149 3749 3214 3811 in
3246 3749 3410 3812 atrio

1920 3844 2095 3925 ejus;
2142 3849 2315 3925 quod
2362 3856 2421 3907 el
2465 3849 2829 3928 requisivit,
2864 3848 2927 3910 id
2971 3856 3089 3926 ost,
3138 3848 3409 3912 accessit

1921 3962 1994 4005 ac
2047 3944 2352 4022 visitavit,
2401 3948 2709 4007 Salomon
2756 3956 2815 4007 el
2862 3948 3074 4007 omnis
3121 3949 3410 4018 ecclesia,

1923 4040 1986 4103 id
2019 4049 2114 4104 est
2145 4050 2275 4105 tota
2305 4041 2599 4107 fidelium
2618 4044 2975 4108 Judaeorum
3008 4044 3412 4125 congregatio

1923 4158 2138 4203 secum
2169 4141 2500 4205 exsistens,
2532 4144 2961 4224 Ascenditque
2984 4146 3293 4207 Salomon
3322 4146 3411 4205 ad

325 4248 378 4300 et
422 4240 913 4302 centurionibus
958 4248 1018 4299 ec
1059 4240 1332 4299 ducibus
1375 4247 1436 4298 et
1471 4238 1812 4315 judicibus
1841 4240 1886 4303 B
1923 4242 2131 4300 altare
2160 4260 2411 4302 oeneum
2448 4261 2665 4303 coram
2706 4242 3113 4304 tabernaculo
3143 4243 3410 4320 foederis

325 4342 526 4401 omnis
563 4343 798 4410 Israel,
832 4348 892 4399 et
919 4338 1333 4416 principibus
1365 4336 1807 4413 familiarum.

329 4438 657 4503 Distinctio
702 4445 913 4501 autem
962 4437 1192 4500 horum
1233 4434 1673 4499 officiatorum
1717 4435 1798 4498 ab

113 4539 304 4593 mmm
329 4536 622 4615 invicem,
669 4538 734 4600 in
772 4535 1170 4619 expositione
1206 4533 1354 4597 libri
1397 4533 1587 4617 primi
1629 4534 1814 4597 indu-

327 4645 420 4699 cta
447 4644 566 4701 est.
597 4640 686 4700 Et
713 4639 880 4699 abiit
909 4656 1058 4697 cum
1099 4636 1407 4697 universa
1439 4634 1810 4695 multitudi-

329 4756 401 4795 ne
425 4736 656 4801 horum
687 4736 1004 4818 majorum
1027 4741 1089 4797 et
1110 4733 1202 4797 eis
1233 4732 1711 4811 associatorum,
1737 4735 1810 4794 in

328 4840 634 4897 excelsum
669 4836 958 4905 Gabaon,
993 4834 1106 4893 ubi
1144 4842 1284 4894 erac
1324 4834 1812 4895 tabernaculum

330 4935 580 5010 foederis
607 4936 904 5005 Domini,
937 4934 1108 5013 quod
1134 4932 1292 5009 fecit
1325 4934 1573 5009 Moyses
1601 4934 1812 5011 famu-

151 5042 262 5091 liae.
333 5034 426 5091 lus
453 5034 722 5094 Domini
751 5034 824 5093 in
853 5032 1207 5093 solitudine
1237 5049 1351 5113 per
1381 5049 1607 5092 manus
1637 5030 1813 5093 Bese-

109 5112 256 5154 ¹¹¹''·¹·
331 5128 467 5193 leel.
499 5130 781 5206 Qualiter
810 5129 1128 5193 excelsum
1162 5129 1284 5193 hoc
1320 5128 1575 5193 Gabaon
1609 5128 1813 5213 dupli-

123 5234 308 5289 wnnm.
333 5228 480 5291 citer
510 5230 710 5312 possit
747 5227 1003 5311 exponi,
1040 5227 1105 5290 in
1146 5227 1573 5291 elucidatione
1617 5228 1809 5310 primi

333 5325 472 5390 libri
520 5347 892 5412 expressum
949 5335 1066 5391 est.
1121 5327 1187 5390 ln
1237 5327 1592 5408 eodemque
1641 5327 1807 5393 libro

1924 4339 2215 4411 Domini,
2246 4349 2306 4400 et
2342 4342 2574 4402 obtulit
2611 4344 2685 4401 in
2722 4360 2791 4401 eo
2830 4342 3013 4402 mille
3044 4342 3308 4414 hostias,
3340 4340 3409 4403 id

1923 4444 2018 4498 est
2050 4457 2243 4520 super
2272 4438 2472 4502 altare
2515 4438 2673 4503 illud
2712 4439 3253 4519 holocaustorum,
3295 4458 3411 4522 per

1922 4555 2148 4599 manus
2182 4537 2580 4601 sacerdotum
2615 4555 2630 4600 ε
2664 4538 2835 4621 quod
2870 4558 3117 4603 aeneum
3149 4546 3305 4615 erat,
3342 4547 3412 4602 ut

1924 4634 2090 4715 ignis
2119 4635 2395 4699 calorem
2428 4635 2749 4701 sacrificia
2788 4637 3234 4702 incendentem
3267 4655 3413 4719 pos-

1923 4743 2018 4797 set
2065 4735 2205 4799 sine
2248 4735 2507 4800 laesione
2551 4734 2849 4799 sufferre.
2896 4736 3111 4819 ltaque
3151 4744 3414 4819 propter

1921 4834 2321 4898 sanctitatem
2368 4842 2432 4897 et
2482 4834 2856 4915 dignitatem
2904 4834 3299 4899 tabernaculi
3349 4840 3414 4897 et

1920 4929 2136 4994 altaris
2168 4931 2344 4995 illius
2372 4932 2607 4995 obtulit
2638 4931 2750 4995 ibi.

1997 5030 2179 5095 Circa
2207 5031 2341 5094 haec
2372 5030 2461 5092 ait
2489 5030 2710 5094 Glossa
2744 5048 2758 5093 ε
2790 5030 3046 5094 Gabaon
3086 5030 3240 5093 olim
3286 5028 3411 5093 fuit

1921 5129 2293 5212 metropolis
2336 5130 2725 5207 Hevaeorum,
2768 5128 3126 5210 ceciditque
3166 5128 3233 5190 in
3279 5147 3413 5192 sor-

1922 5240 2048 5293 tem
2078 5228 2431 5311 Benjamin,
2452 5234 2514 5291 et
2545 5225 2671 5289 fuit
2701 5236 2990 5310 separata
3018 5227 3277 5291 LevitiS.
3302 5228 3413 5291 Mi-

1923 5347 2064 5391 rum
2111 5336 2209 5391 est
2253 5344 2404 5408 ergo
2462 5326 2635 5408 quod
2676 5326 2987 5408 Josephus
3038 5326 3197 5390 dicit
3239 5327 3415 5393 Salo—
