4309 6259
1253 497 1602 544 uuam-no
1642 497 1704 542 ιΝ
1747 496 1888 542 ω.
1929 494 1992 543 xv
2031 496 2158 541 101³.
2203 515 2284 526 —
2324 497 2467 544 Aur.
2512 498 2617 545 xlv
3357 482 3476 546 365

369 686 552 731 more
589 687 666 731 ac
703 667 1125 733 dissolutione
1153 668 1362 750 primo
1397 675 1661 751 apparet
1696 667 1874 730 debi·
1904 665 1953 726 A
1985 669 2181 732 Deum
2220 669 2426 733 vereri
2469 670 2859 747 monstrasti,
2895 671 2995 735 vel
3028 671 3240 753 potius
3283 670 3477 733 simu-

371 764 792 829 litaS.Docuit
813 785 964 849 ergo
982 766 1100 829 Job
1123 766 1242 828 sub
1265 766 1404 846 lege
1425 766 1873 847 naturae,quod
1986 767 2175 830 lasti?
2225 768 2408 850 quasi
2465 768 2684 831 di'cat:
2726 769 2904 832 Nunc
2960 777 3243 852 apparet,
3298 770 3471 851 quod

374 874 600 946 postea
650 865 870 928 docuit
914 865 1104 927 isaias
1152 864 1272 927 sub
1322 864 1460 944 lege
1508 864 1766 946 scripta,
1812 871 1876 925 et
1986 867 2182 929 Deum
2217 886 2343 929 non
2377 867 2625 945 timeas,
2649 887 2766 932 nec
2794 877 2940 931 ante
2969 868 3216 931 sincere
3249 868 3477 931 timue-

373 962 611 1026 Paulus
654 963 947 1046 sublege
990 962 1380 1043 evangelica.
1419 963 1738 1045 Scriptum
1781 969 1878 1025 est
1987 966 2095 1041 ris,
2148 984 2345 1047 quum
2398 974 2525 1030 tam
2574 977 2835 1049 repente
2882 975 3075 1049 atque
3125 967 3474 1031 enormiter

103 1073 164 1116 1⁸-
188 1086 342 1125 xxxv.
377 1062 556 1125 enim
596 1063 666 1124 in
695 1062 856 1125 isaia
890 1081 905 1125 ε
938 1061 1308 1126 Consortate
1346 1081 1572 1124 manus
1605 1060 1877 1124 dissolu·
1988 1082 2211 1145 pecces
2254 1083 2368 1146 per
2398 1064 2591 1127 verba
2634 1065 3093 1142 maledictoria,
3127 1085 3272 1148 quae
3316 1064 3477 1128 dixi-

57 1148 155 1190 ³’⁸·
379 1170 500 1238 ωε,
533 1170 598 1225 et
642 1178 855 1241 genua
897 1161 1136 1224 debilia
1180 1160 1492 1225 roborate.
1544 1158 1880 1221 Pusillani-
1988 1161 2090 1223 sti.
2128 1162 2447 1244 Scriptum
2489 1172 2586 1226 est
2619 1182 2894 1246 namque
2930 1181 2943 1225 ε
2979 1164 3193 1228 Timor
3224 1162 3477 1227 Domini
3505 1192 3771 1244 mest-‚132

381 1279 542 1337 meS,
576 1259 1058 1337 confortamini,
1091 1268 1155 1323 et
1185 1259 1385 1322 nolite
1415 1260 1660 1321 timere.
1695 1258 1770 1319 Et
1800 1257 1880 1319 ad
1989 1261 2250 1343 expellit
2297 1272 2648 1344 peccatum.
2702 1263 2859 1326 Hinc
2906 1271 2968 1325 et
3015 1262 3188 1325 infra
3233 1264 3323 1328 ait
3370 1262 3478 1325 hic

83 1370 231 1455 febr.
259 1383 348 1417 εει,
379 1359 680 1422 Hebraeos
727 1358 963 1421 dicitur
997 1376 1012 1420 ε
1044 1358 1362 1421 Remissas
1411 1376 1639 1419 manus
1677 1365 1740 1420 et
1783 1374 1883 1437 ge-
1989 1360 2250 1443 Eliphaz
2286 1379 2300 1425 :
2334 1362 2646 1435 Quantum
2686 1362 2752 1424 in
2788 1371 2850 1425 te
2890 1370 3007 1439 est,
3042 1362 3362 1426 evacuasti
3408 1362 3479 1425 ti·
3532 1392 3617 1435 101,
3633 1393 3757 1441 xm,

61 1436 123 1479 ¹‘'
147 1436 220 1473 ¹³·
381 1476 512 1519 uua
543 1456 782 1520 debilia
810 1456 1050 1537 erigite,
1077 1465 1140 1521 et
1169 1475 1424 1539 gressus
1456 1464 1660 1519 rectos
1693 1454 1882 1517 facite
1992 1479 2257 1523 morem.
2275 1460 2814 1535 Quemadmodum
2838 1472 3048 1525 autem
3075 1462 3263 1524 timor
3284 1461 3481 1526 servi-

383 1556 658 1638 pedibus
701 1555 955 1619 vestriS.
989 1556 1313 1632 Praeterea‚
1349 1555 1697 1619 secundum
1737 1553 1882 1615 Gre-
1992 1558 2070 1621 lis
2098 1559 2361 1641 expellit
2400 1569 2729 1641 peccatum
2764 1559 3109 1623 formidine
3137 1578 3365 1642 poenae,
3387 1560 3480 1623 sic

380 1657 660 1736 goi-ium,
707 1655 859 1718 dum
903 1656 1166 1738 Eliphaz
1217 1664 1506 1718 sanctum
1554 1655 1669 1718 Job
1719 1654 1884 1717 vitu-
1993 1657 2184 1719 timor
2224 1656 2444 1719 filialis
2482 1676 2699 1721 amore
2739 1657 3025 1740 justitiae,
3060 1676 3169 1720 seu
3211 1657 3481 1721 detesta-

383 1774 612 1837 perare
659 1754 958 1831 intendit,
1003 1755 1214 1836 ipsum
1268 1773 1394 1817 non
1443 1773 1668 1836 parum
1713 1771 1884 1817 com·
1949 1811 1956 1817 .
1993 1754 2165 1818 tione
2194 1754 2461 1819 offensae
2492 1756 2844 1837 majestatis
2876 1764 3174 1838 paternae.
3202 1758 3484 1817 Fortitu-

382 1855 668 1917 mendat.
723 1854 1088 1929 PenscmuS‚
1143 1853 1232 1915 ait
1285 1853 1646 1934 GregoriuS‚
1699 1852 1882 1932 cujus
1921 1853 1966 1915 B
1991 1858 2070 1914 do
2103 1864 2242 1924 tua,
2273 1855 2336 1917 id
2369 1863 2485 1931 est,
2511 1855 2622 1917 ubi
2656 1874 2825 1917 nunc
2856 1863 2953 1918 est
2982 1854 3047 1916 in
3082 1864 3141 1917 te
3175 1853 3482 1917 fortitudo

382 1951 792 2015 celsitudinis
835 1952 956 2014 iste
983 1951 1081 2014 vir
1120 1950 1265 2029 fuit,
1302 1950 1414 2032 qui
1457 1950 1625 2013 inter
1666 1968 1882 2013 curam

378 2051 638 2128 domuS‚
691 2050 860 2113 inter
906 2050 1364 2133 multiplicium
1417 2068 1630 2112 rerum
1677 2056 1886 2111 custo-

381 2150 580 2225 diam,
601 2150 768 2212 inter
795 2148 1066 2211 affectus
1099 2138 1462 2231 pignorum,
1488 2148 1653 2210 inter
1674 2145 1885 2209 studia

385 2256 482 2313 tot
524 2248 836 2323 laborum,
872 2248 1239 2311 erudiendis
1284 2266 1351 2309 se
1381 2246 1610 2309 ceteris
1643 2246 1732 2307 ita
1771 2244 1887 2306 im-

384 2348 636 2430 pendit.

466 2446 949 2527 Consequenter
993 2444 1254 2527 Eliphaz
1288 2444 1522 2519 innuit,
1559 2443 1729 2525 quod
1768 2443 1884 2505 Job

385 2545 656 2629 propria
685 2546 984 2624 dogmata
1025 2563 1152 2607 non
1199 2543 1514 2625 implevit.
1553 2546 1748 2605 Nunc
1775 2562 1890 2602 au-

387 2656 516 2707 tem
549 2647 728 2705 venit
757 2664 950 2723 super
981 2654 1038 2705 te
1059 2648 1288 2723 playa,
1320 2643 1383 2705 id
1422 2650 1518 2704 est
1562 2640 1890 2723 percussio

387 2745 514 2805 ista
543 2752 611 2805 et
641 2741 670 2804 l'
675 2742 932 2806 iliorum
963 2762 1037 2805 ac
1067 2761 1262 2824 opum
1293 2740 1551 2818 ablatio,
1571 2750 1629 2799 et
1656 2741 1891 2820 defeci-

382 2841 502 2909 sti,
531 2858 570 2901 a
604 2838 981 2901 fortitudine
1001 2858 1075 2901 ac
1103 2836 1412 2920 patientia
1442 2836 1640 2899 animi
1661 2835 1893 2898 virtuo—

385 2939 444 3000 si
471 2961 488 3012 3
525 2939 741 3015 tetiqit
761 2946 818 2997 te
837 2937 1022 3019 plaga
1051 2936 1187 2999 haec
1217 2953 1420 3017 usque
1453 2936 1530 2997 ad
1564 2935 1809 3011 intima,
1831 2944 1891 2995 et

1993 1952 2103 2016 illa
2132 1954 2334 2016 virtus
2378 1953 2657 2029 moralis,
2692 1973 2818 2035 qua
2846 1953 2993 2036 quis
3037 1953 3103 2015 in
3134 1953 3480 2035 praecipuis

1992 2051 2483 2115 adversitatibus
2532 2060 2723 2134 atque
2763 2051 3065 2134 periculis
3112 2061 3479 2115 constanter

1995 2168 2064 2212 se
2112 2149 2325 2227 habet,
2368 2158 2431 2212 et
2476 2151 2673 2212 ardua
2724 2150 3014 2231 vigorose
3062 2150 3481 2232 aggreditur?

1994 2249 2203 2312 Potest
2232 2267 2488 2330 quoque
2518 2249 2750 2330 exponi
2779 2249 2859 2311 de
2883 2247 3259 2312 fortitudine
3286 2257 3359 2310 ut
3388 2257 3485 2311 est

1996 2347 2258 2424 donum,
2313 2366 2440 2428 quo
2490 2347 2568 2409 fit
2617 2366 2796 2410 mens
2846 2347 3011 2411 bene
3064 2356 3485 2429 prompteque

1996 2445 2253 2508 mobilis
2285 2466 2324 2507 a
2353 2446 2591 2527 Spiritu
2622 2446 2871 2523 Sancto,
2897 2446 2973 2508 ad
3005 2445 3482 2528 suscipiendum

1997 2552 2058 2606 et
2090 2544 2599 2627 prosequendum
2634 2543 2773 2626 ejus
2804 2543 3175 2607 instinctum
3205 2544 3269 2605 in
3304 2544 3488 2605 susti-

1999 2643 2227 2705 nendis
2258 2642 2563 2719 adversis,
2598 2661 2741 2723 quae
2772 2661 2887 2725 pro
2923 2642 3077 2705 fidei
3108 2651 3171 2705 et
3201 2642 3485 2706 veritatis

1996 2762 2108 2805 seu
2138 2741 2455 2823 aequitatis
2486 2740 2966 2803 defensionibus
2999 2740 3390 2803 inferuntur.
3414 2741 3489 2802 Et

1998 2840 2109 2903 ubi
2152 2850 2249 2903 est
2268 2842 2597 2918 pacientia
2626 2850 2762 2909 tua,
2794 2860 2987 2922 quam
3033 2840 3355 2921 praecipue
3398 2839 3491 2901 vi-

1996 2939 2250 3002 debaris
2294 2938 2545 3015 habere,
2591 2949 2649 3000 et
2685 2941 2995 3017 perfectio
3042 2942 3305 2999 viarum
3350 2948 3491 3000 tua-

385 3039 814 3097 comurbatus
843 3056 932 3106 es,
963 3036 1025 3098 id
1056 3044 1154 3098 est
1181 3042 1397 3097 mente
1438 3033 1768 3110 confusuS‚
1804 3032 1893 3095 in·
1927 3034 1969 3096 C
1997 3058 2171 3109 rum,
2196 3037 2259 3099 id
2282 3045 2378 3099 est
2397 3036 2745 3099 eminentia
2766 3036 3073 3099 virtutum
3096 3055 3209 3099 seu
3229 3044 3488 3099 actuum

383 3135 741 3217 quietatuS,
775 3141 838 3197 et
869 3133 1290 3210 inordinatuS,
1323 3153 1362 3195 a
1390 3132 1600 3195 medio
1632 3131 1889 3196 virtutis

385 3234 662 3311 ruendo,
699 3252 900 3314 quum
933 3241 1142 3295 tamen
1174 3232 1443 3296 virtuosi
1475 3251 1546 3294 ac
1579 3230 1889 3313 sapientis

384 3333 497 3410 sit,
519 3352 558 3395 a
589 3332 824 3395 mentis
846 3331 1312 3413 tranquillitate
1345 3330 1412 3393 in
1444 3330 1728 3394 adversis
1761 3349 1890 3394 non

385 3432 550 3495 labi.

471 3532 666 3594 Porro
711 3529 996 3612 perversi
1037 3528 1286 3592 duobus
1331 3528 1535 3591 modis
1575 3527 1888 3591 bonorum

387 3630 717 3711 impetunt
747 3628 967 3704 vitam,
993 3627 1146 3709 quia
1175 3635 1285 3690 aut
1313 3646 1510 3709 prava
1538 3644 1647 3689 eos
1678 3626 1892 3689 dicere

387 3734 716 3803 asserunt,
755 3733 869 3788 aut
916 3744 1044 3789 non
1091 3744 1344 3788 servare
1383 3732 1553 3787 recta
1598 3744 1741 3805 quae
1784 3725 1894 3787 do-

389 3834 544 3890 cent
579 3843 596 3886 :
631 3842 910 3905 quorum
939 3832 1284 3905 utrumque
1322 3822 1512 3886 amici
1540 3822 1657 3885 Job
1688 3822 1746 3885 ei
1781 3823 1897 3884 im-

391 3932 674 4007 ponunt.
707 3922 870 3986 Hinc
915 3920 1127 3984 verbis
1172 3921 1588 4002 sequentibus
1637 3921 1897 4003 Eliphaz

394 4022 619 4086 innuit
633 4020 754 4084 Job
785 4038 914 4083 non
946 4019 1146 4082 fuisse
1176 4020 1484 4083 veraciter
1515 4020 1894 4097 virtuosum,

1999 3136 2451 3211 virtuosorum,
2472 3154 2663 3216 quam
2695 3136 3043 3199 secundum
3075 3154 3487 3199 communem

2000 3232 2237 3297 l‘amam
2275 3233 2602 3316 putabaris
2645 3234 2922 3298 habere?
2960 3234 3237 3297 Virtutes
3276 3242 3489 3295 autem

2001 3342 2064 3395 et
2087 3352 2281 3415 opera
2308 3332 2611 3409 virtuosa,
2644 3332 2763 3395 viae
2784 3333 3099 3413 justorum
3148 3332 3487 3395 dicuntur:

1998 3431 2152 3513 quia
2182 3450 2296 3513 per
2322 3450 2428 3493 eas
2458 3432 2534 3493 ad
2568 3430 2865 3493 ultimum
2898 3450 3084 3493 suum
3118 3430 3343 3507 finem,
3376 3430 3493 3513 qui

2000 3538 2097 3592 est
2124 3529 2453 3592 beatitudo
2482 3537 2715 3591 aeterna
2746 3548 2859 3591 seu
2890 3530 3052 3591 Deus
3081 3529 3399 3609 gloriosus
3430 3537 3495 3592 et

2001 3636 2278 3704 sanctuS,
2341 3627 2733 3708 pertingunt.
2784 3627 2973 3702 Quasi
3033 3628 3205 3690 dicat
3252 3645 3264 3689 :
3312 3628 3494 3690 Nunc

2004 3745 2263 3810 prorsus
2295 3726 2705 3809 imperfectus
2736 3726 2937 3791 fuisse
2976 3736 3041 3790 et
3068 3746 3207 3791 esse
3249 3746 3364 3809 per
3396 3726 3495 3790 el*-

2008 3824 2245 3889 fectum
2272 3826 2645 3889 ostenderis.

2106 3924 2183 3985 Et
2232 3932 2401 3988 recte
2439 3924 2690 3987 ordinat
2730 3923 2990 4004 Eliphaz
3034 3932 3309 4006 quatuor
3349 3925 3491 4005 ista,

2005 4022 2311 4103 quoniam
2358 4041 2471 4104 per
2519 4022 2797 4104 primum
2847 4040 3065 4085 eorum
3114 4022 3368 4086 venitur
3418 4024 3496 4086 ad

393 4140 522 4185 nec
541 4120 754 4199 egisse
781 4138 925 4201 quae
944 4118 1182 4181 docuit.
1207 4116 1411 4192 Quum
1433 4118 1605 4181 enim
1626 4118 1900 4182 virtuosi
2008 4120 2381 4197 secundum,
2413 4139 2526 4202 per
2564 4120 2913 4183 secundum
2953 4121 3034 4182 ad
3068 4120 3349 4201 tertium,
3382 4141 3497 4204 per

399 4219 737 4303 profectus
790 4217 1122 4294 indicium,
1179 4216 1488 4299 patientia
1535 4236 1684 4281 vere
1734 4218 1902 4281 dica·
1931 4219 1980 4281 D
2014 4218 2268 4282 tertium
2316 4218 2395 4281 ad
2442 4227 2763 4300 quartum.
2800 4218 3014 4282 Timor
3064 4219 3259 4297 enim,
3295 4240 3495 4301 quum

399 4328 533 4395 tur,
567 4318 754 4399 juxta
796 4316 964 4397 quod
1015 4315 1324 4397 scriptum
1369 4323 1466 4377 est
1502 4314 1569 4377 in
1597 4315 1904 4379 Ecclesia-
2010 4318 2092 4380 sit
2140 4316 2291 4398 fuga
2329 4317 2503 4394 mali,
2536 4317 2804 4381 retrahit
2846 4336 2883 4379 a
2925 4318 3224 4400 peccam,
3260 4319 3497 4401 quibus

397 4416 592 4494 stico,
613 4416 779 4480 Vasa
809 4413 994 4495 figuli
1015 4413 1242 4496 probat
1263 4412 1510 4489 fornax,
1529 4421 1590 4477 et
1610 4413 1902 4477 homines
2010 4416 2316 4498 depulsiS‚
2350 4415 2431 4478 fit
2457 4434 2637 4479 mens
2668 4436 2889 4479 secura
2921 4425 2983 4479 et
3013 4415 3198 4480 l'ortis
3232 4418 3299 4480 in
3330 4418 3493 4497 Deo;

395 4518 614 4601 justos
663 4514 934 4577 tentatio
983 4512 1454 4587 tribulationis;
1506 4512 1808 4593 itemque,
1834 4512 1902 4574 ln
2014 4534 2126 4597 per
2175 4514 2613 4578 fortitudinem
2658 4534 2915 4597 quoque
2959 4516 3271 4598 patientia
3315 4517 3501 4580 robo-

397 4616 554 4697 igne
601 4613 910 4696 probatur
947 4620 1281 4693 argentum
1313 4620 1376 4673 et
1415 4630 1662 4687 aurum,
1701 4610 1905 4673 homi·
2015 4622 2209 4689 ratur,
2273 4612 2579 4695 patientia
2639 4621 2850 4676 autem
2910 4632 3073 4696 opus
3140 4614 3496 4698 perfectum
3529 4641 3795 4691 ,unvaha

397 4736 518 4779 nes
549 4732 706 4779 vero
729 4710 1156 4793 receptibileS,
1177 4710 1244 4773 in
1266 4710 1518 4774 camino
1547 4710 1904 4774 tribulatio-
2013 4711 2228 4774 habet.

397 4815 546 4878 nis:
574 4814 721 4876 ideo
753 4830 881 4875 non
903 4810 1155 4873 videtur
1176 4828 1324 4873 vere
1357 4808 1556 4871 l'uisse
1587 4810 1904 4873 virtuosus
2094 4811 2377 4892 Insuper,
2428 4810 2731 4892 quoniam
2780 4812 2848 4874 in
2899 4811 3034 4875 fine
3084 4813 3499 4894 praecedentis

397 4915 473 4975 in
523 4909 876 4993 prosperiS,
919 4908 1033 4991 qui
1083 4907 1424 4971 confestim
1472 4915 1581 4969 aut
1625 4908 1904 4988 graviter
2013 4909 2279 4991 capituli
2307 4910 2422 4972 Job
2455 4909 2659 4971 fassus
2682 4920 2778 4972 est
2807 4930 2945 4973 esse
2976 4930 3043 4973 se
3072 4911 3497 4989 innocentem,

397 5031 520 5096 per
551 5008 1024 5092 impatientiam
1045 5006 1282 5069 labitur
1314 5006 1376 5069 in
1400 5006 1705 5070 adversis.
1729 5006 1908 5070 Unde
2015 5028 2132 5072 nec
2161 5010 2425 5073 adversa
2455 5008 2588 5071 haec
2618 5008 2948 5085 meruisse,
2984 5008 3243 5091 Eliphaz
3277 5009 3503 5072 nititur

395 5112 484 5175 ad
505 5108 978 5173 ostendendum
999 5106 1173 5188 quod
1189 5105 1305 5168 Job
1325 5106 1410 5167 sit
1439 5105 1784 5168 virtutibus
1806 5126 1910 5169 va-
2015 5109 2148 5171 haec
2183 5106 2565 5188 improbare,
2607 5106 2927 5169 aestimans
2960 5107 3127 5188 quod
3168 5126 3355 5171 nemo
3387 5106 3505 5170 fla-

397 5218 659 5286 cuatuS‚
695 5204 1172 5288 exprobratorie
1200 5203 1460 5287 Eliphaz
1493 5203 1707 5266 subdit
1739 5222 1754 5268 ε
1796 5208 1910 5266 Ubi
2015 5206 2286 5288 gelletur
2329 5224 2366 5266 a
2407 5205 2530 5266 Deo
2570 5203 2694 5265 nisi
2740 5223 2854 5286 pro
2902 5223 3017 5267 suo
3061 5212 3339 5286 peccat0.
3376 5210 3501 5268 Re-

396 5319 497 5371 est
542 5310 742 5369 timor
771 5316 946 5375 tuus,
978 5304 1044 5365 id
1093 5312 1189 5366 est
1238 5303 1429 5366 timor
1473 5321 1602 5385 quo
1651 5310 1713 5365 te
1762 5310 1909 5367 ante
2015 5308 2304 5374 cordare,
2326 5301 2787 5384 praeteritarum
2810 5320 3019 5366 rerum
3039 5302 3337 5365 historias
3368 5324 3493 5367 mc-

153 4444 306 4487 secli.

93 4520 220 4559 antu,
239 4511 282 4549 6.

119 4572 146 4611 1
147 4570 240 4613 bid.
255 4584 304 4620 ιι,
319 4572 366 4615 5.
