4309 6259
969 508 1318 553 umnam-10
1360 508 1420 552 m
1464 508 1599 553 cAP.
1647 508 1732 552 vu
1774 508 1931 553 mam
1973 508 2197 563 QnAn‘n
2239 510 2461 556 nauum.
2506 530 2585 539 -
2626 512 2770 557 ΛΒΤ.
2814 512 2858 557 x
3364 496 3442 558 37

345 677 606 737 riamur
626 681 659 737 ?
691 679 848 738 Sive
881 679 1145 755 inqredi
1179 681 1577 739 voluer-lmus
1619 681 1849 740 civita·
1877 678 1927 741 A
1955 682 2307 749 hominem,
2338 683 2474 741 nisi
2502 702 2687 761 equos
2708 694 2767 743 et
2796 686 3010 743 asinos
3039 688 3361 761 alliqatos,
3381 696 3441 746 et

343 784 492 844 tem,
537 777 723 852 fame
773 779 1127 837 moriemur
1155 802 1184 849 ,·
1238 780 1373 837 sive
1419 781 1848 839 manserimus

337 874 468 941 hic,
493 876 916 936 moriendum
958 878 1138 935 nobis
1179 886 1290 937 est.
1344 878 1558 937 Venite
1585 898 1755 955 erqO,
1788 887 1847 937 et

341 973 874 1049 transsuqiamus
901 976 988 1034 ad
1015 984 1230 1035 castra
1260 977 1499 1053 Syriae.
1529 978 1608 1037 Si
1628 996 1849 1053 peper-

336 1073 544 1131 cerint
583 1074 794 1143 nobis,
843 1074 1176 1145 vivemus,·.
1207 1075 1269 1133 si
1304 1084 1518 1134 autem
1566 1076 1847 1135 occidere

337 1171 698 1239 voluerint,
739 1172 951 1231 nihilo
1001 1174 1226 1233 minus
1275 1174 1650 1234 moriemur.
1689 1176 1846 1235 Sur-

335 1278 652 1329 reoeerunt
691 1289 843 1346 erqo
873 1290 1150 1347 vespere,
1188 1280 1262 1331 ut
1297 1272 1588 1332 venirent
1626 1275 1713 1332 ad
1741 1294 1846 1333 ca-

334 1377 470 1428 stra
493 1368 743 1445 Syrioe.
774 1370 1111 1448 Quumque
1141 1371 1462 1430 venissent
1481 1374 1570 1430 ad
1589 1374 1844 1448 princi-

333 1470 524 1545 pium
585 1477 951 1527 castrorum
990 1470 1244 1545 Syriae,
1293 1472 1554 1529 nullum
1603 1472 1840 1533 ibidem

337 1574 722 1642 repererunt
761 1586 785 1624 .·
813 1566 1142 1643 siquidem
1189 1570 1508 1629 Dominus
1557 1570 1842 1630 sonitum

337 1664 571 1723 audiri
595 1664 844 1740 fecerat
867 1666 938 1723 in
961 1666 1190 1726 castris
1210 1666 1428 1743 Syriae
1447 1686 1764 1727 curruum
1782 1677 1841 1727 et

335 1782 656 1840 equorum
683 1771 746 1823 et
780 1763 1102 1822 exercitus
1131 1764 1442 1840 plurimi.
1473 1763 1704 1826 Dicunt
1732 1765 1842 1827 ali-

1952 782 2093 855 ficca
2119 781 2414 840 tentoria.
2451 784 2681 841 Ierunt
2698 801 2843 858 erqo
2868 784 3175 859 portarii,
3198 793 3258 843 et
3278 804 3443 844 nun-

1957 878 2281 937 tiaverunt
2304 880 2376 937 in
2388 880 2643 955 palatio
2677 882 2844 957 reqis
2878 882 3273 943 intrinsecus.
3296 885 3441 953 Qui,

1955 974 2201 1037 scilieet
2229 994 2360 1053 rex,
2394 980 2681 1037 surrexit
2709 989 2911 1048 nocte,
2942 978 3156 1042 audito
3184 980 3307 1043 isto
3337 998 3442 1043 ru-

1952 1092 2128 1135 more
2166 1090 2179 1135 :
2214 1081 2427 1137 tamen
2459 1094 2585 1139 non
2619 1077 2912 1153 eredidit,
2940 1078 3049 1139 sed
3082 1078 3441 1161 suspicatus

1953 1179 2050 1234 est
2078 1170 2369 1235 fraudem
2414 1173 2479 1235 in
2521 1174 2713 1257 SyriS,
2758 1176 3063 1257 quoniam
3100 1176 3439 1241 bellatores

1951 1269 2173 1332 multis
2208 1270 2538 1334 industriis
2560 1282 2750 1355 atque
2770 1274 3065 1337 versutiis
3086 1276 3177 1337 uti
3211 1275 3433 1353 solent,

1951 1376 2014 1431 et
2045 1368 2367 1431 interdum
2398 1368 2615 1451 fugam
2648 1370 2965 1434 simulare.
2990 1376 3073 1434 Et
3093 1376 3190 1434 ait
3210 1376 3297 1434 ad
3314 1356 3471 1433 ser-'

1951 1488 2058 1528 vos
2075 1488 2219 1528 suos
2237 1490 2260 1529 .·
2275 1471 2431 1529 Dico
2462 1472 2634 1530 vobis
2654 1473 2817 1551 quid
2830 1472 3103 1548 fecerint
3122 1474 3301 1533 nobis
3319 1475 3439 1550 Sy-

1949 1569 2033 1628 ri.
2059 1569 2294 1629 Sciunt
2325 1571 2485 1646 quia
2509 1570 2685 1646 fame
2716 1572 3099 1639 laboramus,
3119 1572 3435 1631 etidcirco

1949 1667 2182 1743 egressi
2208 1677 2360 1727 sunt
2389 1670 2469 1726 de
2486 1670 2738 1739 castris,
2756 1678 2815 1728 et
2846 1670 3109 1729 latitant
3138 1671 3212 1728 in
3232 1670 3435 1745 ayris,

1949 1766 2228 1824 dicentes
2258 1785 2282 1823 .·
2316 1768 2529 1833 Quum
2558 1768 2792 1843 eqressi
2817 1766 3073 1842 fuerint
3099 1769 3179 1826 de
3206 1768 3436 1827 civita-

336 1859 470 1942 qui,
505 1860 684 1941 quod
719 1878 915 1923 sonus
961 1860 1072 1923 ille
1112 1860 1332 1923 divina
1379 1860 1614 1925 virtute
1655 1862 1841 1925 mini·
1877 1861 1922 1922 B
1953 1873 2032 1932 te,
2072 1864 2401 1939 capiemus
2438 1884 2539 1925 eos
2577 1866 2781 1934 vivos,
2810 1874 2869 1925 et
2916 1862 3071 1925 tunc
3107 1867 3437 1926 civitatem

337 1960 532 2023 sterio
566 1958 948 2040 angelorum
970 1957 1096 2021 fuit
1115 1959 1322 2022 solum
1353 1960 1420 2022 in
1452 1960 1713 2023 auribus
1737 1961 1840 2044 Sy-

340 2078 577 2136 rorum,
631 2058 868 2121 deinde
919 2058 984 2120 in
1037 2058 1492 2139 imaginatione
1540 2060 1722 2141 quasi
1764 2080 1840 2123 ex

339 2176 494 2221 sono
528 2156 690 2220 foris
713 2143 1002 2220 exhibito
1025 2173 1038 2218 ε
1061 2156 1279 2239 sieque
1302 2157 1368 2218 in
1399 2158 1686 2240 appetitu
1708 2177 1841 2220 sen-

340 2255 529 2319 sitivo
559 2263 826 2318 secutus
867 2264 966 2317 est
995 2254 1308 2317 maximus
1353 2255 1544 2318 timor
1582 2264 1644 2318 et
1688 2253 1839 2335 fuga

342 2355 406 2417 in
449 2372 744 2437 corpore.
779 2353 907 2415 Alii
950 2353 1192 2431 dicunt,
1223 2354 1392 2436 quod
1438 2352 1685 2417 sonitus
1729 2355 1840 2418 ille

343 2454 544 2516 siebat
572 2472 692 2536 per
725 2451 988 2533 angelos
1020 2452 1086 2514 in
1107 2471 1252 2516 aere
1278 2454 1490 2535 :quod
1523 2453 1675 2516 satis
1696 2473 1839 2536 pro-

342 2551 554 2614 babile
585 2560 708 2628 est‚
734 2550 1028 2632 quamvis
1050 2560 1322 2633 utroque
1345 2551 1534 2615 modo
1565 2553 1841 2634 potuerit

345 2649 510 2713 fieri.
548 2651 1006 2729 Dixeruntque
1035 2648 1174 2731 Syri
1208 2653 1296 2711 ad
1325 2652 1606 2711 invicem
1638 2671 1659 2710 .·
1681 2654 1841 2712 Ecce

341 2752 627 2810 mercede
655 2750 974 2809 conduxit
1004 2752 1310 2809 adversus
1347 2769 1460 2809 nos
1489 2771 1607 2809 rem
1635 2752 1842 2811 Israel

341 2869 512 2926 reyes
533 2850 956 2910 Hethoeorum
984 2856 1045 2908 et
1062 2849 1556 2926 AEqyptiorum,
1577 2858 1638 2910 et
1668 2869 1842 2910 vene-

337 2958 492 3009 runt
519 2966 722 3025 super
749 2966 885 3008 nos.
918 2949 1368 3008 Surreoeerunt
1397 2967 1542 3025 erqo
1572 2958 1633 3010 et
1661 2949 1841 3027 fuqe-

1949 1962 2211 2038 inqredi
2232 1964 2611 2039 poterimus,
2633 1965 2987 2039 Respondit
3015 1973 3232 2024 autem
3264 1984 3438 2024 unus

1945 2080 2277 2120 servorum
2323 2061 2463 2137 ejus
2492 2080 2515 2119 .·
2556 2064 2876 2121 Tollamus
2917 2063 3207 2141 quinque
3247 2082 3437 2140 equos

1947 2160 2064 2237 qui
2091 2168 2543 2220 remanserunt
2582 2161 2657 2219 in
2686 2162 2843 2219 urbe
2872 2176 2897 2219 .·
2927 2162 3086 2238 quia
3123 2161 3253 2237 ipsi
3274 2222 3280 2228 ,
3298 2170 3438 2221 tan-

1951 2267 2086 2317 tum
2115 2268 2268 2318 sunt
2296 2259 2369 2318 in
2399 2260 2707 2319 universa
2750 2261 3177 2319 multitudine
3205 2262 3436 2330 Israel,

1947 2358 2072 2417 alii
2099 2358 2277 2417 enim
2306 2358 2670 2434 consumpti
2686 2366 2875 2428 sunt,·
2897 2366 2957 2417 et
2980 2359 3322 2428 mittentes,
3342 2380 3437 2417 εω-

1939 2458 2205 2533 plorare
2226 2456 2605 2533 poterimus
2631 2458 3073 2516 Adduoeerunt
3102 2475 3248 2533 erqo
3276 2460 3437 2517 duos

1945 2574 2155 2634 equOS,
2191 2554 2495 2633 misitque
2542 2574 2658 2613 rex
2706 2555 2780 2614 in
2826 2563 3039 2614 castra
3088 2557 3437 2631 Syrorum,

1946 2654 2219 2713 dicens:
2249 2655 2371 2723 Ite,
2414 2662 2475 2713 et
2516 2654 2744 2713 videte.
2787 2654 2914 2721 Qui
2960 2654 3261 2714 abierunt
3292 2663 3437 2731 post

1946 2772 2046 2811 eos
2073 2770 2273 2830 usque
2300 2752 2388 2811 ad
2414 2753 2785 2811 Iordanem.
2811 2753 2974 2811 Ecce
2992 2761 3210 2812 autem
3228 2753 3437 2812 omnis

1949 2851 2058 2910 via
2085 2853 2281 2926 plena
2310 2859 2449 2909 erat
2478 2850 2751 2910 vestibus
2791 2859 2851 2910 et
2882 2851 3077 2919 vasis,
3110 2870 3252 2929 quoe
3286 2870 3437 2927 pro-

1932 2948 2231 3026 jecerant
2260 2948 2449 3025 Syri,
2485 2967 2689 3027 quum
2736 2949 3172 3009 turbarentur.
3206 2951 3439 3011 Rever-

337 3056 494 3108 runt
525 3048 602 3107 in
639 3047 936 3118 tenebris,
958 3056 1018 3107 et
1045 3047 1533 3126 dereliquerunt
1564 3048 1839 3109 tentoria
1875 3042 1919 3108 C
1947 3048 2130 3127 sique
2160 3047 2412 3114 nuntii,
2436 3046 2895 3106 indicaverunt
2923 3047 3085 3123 reqi.

335 3167 482 3217 sua,
513 3156 576 3229 et
619 3165 838 3226 equos,
878 3153 939 3205 et
977 3144 1192 3205 asinos
1233 3146 1306 3204 in
1355 3147 1610 3215 castris,
1657 3148 1841 3225 fuqe-

337 3256 648 3325 runtque,
682 3246 946 3305 animas
973 3252 1228 3304 tantum
1267 3264 1418 3305 suas
1451 3248 1706 3305 salvare
1735 3266 1842 3305 cu-

333 3345 612 3419 pientes,
641 3340 707 3403 id
741 3348 859 3417 est,
905 3337 1110 3402 solum
1152 3339 1526 3420 cogitanteS‚
1566 3340 1842 3422 qualiter

339 3442 536 3504 vitam
570 3459 757 3502 suam
788 3446 1050 3522 possent
1079 3438 1160 3501 ab
1192 3438 1568 3502 imminente
1597 3440 1842 3521 perieu-

339 3540 422 3617 lo,
457 3549 529 3602 ut
561 3538 900 3621 putabant,
933 3556 1174 3601 eruere.

418 3641 646 3717 Iqitur
695 3658 904 3717 quum
953 3639 1272 3697 venissent
1321 3639 1553 3714 leprosi
1601 3639 1709 3697 illi
1754 3642 1842 3699 ad

333 3738 754 3816 principium
772 3745 1156 3807 castrorum,
1175 3736 1452 3812 inyressi
1467 3746 1615 3797 sunt
1639 3756 1842 3797 unum

345 3839 864 3905 tabernaculum,
885 3844 946 3894 et
977 3837 1409 3905 comederunt,
1433 3844 1492 3895 et
1522 3836 1837 3897 biberunt.

348 3940 794 4011 Tuleruntque
823 3934 980 3993 inde
1009 3941 1372 4008 arqentum,
1405 3942 1466 3993 et
1495 3952 1760 4005 aurum,
1783 3942 1842 3993 et

345 4044 564 4103 vestes,
613 4044 675 4093 et
725 4033 1052 4101 abierunt,
1101 4040 1162 4091 et
1220 4032 1706 4092 absconderunt.
1759 4035 1844 4094 E't

347 4153 614 4193 rursum
641 4131 888 4190 reversi
927 4138 1085 4190 sunt
1113 4132 1200 4189 ad
1246 4131 1439 4189 aliud
1478 4132 1845 4191 tabernacu-

2032 3147 2114 3206 Ec
2143 3164 2427 3221 eqressus
2447 3148 2751 3221 populus,
2774 3144 3061 3221 diripuit
3088 3154 3300 3206 castra
3318 3147 3369 3207 S
3368 3165 3440 3223 y-

1948 3245 2092 3313 rioe,
2116 3242 2181 3304 id
2212 3250 2329 3318 est,
2355 3241 2571 3305 omnia
2600 3260 2743 3323 quae
2772 3241 3170 3323 reliquerunt
3200 3242 3265 3303 in
3297 3241 3437 3305 loco

1949 3340 2327 3417 obsidioniS,
2361 3348 2424 3402 et
2464 3340 2529 3402 in
2580 3340 2737 3403 locis
2784 3359 2898 3421 per
2944 3359 3089 3421 quae
3137 3338 3439 3421 fugerunt

1951 3440 2110 3522 Syri,
2129 3448 2511 3521 aeceperunt
2534 3437 2656 3519 ipsi
2691 3437 2815 3500 l'ilii
2846 3437 3056 3501 lsrael.
3082 3444 3439 3519 Faetusque

1947 3549 2037 3599 est
2057 3538 2312 3598 modius
2340 3537 2577 3597 similae
2608 3546 2839 3597 statere
2876 3556 3033 3607 ωηο,
3062 3546 3122 3597 et
3150 3540 3279 3596 duo
3311 3555 3441 3596 mo-

1948 3639 2051 3699 dii
2079 3636 2305 3697 hordei
2332 3644 2562 3695 statere
2604 3654 2761 3705 uno,
2774 3636 2984 3712 jud-ta
3027 3636 3287 3695 verbum
3316 3637 3441 3695 Do-

1951 3738 2144 3795 mini.
2169 3737 2375 3797 Porro
2394 3754 2512 3793 rea>
2539 3736 2767 3794 ducem
2786 3735 2982 3795 illum
3000 3735 3073 3793 in
3104 3733 3291 3811 cujus
3306 3754 3441 3793 ma-

1949 3854 2042 3895 nu
2063 3834 2471 3902 incubuerat,
2488 3833 2825 3891 constituit
2844 3834 2932 3890 ad
2946 3841 3205 3907 portam
3218 3851 3439 3911 :quem

1949 3933 2349 3993 conculcavit
2371 3932 2559 3991 turba
2581 3931 2655 3989 in
2676 3930 2953 3989 introitu
2964 3938 3188 4006 portce,
3203 3938 3263 3989 et
3282 3949 3441 3988 mor-

1955 4042 2101 4091 tuus
2120 4040 2231 4100 est,
2237 4031 2444 4106 juxta
2464 4030 2635 4107 quod
2658 4010 2904 4087 locutus
2929 4027 3151 4103 fuerat
3171 4027 3277 4085 vir
3296 4028 3434 4097 Dei,

1951 4130 2211 4207 quando
2238 4130 2647 4187 descenderat
2676 4146 2795 4185 reoe
2820 4128 2907 4185 ad
2934 4145 3103 4185 eum.
3138 4126 3439 4186 Factum-

348 4238 480 4293 lum
497 4256 530 4303 ;
556 4240 620 4291 et
651 4232 808 4291 inde
840 4230 1149 4289 similiter
1176 4229 1560 4306 auferente-9,
1592 4232 1844 4290 abscon-
1872 4230 1922 4290 D
1951 4248 2071 4309 que
2090 4236 2181 4287 est
2197 4228 2548 4286 secundum
2562 4244 2913 4284 sermonem
2936 4224 3071 4283 viri
3088 4225 3233 4295 Dei,
3250 4244 3439 4303 quem

346 4336 607 4393 derunt.
633 4330 1091 4406 Dioeeruntque
1117 4330 1204 4387 ad
1235 4328 1512 4387 invicem
1533 4346 1556 4388 .·
1578 4329 1724 4389 Non
1747 4348 1844 4387 re-

347 4442 436 4490 cte
481 4430 796 4507 facimus.
843 4428 998 4487 Haec
1035 4427 1209 4485 enim
1243 4427 1381 4487 dies
1422 4426 1572 4486 boni
1617 4428 1844 4487 nuntii

347 4540 453 4591 est.
471 4530 556 4590 Si
589 4527 1013 4592 tacuerimus,
1032 4532 1092 4583 et
1112 4524 1514 4583 noluerimus
1533 4526 1844 4585 nuntiare

351 4646 544 4707 usque
595 4642 812 4695 mane,
863 4622 1116 4682 sceleris
1158 4641 1534 4698 arquemur.
1601 4624 1838 4696 Venite,

347 4746 590 4795 eamus,
611 4732 672 4784 et
701 4723 1086 4782 nuntiemus
1116 4722 1190 4781 in
1222 4724 1380 4781 aula
1400 4722 1588 4797 reqis.
1614 4720 1844 4803 Lepro-

350 4824 432 4885 sis
462 4841 594 4886 non
629 4819 816 4883 licuit
836 4818 1050 4882 aulam
1080 4817 1247 4900 regis
1275 4817 1534 4894 intrare,
1556 4818 1666 4881 sed
1689 4838 1846 4880 nun-

351 4922 668 4985 tiaverunt
717 4916 1094 4981 custodibus
1144 4925 1470 4999 portarum
1531 4916 1732 4994 urbiS‚
1785 4925 1847 4979 et

355 5020 446 5081 illi
495 5019 562 5080 in
611 5016 874 5100 palatio.
923 5014 1082 5076 Hine
1123 5014 1418 5076 subditur
1463 5032 1476 5075 ε
1513 5018 1848 5095 Quumque

356 5120 672 5180 venissent
701 5118 792 5175 ad
805 5123 1064 5191 portam·
1084 5114 1394 5184 civitatis,
1408 5124 1848 5175 narraverunt

355 5218 466 5286 eis,
499 5216 566 5278 id
615 5221 716 5277 est
754 5210 1076 5294 portariiS,
1111 5214 1390 5271 dicentes
1421 5231 1443 5271 .·
1472 5212 1725 5272 Ivimus
1764 5216 1851 5272 ad

359 5324 566 5376 castra
597 5313 845 5391 Syriae,
861 5318 922 5370 et
941 5312 1206 5371 nullum
1225 5309 1465 5370 ibidem
1495 5311 1852 5385 reperimus

1949 4329 2211 4387 dia-erat
2243 4325 2402 4401 reqi,
2425 4326 2685 4403 quando
2708 4324 2804 4384 ait
2835 4340 2857 4383 .·
2888 4325 3033 4384 Duo
3062 4324 3270 4383 modii
3296 4326 3440 4383 hor-

1949 4426 2057 4486 dei
2095 4432 2327 4484 statere
2372 4442 2500 4482 uno
2538 4430 2752 4493 erunt,
2794 4430 2855 4481 et
2902 4423 3159 4481 modius
3203 4422 3439 4482 similoe

1949 4532 2179 4583 statere
2229 4541 2382 4592 une,
2430 4522 2545 4579 hoc
2586 4522 2803 4580 eodem
2856 4528 3129 4597 tempore
3176 4539 3318 4580 cras
3365 4522 3438 4580 in

1941 4630 2136 4699 porta
2167 4620 2488 4681 Samarioe
2506 4641 2532 4689 ,·
2561 4620 2820 4695 quando
2858 4620 3271 4695 responderat
3298 4620 3439 4677 duat

1951 4722 2064 4780 ille
2095 4720 2235 4779 viro
2259 4720 2401 4789 Dei,
2425 4728 2485 4777 et
2512 4719 2803 4786 diderat,
2820 4718 3101 4777 Etiamsi
3119 4717 3439 4777 Dominus

1951 4820 2176 4899 fecerit
2195 4826 2555 4877 cataractas
2578 4818 2650 4877 in
2671 4818 2851 4885 eoelo,
2868 4816 3194 4893 numquid
3203 4817 3443 4892 poterit

1950 4918 2101 4995 fieri
2141 4918 2312 4994 quod
2360 4916 2638 4995 loqueris
2659 4916 2689 4973 ?
2714 4923 2775 4974 et
2823 4914 3001 4974 dioeit
3046 4914 3134 4982 ei,
3193 4914 3443 4973 Videbis

1953 5016 2155 5075 oculis
2205 5015 2359 5083 tuis,
2388 5023 2448 5073 et
2491 5014 2647 5073 inde
2694 5032 2823 5072 non
2870 5013 3173 5071 comedes.
3205 5013 3444 5071 Evenit

1954 5132 2100 5190 erqo
2120 5115 2183 5173 ei
2202 5114 2369 5172 sicut
2384 5111 2775 5191 praedictum
2794 5118 2953 5177 erat,
2968 5118 3027 5169 et
3046 5112 3446 5170 conculcavit

1955 5232 2102 5271 eum
2125 5214 2409 5289 populus
2438 5212 2511 5269 in
2528 5214 2744 5285 porta,
2762 5217 2822 5268 et
2844 5216 3132 5267 mortuus
3164 5216 3273 5267 est.
3296 5206 3447 5269 Tex-

1961 5318 2064 5372 tus
2091 5310 2214 5371 iste
2243 5305 2656 5390 planissimus
2689 5304 3086 5387 expositione
3118 5322 3245 5367 non
3276 5314 3440 5387 eget.
