4309 6259
890 484 970 548 48
1477 497 1825 545 mma-no
1866 496 1930 542 m
1971 497 2108 543 m.
2155 495 2199 543 x
2240 495 2399 543 unm
2438 496 2664 551 onaan
2703 497 2927 546 amun.
2972 518 3053 529 —
3093 500 3236 547 Am.
3280 500 3393 547 xm

891 675 1010 753 qui
1029 692 1292 750 peccare
1317 670 1473 747 fecit
1492 674 1720 737 Israel,
1755 688 1884 730 non
1913 668 2165 729 recessit
2191 666 2372 745 Jehu,
2408 666 2459 729 A
2490 688 2669 730 versa
2710 689 2853 748 quae
2889 672 3067 748 fecit,
3105 682 3165 733 et
3200 674 3519 752 fortitudo
3558 673 3725 749 ejus,
3762 694 3977 735 nonne

887 792 1003 833 nec
1031 771 1379 849 dereliquit
1409 771 1646 829 vitulos
1674 787 1923 839 aureos,
1949 768 2067 847 qui
2095 777 2283 827 erant
2304 769 2375 827 in

883 871 1111 931 Betkel
1137 878 1197 929 et
1229 871 1299 929 in
1334 871 1505 932 Dan.
1531 866 1675 929 Ideo
1702 866 2014 947 Josephus
2042 865 2199 927 dicit
2228 882 2376 927 eum

884 967 1155 1050 impium
1189 966 1390 1030 fuisse
1411 966 1478 1027 in
1501 966 1718 1042 Deum,
1743 964 2217 1045 enormiterque
2237 982 2379 1045 pec-

881 1086 1080 1144 casse,
1115 1067 1289 1148 quod
1321 1064 1614 1148 permisit
1645 1063 1960 1127 Israelitas
1991 1064 2256 1127 adorare
2288 1062 2379 1126 vi-

881 1165 1050 1229 tulos
1083 1164 1249 1227 illos,
1267 1166 1458 1227 Dixit
1488 1173 1705 1225 autem
1724 1164 2044 1225 Dominus
2072 1164 2162 1222 ad
2186 1164 2377 1232 Jehu,

882 1284 999 1348 per
1041 1264 1322 1346 aliquem
1363 1261 1844 1345 prophetarum,
1895 1267 1958 1323 et
2004 1258 2220 1323 forsan
2264 1278 2377 1343 per

883 1382 1030 1427 eum
1080 1382 1117 1425 a
1163 1380 1292 1444 quo
1344 1360 1466 1422 fuit
1513 1367 1743 1422 unctus
1788 1358 1853 1420 in
1898 1375 2112 1437 regem
2151 1375 2166 1419 ε
2207 1360 2374 1427 Quia

881 1466 1162 1525 studiose
1190 1463 1379 1539 eqisti
1408 1463 1579 1541 quod
1607 1469 1852 1519 rectum
1891 1468 2047 1529 erat,
2079 1468 2138 1519 et
2160 1462 2376 1535 place-

621 1572 854 1628 Νῆις-ιι,
886 1566 993 1623 bat
1023 1563 1098 1621 in
1128 1562 1329 1621 oculis
1362 1561 1542 1629 meiS,
1569 1568 1628 1619 et
1658 1558 1880 1619 omnia
1911 1578 2053 1636 quae
2079 1567 2267 1617 erant
2300 1558 2373 1617 in

591 1640 704 1681 7-10.

627 3664 726 3709 Jer.
741 3673 850 3711 xuv,

588 3864 654 3910 1⁸.
667 3877 775 3915 xun,
784 3864 850 3905 24.

885 1664 1071 1722 corde
1117 1679 1249 1720 meo
1299 1659 1512 1739 fecisti
1551 1666 1778 1717 contra
1818 1659 2083 1716 domum
2123 1658 2368 1727 Achab,

883 1760 1020 1837 filii
1059 1759 1158 1819 tui
1194 1776 1395 1836 usque
1431 1758 1518 1816 ad
1554 1763 1856 1836 quartam
1893 1755 2374 1831 yenerationem

2486 768 2619 827 koec
2637 769 2881 846 scripta
2898 780 3053 831 sunt
3074 772 3145 830 in
3168 772 3330 831 libro
3357 773 3697 832 Verborum
3714 774 3975 833 dierum

2487 885 2713 943 reyum
2741 870 2995 928 Israel?
3028 871 3109 930 Ec
3138 871 3452 931 dormivit
3476 873 3641 931 Jehu
3678 891 3827 931 cum
3856 891 3977 949 pa-

2490 966 2695 1024 tribus
2722 968 2885 1037 suis,
2914 969 3428 1048 sepelieruntque
3464 989 3613 1030 eum
3642 970 3714 1030 in
3746 972 3978 1031 Sama-

2487 1063 2637 1133 ria:
2676 1072 2737 1123 et
2785 1066 3085 1141 reynavit
3121 1069 3403 1128 Joachaz
3448 1070 3633 1145 filius
3677 1068 3818 1144 ejus
3852 1086 3977 1145 pro

2483 1180 2575 1221 e0.
2608 1162 2761 1221 Dies
2793 1172 3011 1223 autem
3048 1183 3202 1243 quos
3246 1168 3547 1242 reynavit
3583 1168 3747 1227 Jelm
3782 1184 3979 1245 super

2484 1263 2717 1331 Israel,
2758 1263 3003 1338 viqinti
3042 1272 3103 1323 et
3145 1273 3278 1325 octo
3319 1268 3487 1326 anni
3521 1276 3701 1336 sunt,
3740 1267 3813 1327 in
3854 1269 3977 1327 Sa-

2487 1362 2723 1422 maria.

2563 1458 2777 1522 Posset
2820 1460 2926 1523 hic
2970 1460 3192 1543 quaeri,
3226 1480 3309 1524 an
3349 1461 3507 1525 Jehu
3549 1462 3836 1544 peccavit
3878 1460 3972 1524 sic

2484 1558 2873 1635 mentiendo,
2928 1567 2991 1623 et
3038 1559 3258 1623 dolose
3306 1580 3380 1623 ac
3436 1560 3741 1624 insidiose
3786 1578 3973 1641 agen-

2482 1656 2585 1719 do.
2630 1656 2705 1718 Et
2750 1657 3004 1720 videtur
3045 1660 3219 1740 quod
3267 1678 3415 1737 non,
3450 1660 3604 1741 quia
3646 1658 3973 1741 Scriptura

2483 1756 2562 1817 de
2604 1754 2706 1817 his
2750 1775 2894 1819 eum
2940 1758 3364 1820 commendat.
3410 1759 3503 1821 Ad
3548 1758 3715 1839 quod
3761 1766 3973 1840 potest

887 1855 1200 1921 inclusive
1238 1858 1540 1916 sedebunt
1578 1874 1770 1932 super
1805 1856 2110 1914 thronum
2139 1855 2370 1922 Israel,
2410 1853 2455 1914 B
2482 1853 2629 1935 quis
2672 1854 2907 1932 dicere,
2954 1856 3127 1937 quod
3175 1855 3471 1919 laudatur
3518 1856 3597 1919 de
3645 1856 3857 1919 verbis
3908 1866 3973 1919 et

884 1957 949 2018 id
993 1962 1110 2031 est,
1152 1971 1330 2034 reges
1370 1953 1587 2015 decem
1631 1951 1914 2013 tribuum
1958 1958 2165 2014 erunt.
2204 1951 2367 2013 Deus

879 2053 1115 2117 etenim
1163 2051 1410 2114 nullum
1460 2051 1698 2114 bonum
1741 2049 1978 2113 deserit
2023 2049 2373 2112 irremune-

879 2162 1108 2216 ratum.
1140 2151 1298 2213 Jehu
1330 2158 1542 2212 autem
1571 2157 1803 2212 cuneta
1829 2167 1973 2229 quae
2004 2147 2179 2225 fecit,
2219 2146 2371 2212 fecit

878 2259 1054 2315 extra
1081 2250 1408 2314 caritatem
1437 2247 1772 2324 exsistenS‚
1803 2246 2102 2310 videlicet
2138 2246 2372 2310 vitulo-

877 2369 1021 2412 rum
1049 2348 1256 2413 cultor
1285 2363 1664 2410 aureorum:
1699 2345 1841 2409 ideo
1873 2363 2002 2408 non
2031 2353 2355 2423 aeternam,

878 2449 988 2513 sed
1019 2446 1432 2531 temporalem
1461 2452 1558 2507 est
1587 2443 1850 2506 sortitus
1880 2444 2261 2508 mercedem.

958 2551 1164 2610 Porro
1183 2548 1348 2607 Jelzu
1371 2563 1500 2604 non
1521 2544 1889 2614 custodivit,
1913 2553 1987 2603 ut
2007 2546 2367 2604 ambularet

879 2648 954 2708 in
996 2650 1126 2725 leye
1154 2644 1425 2707 Domini
1464 2643 1586 2704 Dei
1626 2644 1859 2711 Israel,
1899 2644 1972 2703 in
2017 2652 2137 2704 toto
2182 2646 2369 2703 corde

877 2766 1016 2807 suc.
1069 2745 1218 2809 Non
1269 2742 1446 2803 enim
1493 2742 1748 2801 recessit
1793 2761 1834 2799 a
1871 2743 2152 2817 peccatis
2199 2744 2369 2803 Jero-

879 2845 1084 2914 boam,
1116 2841 1235 2921 qui
1263 2858 1528 2920 peccare
1569 2841 1804 2919 fecerat
1847 2841 2074 2901 Israel.
2112 2842 2197 2901 In
2237 2840 2369 2900 die-

879 2944 993 3003 bus
1023 2943 1159 3002 illis
1188 2940 1376 3017 coepit
1403 2938 1723 2999 Dominus
1753 2940 2001 3010 toedere,
2029 2936 2095 3000 id
2123 2946 2222 3000 est
2251 2956 2366 3020 per

2482 1950 2671 2014 factis
2701 1952 2833 2015 suis
2866 1972 2943 2016 ex
2974 1953 3186 2017 radice
3212 1974 3341 2036 qua
3381 1955 3783 2037 operabatur,
3818 1954 3975 2037 quia

2481 2069 2557 2113 ex
2586 2050 2722 2114 zelo
2752 2051 2884 2129 Dei,
2904 2059 2968 2115 et
2989 2060 3248 2134 propter
3281 2051 3308 2113 s
3312 2052 3482 2115 inem
3515 2052 3967 2133 intentionum,

2478 2148 2634 2229 quia
2665 2158 2734 2211 ut
2764 2149 3113 2214 eradicaret
3144 2150 3421 2214 cultores
3450 2151 3630 2228 Baal;
3664 2160 3728 2215 et
3756 2160 3971 2215 tamen

2481 2247 2547 2308 in
2592 2246 2805 2312 verbis
2847 2257 2910 2311 et
2955 2246 3142 2313 factis
3184 2249 3324 2331 ejus
3362 2258 3657 2332 poterant
3694 2250 3971 2315 venialia

2478 2354 2739 2427 peccata
2796 2365 2934 2409 esse
2992 2346 3293 2410 admixta.
3349 2348 3583 2411 Tamen
3646 2348 3971 2413 simulatio

2478 2445 2619 2526 ejus
2663 2453 2727 2509 et
2770 2445 2897 2508 alia
2942 2464 3087 2527 quae
3136 2446 3434 2510 videntur
3477 2447 3545 2509 in
3594 2445 3779 2511 factis
3828 2448 3970 2529 ejus

2478 2542 2831 2625 culpabilia
2858 2542 3171 2621 fuisse,ut
3202 2545 3372 2626 quod
3402 2545 3671 2609 miseros
3700 2545 3845 2610 illos
3876 2546 3972 2609 sic

2478 2640 2787 2704 animavit
2830 2650 2893 2705 et
2940 2640 3373 2707 inflammavit
3414 2644 3495 2706 ad
3535 2642 3779 2707 cultum
3822 2643 3967 2707 Baal

2478 2740 2832 2818 solennem,
2877 2749 3215 2803 excusatur
3258 2741 3396 2805 sive
3440 2742 3507 2803 in
3552 2751 3684 2807 toto
3727 2742 3864 2806 sive
3903 2742 3969 2805 in

2477 2846 2677 2916 tanto,
2714 2838 3019 2921 quoniam
3062 2839 3249 2904 aliter
3292 2859 3420 2904 non
3461 2841 3714 2905 valebat
3758 2841 3969 2904 inten-

2476 2944 2613 2999 tum
2646 2935 2982 3019 perficere.
3791 2950 3799 2955 ’

877 3040 1139 3103 modum
1179 3034 1546 3099 nauseantis
1583 3042 1646 3097 et
1685 3034 2110 3099 abominantis
2148 3055 2217 3100 se
2255 3037 2367 3100 ha-
2402 3038 2446 3101 C
2559 3035 2847 3118 Denique
2888 3044 3063 3119 patet
3106 3056 3183 3100 ex
3226 3036 3437 3115 dictis,
3486 3038 3762 3120 qualiter
3804 3039 3967 3102 Deus

877 3138 1050 3215 bere,
1083 3156 1276 3216 super
1304 3137 1535 3205 Israel,
1566 3132 1632 3197 id
1670 3142 1767 3196 est
1803 3134 1971 3197 circa
2005 3135 2225 3198 decem
2254 3135 2361 3198 tri-

880 3240 1021 3315 buS,
1068 3242 1329 3319 propter
1375 3233 1696 3310 diuturna,
1741 3233 1944 3296 multa
1984 3242 2047 3296 et
2087 3234 2365 3297 maxima

878 3355 1099 3401 eorum
1131 3333 1434 3410 facinora,
1459 3340 1524 3395 et
1551 3331 1705 3414 quia
1733 3349 2136 3413 nequaquam
2168 3354 2205 3395 a
2234 3342 2363 3397 tam

879 3436 1184 3500 diuturno
1216 3432 1564 3496 vitulorum
1593 3430 1770 3493 cultu
1801 3430 2158 3495 cessabant.
2180 3433 2365 3496 Juxta

883 3536 1057 3598 hunc
1083 3533 1344 3595 modum
1375 3530 1681 3612 scriptum
1713 3538 1809 3593 est
1842 3537 1906 3593 et
1942 3529 2009 3592 in
2039 3531 2312 3595 sere-mia
2346 3548 2361 3593 ε

883 3634 1017 3697 Non
1074 3637 1322 3714 poterat
1368 3647 1481 3692 vos
1529 3627 1832 3691 Dominus
1886 3628 2056 3692 ultra
2110 3638 2365 3711 portare

881 3740 1142 3817 propter
1162 3728 1474 3791 malitiam
1506 3726 1859 3790 studiorum
1899 3736 2267 3792 vestrorum.
2295 3730 2364 3793 ln

880 3832 1039 3895 Isaia
1075 3844 1332 3911 quoque
1369 3847 1381 3891 :
1420 3825 1748 3890 Praehuisti
1792 3824 1953 3887 mihi
1987 3825 2265 3889 laborem
2298 3828 2364 3890 in

881 3925 1329 4011 iniquitatibus
1388 3924 1538 3989 tuiS.
1585 3926 2035 4003 Percussitque
2082 3945 2183 3985 eos
2232 3930 2368 3988 Ha-

879 4033 1020 4091 zael
1050 4029 1124 4088 in
1145 4026 1468 4087 universis
1488 4024 1732 4102 finibus
1762 4024 1990 4094 Israel,
2015 4044 2054 4083 a
2081 4026 2367 4086 Iordane

876 4136 1100 4189 contra
1129 4127 1507 4185 orientalem
1533 4124 1823 4199 plagam,
1846 4140 2096 4183 omnem
2125 4131 2364 4185 terram

2476 3154 2591 3217 per
2612 3153 2813 3197 unum
2839 3135 3179 3218 reprobum
3212 3136 3398 3219 punit
3426 3145 3685 3219 peccata
3703 3136 3967 3201 alterius

2476 3233 2733 3316 reprobi
2768 3251 2784 3295 :
2818 3242 2881 3297 et
2919 3233 3239 3297 interdum
3287 3235 3341 3297 is
3384 3254 3500 3318 per
3537 3253 3726 3317 quem
3766 3235 3963 3298 alium

2474 3332 2683 3415 punit,
2704 3342 2801 3395 est
2831 3332 3045 3395 minus
3077 3332 3338 3416 iniquus
3368 3353 3559 3416 quam
3591 3334 3735 3409 ille3
3767 3354 3965 3416 quan-

2475 3432 2684 3513 doque
2720 3439 2817 3494 est
2853 3432 3036 3514 pejor
3074 3450 3172 3509 e0‚
3205 3433 3555 3496 secundum
3584 3432 3963 3516 imperscru-

2477 3528 2739 3591 tabilem
2768 3528 3065 3611 abyssum
3096 3530 3483 3611 judiciorum
3504 3529 3837 3594 Altissimi.
3860 3530 3964 3593 Po-
3992 3552 4201 3595 num
4226 3555 4265 3595 τ.

2477 3635 2736 3704 strem0‚
2771 3646 2888 3709 per
2917 3627 3078 3690 Jehu
3118 3636 3387 3710 possunt
3426 3627 3700 3711 intelligi
3746 3628 3814 3692 hi
3849 3628 3962 3711 qui

2476 3723 2683 3788 zelum
2722 3726 2833 3788 Dei
2873 3725 3133 3803 habent,
3171 3744 3299 3790 non
3337 3735 3547 3791 tamen
3586 3726 3801 3790 debita
3838 3728 3967 3790 dis-

2476 3823 2760 3887 cretione
2808 3841 2822 3885 :
2868 3822 2983 3905 qui
3028 3824 3187 3887 alios
3232 3825 3581 3906 corrigunt,
3630 3834 3693 3890 et
3751 3834 3967 3889 tamen

2476 3921 2601 4003 ipsi
2623 3921 2689 3984 in
2713 3920 3035 4003 aliquibus
3057 3921 3234 3984 vitiis
3253 3932 3700 4005 perseverant3
3731 3933 3796 3987 et
3824 3924 3969 3987 sub-

2475 4021 2642 4083 ditos
2674 4038 2824 4083 suos
2858 4019 2939 4083 ab
2976 4020 3299 4102 aliquibus
3344 4021 3555 4104 culpis
3598 4024 3961 4099 emendant,

2474 4117 2831 4201 corripiunt
2860 4125 2923 4181 et
2953 4118 3287 4198 castigant,
3322 4129 3385 4182 et
3416 4119 3621 4183 nihilo
3650 4120 3865 4184 minus
3898 4120 3965 4182 in

883 4226 1159 4295 Galaad,
1184 4232 1244 4283 et
1278 4224 1441 4292 Gad,
1472 4229 1531 4281 et
1557 4220 1813 4288 Ruben,
1839 4228 1899 4279 et
1931 4221 2256 4290 Manasse,
2284 4224 2365 4283 ab
2393 4221 2443 4281 D
2474 4216 2797 4299 aliquibus
2829 4217 3006 4281 vitiis
3037 4218 3341 4281 deserunt
3368 4237 3513 4293 eos3
3550 4227 3614 4282 et
3653 4220 3963 4300 quosdam

874 4325 1107 4392 Aroer‚
1136 4340 1278 4401 quae
1307 4329 1397 4380 est
1424 4337 1620 4396 super
1651 4324 1991 4377 torrentem
2019 4319 2276 4388 Arnon,
2306 4329 2365 4380 et

882 4421 1156 4487 Galaad,
1185 4427 1246 4478 et
1274 4420 1496 4477 Basan
1527 4436 1551 4475 .·
1586 4411 1740 4496 quia
1775 4412 1997 4477 divino
2035 4423 2217 4477 erant
2258 4435 2367 4478 au-

877 4516 1033 4580 xilio
1063 4515 1385 4593 destituti3
1420 4534 1536 4578 nec
1578 4521 1825 4596 poterat
1864 4510 2022 4575 Jehu
2067 4514 2367 4579 resistere

877 4614 1146 4692 Hazaeli,
1165 4613 1320 4697 quia
1343 4613 1632 4693 ingratus
1653 4610 1778 4673 fuit
1803 4610 1943 4686 Dee,
1964 4610 2199 4675 vitulos
2223 4614 2367 4677 ado-

877 4714 1101 4777 rand0.

953 4813 1234 4893 Reliqua
1271 4820 1491 4873 autem
1531 4811 1865 4871 verborum
1901 4812 2088 4884 Jelzu‚
2121 4822 2183 4873 et
2212 4814 2366 4873 uni-

2474 4315 2566 4378 sic
2599 4315 2947 4395 corrigunt,
2979 4315 3151 4397 quod
3190 4317 3500 4398 quosdam
3541 4318 3607 4379 in
3650 4317 3783 4380 suis
3824 4336 3965 4401 per-

2473 4413 2738 4476 mittunt
2766 4414 3042 4496 peccatis
3076 4414 3397 4478 tabescere
3435 4435 3509 4478 ac
3539 4416 3749 4498 perire
3783 4433 3797 4479 :
3834 4416 3963 4479 ime

2472 4519 2535 4575 et
2588 4511 2711 4594 ipsi
2760 4510 2953 4573 simul
3004 4522 3273 4593 pereunt
3319 4532 3467 4577 cum
3518 4514 3782 4591 eisdem,
3833 4532 3959 4578 non

2472 4616 2815 4691 pensantes
2856 4608 3016 4671 illud
3052 4609 3291 4687 Jacobi,
3328 4611 3723 4693 Quicumque
3770 4620 3961 4675 totam
3988 4638 4263 4689 amantio.

2473 4708 2677 4788 legem
2709 4707 3093 4790 impleverit,
3128 4706 3408 4773 offendit
3449 4719 3663 4774 autem
3702 4710 3771 4773 in
3806 4729 3957 4788 un0,

2474 4804 2680 4869 factus
2712 4813 2808 4869 est
2837 4806 3124 4869 omnium
3155 4825 3323 4869 reuS.
