4309 6259
53 1233 113 1271 ¹..

103 1956 133 1998 ll
164 1956 274 1999 Par.

55 2034 184 2068 xxvm.
201 2024 241 2063 3.

89 2351 264 2395 ibidem.

117 3146 222 3192 1556.
241 3152 280 3191 5.

99 4524 204 4570 nid.
219 4532 304 4573 5-8.

73 1166 132 1209 12.
146 1180 215 1219 vu,
235 1170 303 1219 to,

912 492 1263 539 mammo
1306 492 1366 537 [Ν
1411 492 1546 537 CAP.
1595 491 1702 537 XVI
1740 491 1900 537 LIBRI
1941 490 2165 545 Quan'rl
2207 493 2432 539 REGUM.
2479 512 2559 522 —
2600 494 2742 540 ΛΒΤ.
2789 494 2897 541 xlx

3366 475 3446 539 65

321 660 563 737 pis-set,
593 670 655 721 et
681 664 959 723 sedecim
1001 664 1200 724 annis
1228 664 1528 739 reynavit
1568 664 1640 723 in
1668 665 1848 725 Jeru-
1878 660 1931 723 A
1957 679 2205 742 capere,
2238 662 2500 725 recessit
2537 663 2618 726 ab
2659 664 2799 745 ejus
2841 663 3199 741 obsidione,
3240 681 3443 746 oppu-

329 762 567 819 salem.
605 760 758 824 Non
805 761 961 838 fecit
1009 764 1181 841 quod
1227 769 1368 823 erat
1406 763 1726 837 placitum
1773 762 1846 819 in

333 868 686 936 conspectu
715 860 991 919 Domini
1009 861 1132 920 Dei
1159 861 1291 928 sui,
1311 861 1479 919 sicut
1499 861 1719 919 David
1731 878 1848 936 pa-

337 964 444 1013 ter
472 956 617 1033 ejus
638 976 662 1017 .·
692 960 804 1017 sed
833 959 1198 1018 ambulavit
1223 960 1298 1017 in
1343 959 1470 1017 viis
1500 978 1726 1035 reyum
1755 958 1850 1017 Is-

333 1058 532 1114 rael:
551 1054 710 1136 quia
737 1055 1164 1137 pravissimus
1196 1054 1320 1117 fuit
1353 1056 1707 1133 idololatra,
1731 1075 1849 1119 nec

337 1152 556 1215 sancti
600 1152 778 1217 lsaiae
825 1154 1154 1235 propbetae
1200 1153 1421 1217 audire
1472 1153 1676 1217 voluit
1713 1173 1849 1217 mo-

337 1250 508 1313 nita.
542 1254 828 1330 Insuper
852 1263 913 1314 et
941 1255 1159 1331 filium
1193 1273 1387 1314 suum
1430 1255 1844 1325 consecravit,

339 1351 756 1427 transferens
805 1370 926 1427 per
973 1352 1212 1428 ignem,
1264 1354 1620 1411 secundum
1671 1353 1850 1411 idola

329 1450 674 1523 gentium,
703 1470 848 1528 quoe
887 1451 1237 1527 dissipavit
1276 1451 1596 1510 Dominus
1633 1470 1850 1511 coram

335 1548 514 1623 filiis
547 1549 776 1609 Israel.
808 1550 1196 1609 Immolabat
1234 1568 1480 1627 quoque
1528 1550 1849 1617 victimas,

335 1655 400 1705 et
455 1649 754 1707 adolebat
803 1648 1163 1717 incensum,
1214 1646 1281 1708 id
1330 1654 1448 1722 est,
1501 1646 1850 1728 tbymiama

335 1763 462 1805 seu
497 1744 685 1807 thura
715 1745 1024 1809 cremavit
1051 1746 1129 1807 ad
1163 1744 1478 1808 idolorum
1511 1746 1841 1820 honorem,

335 1844 414 1903 in
445 1846 744 1913 eccelsia
773 1855 833 1906 et
877 1845 946 1905 in
975 1846 1270 1914 collibus,
1299 1854 1359 1905 et
1396 1847 1514 1905 sub
1544 1848 1724 1905 omni
1769 1846 1850 1904 li-

325 1962 470 2019 qno
500 1942 832 2018 frondoso,
865 1950 930 2005 et
970 1942 1034 2004 in
1079 1942 1246 2008 valle
1277 1943 1663 2005 Benennom.
1699 1942 1844 2004 Fuit

335 2040 446 2103 vir
501 2040 762 2105 nomine
809 2040 1083 2119 Ennom‚
1129 2041 1207 2104 ad
1255 2061 1448 2124 quem
1503 2041 1687 2106 vallis
1740 2038 1852 2103 illa

336 2148 530 2203 extra
559 2148 624 2203 et
653 2157 854 2222 prope
881 2139 1230 2203 Jerusalem
1262 2140 1622 2222 pertinebat
1653 2156 1666 2202 :
1703 2140 1852 2203 inde

335 2238 524 2301 dicta
569 2247 670 2303 est
717 2238 904 2301 vallis
936 2239 1064 2303 Ben
1108 2239 1379 2315 Ennom‚
1417 2238 1481 2300 id
1529 2247 1627 2301 est
1667 2239 1852 2303 vallis

336 2335 472 2399 filii
509 2338 782 2401 Ennom.
815 2336 894 2399 Et
934 2336 1251 2413 lustravit,
1286 2336 1353 2399 id
1383 2346 1479 2399 est
1525 2338 1850 2418 purgavit,

339 2436 534 2500 filios
555 2454 704 2500 suos
724 2436 791 2498 in
815 2436 982 2517 igne,
1007 2436 1314 2499 trahendo
1335 2454 1443 2499 eos
1476 2454 1588 2517 per
1611 2436 1849 2515 ignem,

333 2536 532 2617 juxta
563 2536 758 2597 ritum
800 2534 1110 2614 gentium,
1145 2535 1410 2598 credens
1444 2534 1509 2596 in
1543 2535 1688 2614 igne
1713 2554 1852 2597 esse

1955 760 2303 842 gnavitque
2346 761 2549 824 Ailam
2600 762 2679 825 ad
2728 782 2902 825 mare
2947 761 3223 826 Rubrum
3274 761 3447 844 posi-

1959 866 2108 933 tam,
2145 878 2413 941 eamque
2443 860 2633 942 cepit,
2667 868 2730 923 et
2758 859 3144 923 habitatores
3176 860 3316 942 ejus
3348 879 3448 923 oc-

1956 955 2114 1018 cidit
2149 974 2163 1018 :
2197 957 2343 1019 aliis
2369 977 2627 1039 quoque
2662 958 3029 1022 civitatibus
3061 959 3128 1021 in
3173 959 3444 1022 circuitu

1959 1053 2255 1118 similiter
2303 1055 2479 1133 feeit,
2509 1057 2758 1121 Judaeos
2811 1056 3051 1140 ubique
3102 1057 3398 1121 occidens
3427 1083 3442 1135 ;

1957 1170 2031 1214 ac
2059 1171 2351 1234 magnam
2402 1155 2553 1218 inde
2594 1165 2921 1239 reportans
2962 1158 3261 1239 praedam,
3297 1176 3445 1220 cum

1959 1269 2074 1313 suo
2103 1252 2383 1315 exercitu
2415 1254 2483 1315 in
2510 1255 2887 1339 Damascum
2919 1274 3209 1319 reversus
3242 1263 3357 1318 est.

2040 1354 2227 1413 Misit
2247 1363 2462 1414 autem
2481 1357 2699 1415 Achaz
2724 1356 2987 1415 nuntios
3006 1358 3095 1415 ad
3123 1356 3448 1431 Tkeylath-

1949 1452 2289 1527 phalasar,
2312 1472 2524 1529 reyem
2550 1454 2995 1530 Assyriorum,
3019 1454 3237 1514 dicens
3256 1472 3280 1514 .·
3300 1456 3443 1515 Ser-

1961 1570 2077 1609 vus
2111 1559 2257 1610 tuus
2286 1560 2346 1610 et
2375 1551 2558 1628 filius
2592 1561 2739 1611 tuus
2781 1571 2891 1628 eqo
2933 1572 3100 1612 sum.
3135 1554 3446 1623 Ascende,

1958 1659 2016 1709 et
2035 1652 2289 1709 salvum
2325 1670 2421 1709 me
2448 1650 2558 1726 fac
2586 1652 2664 1710 de
2694 1671 2897 1711 manu
2926 1652 3096 1727 reyis
3123 1652 3367 1728 Syriae,
3388 1661 3447 1712 et

1957 1751 2036 1807 de
2065 1768 2270 1809 manu
2302 1750 2469 1825 regis
2496 1752 2723 1819 Israel,
2760 1750 2875 1827 qui
2904 1759 3448 1811 consurreoeerunt

1886 1845 1933 1908 B
1960 1850 2303 1907 adversum
2346 1868 2461 1907 me.
2494 1850 2581 1908 Et
2612 1868 2814 1925 quum
2850 1849 3193 1924 collcyisset
3223 1868 3451 1925 arqen-

1963 1956 2098 2006 tum
2128 1955 2188 2006 el
2217 1965 2482 2015 aurum,
2504 1949 2675 2023 quod
2694 1946 2986 2005 inveniri
2996 1947 3214 2022 potuit
3246 1948 3318 2007 in
3347 1950 3452 2007 do·

1961 2064 2059 2104 mo
2087 2044 2357 2105 Domini
2384 2053 2443 2103 et
2474 2045 2546 2103 in
2580 2045 2897 2104 thesauris
2930 2046 3123 2121 regis,
3150 2045 3333 2105 misit
3358 2065 3451 2104 re-

1953 2143 2030 2218 9i
2060 2143 2486 2219 Assyriorum
2524 2161 2819 2202 munera.
2861 2144 2990 2211 Qui
3021 2151 3081 2202 et
3122 2145 3449 2223 acquievit

1961 2242 2285 2300 voluntati
2311 2241 2472 2315 ejus,
2512 2240 2817 2299 Ascendit
2847 2250 3065 2301 autem
3104 2262 3221 2301 rex
3252 2245 3451 2319 Assy-

1959 2339 2213 2397 riorum
2242 2339 2315 2397 in
2347 2340 2766 2407 Damascum,
2796 2347 2855 2397 et
2883 2341 3163 2399 vastavit
3192 2360 3359 2409 eam,
3386 2350 3447 2401 et

1964 2438 2300 2497 transtulit
2324 2438 2710 2497 habitatores
2738 2437 2879 2514 ejus
2902 2438 3211 2514 Cyrenen.
3238 2440 3445 2500 Rasin

1960 2545 2179 2596 autem
2208 2536 2556 2612 interfecit.

335 2634 482 2696 vim
519 2632 920 2716 purgativam
949 2632 1142 2695 etiam
1164 2632 1596 2714 spiritualium
1619 2652 1848 2695 rerum.
2019 2635 2447 2712 Per-reicitque
2465 2654 2584 2693 rea>
2602 2636 2823 2695 Achaz
2846 2636 2918 2694 in
2938 2654 3271 2697 occursum
3300 2640 3451 2699 The-

329 2732 662 2815 Iosephus
694 2732 806 2809 ait,
839 2732 1010 2814 quod
1045 2750 1246 2793 unum
1277 2731 1356 2794 de
1388 2730 1549 2793 filiis
1583 2732 1714 2795 suis
1745 2732 1852 2795 ob·
1953 2735 2452 2809 ylathplealasar
2509 2733 2648 2808 reyi
2695 2734 3143 2809 Assyriorum,
3193 2737 3265 2795 in
3320 2738 3450 2797 Da-

335 2832 502 2895 tulit
534 2832 658 2895 diis
702 2831 836 2893 suis
883 2830 947 2892 in
993 2830 1436 2893 holocaustum
1477 2849 1658 2893 more
1696 2831 1853 2894 Cha·
1964 2852 2269 2892 mascam.
2304 2830 2427 2892 Ista
2466 2830 2532 2891 in
2578 2830 2978 2911 praeallegato
3028 2831 3451 2914 Paralipome-

337 2950 728 2995 nanaeorum
763 2948 778 2992 τ
827 2949 904 2993 ex
947 2949 1078 3013 quo
1126 2930 1328 3011 aliqui
1377 2938 1626 3012 putant,
1678 2931 1852 3012 quod
1964 2947 2089 2991 non
2121 2928 2290 2991 libro
2320 2928 2607 3010 exposita
2632 2937 2803 2991 sunt.
2831 2932 3167 3009 Quumque
3188 2933 3449 2993 vidisset

338 3031 574 3094 silium
621 3030 806 3092 illum
851 3028 1004 3092 fecit
1048 3028 1194 3107 igne
1226 3028 1516 3091 consumi
1562 3037 1625 3092 et
1661 3030 1847 3092 mori.
1888 3039 1932 3103 C
1961 3028 2165 3091 Achaz
2196 3046 2303 3089 rex
2332 3032 2538 3087 altare
2557 3028 2884 3098 Damasci,
2915 3046 3110 3109 super
3138 3029 3310 3109 quod
3343 3029 3449 3112 Syq

338 3131 418 3193 Et
465 3128 740 3192 tradidit
781 3147 928 3191 eum
971 3128 1278 3190 Dominus
1329 3127 1394 3189 in
1443 3147 1636 3189 manu
1687 3128 1854 3207 regis
1963 3127 2016 3189 ri
2047 3127 2179 3190 suis
2211 3125 2399 3190 idolis
2425 3124 2865 3201 immolabant,
2892 3127 3072 3187 misit
3102 3130 3189 3188 ad
3224 3130 3449 3191 Uriam

339 3229 576 3312 Syriae.
621 3228 906 3291 Manibus
959 3245 1221 3309 quoque
1283 3226 1450 3307 regis
1499 3226 1686 3290 lsrael
1731 3236 1854 3290 tra-

339 3329 534 3391 ditus
577 3336 696 3391 est.
744 3325 922 3400 Quod
953 3334 1154 3389 totum
1197 3325 1263 3388 in
1312 3325 1714 3408 praeallegato
1743 3326 1854 3389 Pa-

339 3427 805 3509 ralipomenon
848 3425 1014 3488 libro
1066 3424 1189 3487 fuit
1232 3424 1614 3507 expositum,
1651 3434 1714 3488 et
1762 3425 1851 3489 ibi

340 3536 443 3591 est
479 3524 940 3607 requirendum
978 3541 990 3585 :
1026 3542 1104 3587 ex
1151 3522 1386 3605 quibus
1439 3532 1658 3605 patent
1705 3545 1852 3606 quae

343 3626 414 3689 in
450 3626 584 3688 isto
613 3632 970 3706 sequuntur
997 3623 1306 3704 capitulo.

435 3728 628 3787 Tunc
656 3725 944 3784 ascendit
963 3725 1172 3785 Rasin
1203 3743 1322 3782 rex
1339 3724 1392 3785 S
1391 3723 1582 3799 μνία»,
1602 3734 1662 3784 et
1681 3726 1858 3785 Plia-

339 3844 448 3883 cee
490 3824 682 3900 filius
711 3822 1022 3883 Romelioe
1062 3841 1180 3881 rea·
1223 3824 1453 3893 Israel,
1488 3822 1562 3881 in
1605 3823 1858 3883 Jerusa-

343 3926 508 3994 lem,
543 3920 608 3983 id
637 3927 734 3983 est
762 3919 842 3983 ad
873 3937 1036 3997 eam,
1061 3922 1149 3980 ad
1169 3920 1646 3996 praeliandum,
1667 3919 1730 3981 id
1762 3928 1858 3983 est

341 4020 424 4083 ad
459 4017 894 4083 obsidendum
923 4018 1211 4081 eamdem
1239 4035 1253 4078 :
1287 4036 1482 4098 quarn
1517 4024 1727 4081 tamen
1749 4018 1858 4081 ob-

345 4120 568 4181 tInere
626 4136 754 4180 non
806 4124 1124 4200 poterant,
1176 4116 1332 4198 quia
1383 4116 1620 4199 triplici
1672 4136 1856 4182 muro

1958 3229 2373 3295 sacerdotem,
2417 3224 2480 3286 id
2530 3232 2626 3287 est
2676 3222 3075 3305 pontificem,
3110 3231 3449 3306 exemplar

1961 3327 2100 3403 ejus
2145 3334 2208 3384 et
2252 3324 2781 3395 similitudinem,
2803 3324 3013 3400 juxta
3057 3344 3242 3384 omne
3291 3345 3451 3403 opus

1962 3426 2221 3504 ejus,ut
2246 3420 2424 3484 Urias
2456 3420 2666 3483 simile
2696 3421 2893 3484 altare
2926 3420 3161 3485 faceret
3192 3422 3259 3484 in
3293 3432 3453 3487 tem-

1965 3522 2072 3605 plo
2098 3519 2466 3585 Jerusalem.
2500 3521 2977 3600 E'oestruoeitque
3017 3523 3206 3584 Urias
3246 3544 3452 3584 sacer-

1965 3625 2076 3682 dos
2117 3623 2325 3682 altare
2360 3620 2563 3697 juxta
2606 3620 2826 3680 omnia
2874 3640 3016 3699 quae
3055 3634 3453 3701 praeceperat

1965 3741 2082 3780 rex
2127 3721 2350 3780 Achaz
2397 3721 2477 3778 de
2504 3721 2817 3779 Damasco
2834 3740 2859 3788 ,·
2908 3720 3004 3777 ita
3050 3718 3206 3794 fecit
3249 3740 3455 3781 sacer-

1965 3822 2077 3880 dos
2107 3818 2319 3887 Urias,
2345 3819 2544 3876 donec
2565 3817 2808 3876 veniret
2828 3836 2944 3875 rcoe
2964 3817 3189 3878 Achaz
3217 3820 3296 3877 de
3324 3822 3454 3881 Da-

1967 3936 2196 3977 masco,
2238 3916 2578 3992 Quumque
2620 3914 2888 3973 venisset
2926 3934 3044 3973 rea>
3085 3917 3165 3974 de
3205 3918 3452 3978 Dama-

1962 4035 2062 4074 sco
2093 4014 2161 4075 in
2187 4012 2557 4086 Jerusalem,
2584 4012 2752 4071 vidit
2780 4014 2989 4071 altare
3018 4022 3079 4073 et
3110 4024 3451 4076 veneratus

1963 4123 2052 4174 est
2081 4115 2255 4173 illud
2276 4132 2298 4171 .·
2325 4109 2523 4173 altare
2552 4108 2955 4190 sacrilegum,
2988 4111 3161 4192 quod
3191 4111 3447 4176 interim

345 4217 714 4282 fortissime
734 4215 763 4278 f
767 4216 860 4279 uit
889 4216 1300 4279 circumdata.
1328 4215 1486 4278 Hinc
1517 4216 1810 4279 subditur
1837 4235 1852 4280 ε
1887 4228 1939 4290 D
1967 4231 2079 4295 per
2109 4229 2370 4273 manum
2400 4207 2723 4271 artificum
2755 4207 2908 4271 fecit
2924 4208 3139 4286 Urias3
3174 4218 3237 4273 et
3266 4231 3453 4277 vene-

345 4338 690 4397 quumque
709 4318 1064 4377 obsiderent
1096 4315 1307 4396 ipsum
1338 4318 1560 4376 Achaz
1592 4314 1659 4377 in
1686 4316 1856 4379 Jeru-

345 4417 560 4479 salem
591 4414 1028 4491 exsistentem,
1061 4434 1188 4474 non
1221 4418 1572 4475 valuerunt
1600 4435 1855 4493 supera·

349 4536 422 4575 re
457 4535 638 4575 eum.
661 4512 899 4575 Tamen
940 4510 1008 4573 in
1046 4510 1218 4574 bello
1258 4530 1368 4574 rex
1407 4511 1595 4575 Israel
1635 4522 1856 4576 contra

349 4612 564 4675 Achaz
613 4610 972 4694 praevaluit,
1008 4609 1174 4672 sicut
1213 4609 1280 4671 in
1327 4609 1852 4692 Paralipomenon

349 4711 685 4774 recitatur.
720 4712 806 4771 In
850 4710 968 4769 illo
1014 4718 1290 4785 tempore
1337 4711 1621 4771 restituit
1643 4713 1854 4772 Rasin

346 4831 474 4869 rex
521 4810 744 4887 Syrioe
779 4809 1034 4877 Ailam,
1085 4806 1150 4869 id
1201 4813 1296 4870 est
1347 4805 1570 4869 urbem
1624 4807 1718 4871 sic
1760 4808 1854 4870 di-

347 4916 548 4985 ctam,
593 4909 841 4985 Syria»,
887 4905 952 4968 id
1001 4913 1099 4969 est
1146 4922 1342 4985 regno
1390 4924 1528 4981 suo,
1569 4916 1630 4966 et
1669 4907 1854 4983 ejecit

345 5009 614 5068 Judoeos
642 5008 722 5066 de
749 5006 930 5067 Aila.
967 5008 1050 5067 E't
1082 5005 1365 5065 Idumoei
1395 5014 1454 5064 et
1481 5005 1645 5081 Syri
1674 5026 1855 5066 vene-

347 5114 518 5165 runt
549 5106 622 5165 in
653 5105 903 5176 Ailam,
935 5112 996 5165 et
1030 5103 1490 5165 habitaverunt
1520 5104 1615 5162 ibi
1657 5123 1854 5181 usque

349 5204 428 5263 in
461 5205 640 5264 diem
671 5204 862 5264 hanc.
896 5201 1156 5283 Nempe,
1181 5210 1253 5264 ut
1280 5200 1590 5283 Iosephus
1615 5209 1850 5279 narrat,

351 5301 588 5364 videns
618 5320 730 5364 rex
757 5300 954 5383 Syriae
996 5320 1064 5364 se
1113 5318 1240 5364 non
1291 5318 1476 5382 posse
1505 5299 1852 5363 Jerusalem

611 5433 676 5486 T.
713 5434 762 5483 ⁴.

1965 4318 2136 4372 ratus
2168 4316 2263 4371 est
2294 4307 2475 4384 illud,
2499 4306 2832 4371 offerendo
2863 4326 3055 4389 super
3076 4308 3236 4371 illud
3262 4309 3453 4373 idolis

1963 4409 2119 4471 suis,
2153 4409 2582 4486 Ascenditque
2609 4416 2668 4467 et
2690 4408 3053 4469 immolavit
3083 4410 3455 4471 holocausta

1961 4518 2022 4569 et
2049 4508 2450 4584 sacrificium
2490 4524 2705 4575 suum,
2738 4515 2799 4566 et
2841 4507 3075 4568 libavit
3106 4508 3453 4580 libamina,

1962 4617 2022 4668 et
2049 4607 2233 4683 fudit
2272 4605 2657 4682 sanquinem
2686 4606 3140 4683 pacificorum,
3170 4626 3313 4685 quae
3352 4610 3455 4667 ob-

1967 4710 2205 4768 tulerat
2241 4724 2432 4781 super
2462 4706 2691 4766 altare.
2725 4706 2932 4766 Porro
2963 4708 3173 4766 altare
3212 4726 3453 4768 oereum

1963 4807 2134 4884 quod
2162 4812 2301 4864 erat
2330 4822 2547 4862 coram
2575 4804 2879 4872 DominO,
2910 4802 3033 4866 hoc
3077 4811 3173 4867 est
3212 4804 3290 4866 ad
3338 4802 3449 4867 Dei

1963 4905 2272 4967 honorem
2321 4909 2759 4965 consecratum
2808 4910 2873 4964 et
2922 4902 3115 4965 situm
3170 4902 3236 4964 in
3288 4904 3451 4968 atrio

1962 5002 2383 5076 sacerdotum,
2415 5000 2713 5065 videlicet
2743 5001 2940 5064 altare
2970 5001 3329 5065 holocausti
3363 5001 3451 5065 fa-

1963 5111 2136 5166 ctum
2167 5120 2204 5162 a
2235 5098 2591 5176 Salomone,
2630 5101 2966 5161 transtulit
2992 5103 3073 5159 de
3100 5100 3271 5177 facie
3303 5111 3454 5161 tem-

1955 5202 2086 5281 pli,
2123 5209 2185 5261 et
2222 5202 2301 5259 de
2352 5201 2479 5258 loco
2527 5200 2785 5268 altaris,
2814 5207 2873 5258 et
2919 5200 3000 5257 de
3052 5201 3179 5259 loco
3231 5200 3454 5279 templi

1963 5298 2259 5366 Domini,
2292 5295 2356 5357 id
2398 5303 2494 5357 est
2525 5296 2603 5357 de
2636 5295 2773 5357 loco
2802 5313 2939 5373 suo,
2974 5304 3129 5377 puta
3174 5296 3253 5359 de
3290 5294 3453 5358 atrio

3178 5430 3207 5479 5

3518 1374 3553 1418 11
3584 1374 3695 1417 Par.

3473 1438 3739 1491 xxvanw,

3481 4719 3534 4763 ΙΙΙ
3549 4720 3739 4776 Roman,

3478 4786 3548 4828 ⁶⁴.
