4309 6259
893 492 1012 559 458
1747 508 2093 555 sumai-10
2136 508 2199 553 m
2242 506 2377 553 ω.
2421 506 2466 552 x
2505 507 2631 555 1013.
2676 526 2757 539 -—
2797 508 2941 555 aar.
2975 507 3122 554 xxvi

894 682 1580 765 perclementissimum
1607 682 1876 757 Patrem,
1908 686 2034 742 tam
2069 678 2384 759 incompa-
2410 676 2461 739 A
2489 677 2735 741 Psalmo
2789 696 2803 740 :
2856 679 3015 743 Veni
3066 680 3133 741 in
3184 679 3587 743 altitudinem
3636 681 3861 756 mariS,
3912 688 3977 743 et
4006 697 4225 743 rammi.

893 782 1158 845 rabilem
1201 784 1698 858 benefactorem,
1743 781 1930 844 toties
1973 788 2036 842 et
2078 786 2209 840 tam
2246 778 2383 840 dire

893 880 1311 945 offendimus.
1339 888 1422 945 Ec
1453 886 1540 943 ad
1571 885 1792 943 horam
1818 880 2163 957 pepercisti
2192 879 2379 948 milei,

896 996 1022 1041 non
1055 979 1269 1041 statim
1302 989 1362 1043 te
1392 979 1758 1043 ulciscendo
1793 995 1807 1039 ε
1841 978 2019 1059 juxta
2057 976 2216 1037 illud
2252 974 2384 1037 Joe-

625 1090 726 1135 1021
739 1104 782 1141 ιι,
801 1093 864 1133 1³.
896 1076 996 1153 lis,
1017 1078 1336 1157 Benignus
1367 1088 1430 1143 et
1457 1078 1818 1141 misericors
1850 1083 1946 1139 est
1974 1073 2301 1146 DominuS,
2322 1080 2385 1135 et

896 1176 1275 1257 praestabilis
1320 1196 1512 1259 super
1552 1176 1818 1238 malitia.
1855 1174 1930 1235 Et
1973 1174 2038 1234 in
2077 1171 2325 1234 Psalmo
2364 1188 2377 1232 :

618 1288 695 1332 1³2.
711 1302 780 1340 en,
800 1290 864 1332 ιο.
895 1274 1032 1337 Non
1062 1276 1414 1337 secundum
1445 1282 1702 1356 peccata
1735 1281 1952 1335 nostra
1989 1270 2138 1334 fecit
2174 1268 2379 1344 nobiS,

894 1392 1102 1454 neque
1133 1374 1481 1436 secundum
1518 1373 1893 1455 iniquitates
1924 1378 2175 1433 nostras
2210 1367 2385 1429 retri-

893 1472 1032 1534 buit
1081 1472 1289 1535 nobiS.
1341 1475 1472 1533 Cur
1507 1475 1587 1532 ab
1633 1473 1984 1550 iniquitate
2023 1490 2163 1529 mea
2200 1486 2386 1527 mun-

892 1574 1055 1631 dum
1085 1592 1185 1631 me
1211 1592 1336 1631 esse
1366 1592 1494 1631 non
1520 1573 1766 1648 pateris
1787 1574 1818 1629 ἓ
1858 1570 1920 1631 id
1953 1576 2069 1643 est,
2103 1586 2217 1629 cur
2248 1584 2384 1648 per-

893 1669 1095 1730 mittis
1144 1688 1247 1731 me
1296 1688 1468 1731 nunc
1520 1668 1911 1731 recidivare‘l
1955 1686 2071 1729 cur
2113 1664 2379 1745 gratiam

893 1766 1255 1829 abstinendi
1305 1787 1342 1829 a
1389 1767 1595 1849 culpis
1645 1785 1772 1829 non
1823 1765 2095 1827 tribuis?
2134 1784 2249 1827 cur
2280 1786 2383 1829 me

2489 785 2831 859 tempestas
2881 778 3183 841 demersit
3230 797 3353 842 me.
3411 779 3627 842 Sciens
3676 780 3975 859 equidem

2491 876 2655 939 Deus
2686 896 2879 957 quam
2918 876 3314 941 fructuosum
3358 878 3441 939 sit
3482 876 3648 939 ferre
3684 878 3973 949 adversa,

2491 974 3011 1039 tribulationibus
3060 977 3369 1053 exerceri,
3422 978 3613 1040 donat
3659 976 3795 1037 haec
3844 975 3979 1037 suis

2492 1073 2711 1135 electis
2742 1074 2808 1135 in
2840 1075 2973 1137 vita
3004 1076 3323 1156 praesenti.
3356 1076 3501 1139 ldeo
3534 1074 3849 1151 subditur,
3880 1096 3981 1135 sa-

2494 1182 2750 1233 curatus
2798 1175 3168 1249 afflictione,
3208 1173 3269 1235 id
3318 1182 3414 1235 est
3461 1173 3678 1236 dolore
3728 1173 3981 1235 interno

2492 1272 2572 1333 de
2620 1270 2897 1351 propriis
2946 1289 3017 1332 ac
3070 1270 3504 1351 proximorum
3554 1269 3855 1351 peccatiS,
3902 1270 3981 1331 de

2493 1368 2934 1430 exsistentium
2970 1369 3035 1429 in
3078 1369 3443 1450 purgatorio
3484 1369 3715 1450 poeniS,
3749 1369 3831 1431 de
3870 1369 3981 1429 im-

2494 1466 2887 1548 perfectione
2919 1468 3150 1529 animae
3187 1486 3365 1541 meaa,
3401 1469 3481 1531 de
3517 1468 3737 1547 gloriae
3770 1467 3981 1529 dilati-

2492 1585 2636 1629 one.
2668 1565 2973 1647 Itemque,
3008 1566 3333 1629 Saturatus
3372 1565 3753 1643 afflictione,
3788 1566 3855 1627 id
3886 1575 3981 1629 est

2492 1664 2947 1728 adversitatum
2986 1664 3322 1746 angustiis.
3360 1666 3443 1727 De
3482 1684 3609 1747 qua
3645 1665 3981 1727 saturatio-

2494 1782 2573 1825 ne
2607 1762 2807 1826 fertur
2836 1763 2903 1824 in
2934 1762 3181 1825 Psalmo
3217 1781 3231 1825 :
3270 1764 3545 1826 Fuerunt
3586 1763 3747 1825 mihi
3790 1764 3978 1826 lacri-
4022 1782 4165 1823 Pam
4192 1782 4223 1821 ι.

894 1865 1358 1947 praeteritorum
1401 1865 1701 1927 vitiorum
1745 1864 2015 1945 impuris
2054 1864 2381 1927 memoriis
2418 1859 2463 1921 Β
2492 1881 2611 1924 mae
2648 1880 2807 1925 meae
2844 1880 3039 1942 panes
3082 1861 3185 1925 die
3227 1881 3299 1923 ac
3338 1869 3544 1925 nocte.
3576 1862 3652 1923 Et
3690 1862 3925 1925 iterum
3960 1880 3973 1923 :

894 1972 1002 2025 aut
1024 1964 1552 2027 delectationibus
1571 1962 1811 2025 desinis
1834 1961 2187 2043 inquinari?
2206 1960 2379 2035 Quod

895 2069 1095 2124 totum
1128 2079 1256 2124 non
1275 2061 1560 2123 divinam
1590 2061 1889 2143 pietatem
1922 2059 2383 2141 reprehenden-

893 2161 998 2236 d0‚
1049 2161 1158 2222 sed
1209 2160 1530 2241 propriam
1593 2159 2016 2221 calamitatem
2077 2156 2381 2221 deflendo

893 2258 1236 2340 profertur,
1279 2266 1341 2321 et
1387 2276 1464 2320 eo
1502 2258 1672 2339 quod
1712 2257 1874 2319 Deus
1913 2256 2227 2339 permittit
2266 2275 2381 2319 nos

894 2376 931 2419 a
968 2357 1362 2419 daemonibus
1403 2356 1764 2437 impugnari
1804 2375 1876 2417 ac
1906 2354 2217 2436 superari.
2250 2355 2382 2417 Pati

895 2463 1104 2516 tamen
1133 2456 1256 2516 Deo
1279 2453 1626 2535 improprie
1646 2472 1756 2516 seu
1789 2453 2221 2533 metaphorice
2244 2472 2383 2516 con·

893 2560 1016 2615 stat
1063 2553 1362 2615 adscribi.
1414 2553 1482 2613 In
1533 2560 1781 2613 tantum
1829 2570 2086 2631 quoque
2140 2552 2382 2633 puritas

892 2659 1129 2727 nostra,
1173 2650 1512 2730 omnisque
1556 2649 1759 2710 virtus
1809 2668 1881 2711 ac
1929 2649 2229 2711 meritum
2277 2651 2384 2712 de-

893 2750 1175 2830 pendent
1203 2767 1240 2810 a
1263 2749 1411 2824 Dec,
1437 2756 1505 2809 ut
1536 2766 1732 2827 quum
1756 2746 1929 2808 vitiis
1962 2747 2379 2823 sordidamur,

895 2864 1012 2908 nec
1055 2844 1460 2927 poenitemuS,
1499 2843 1785 2906 dicamur
1826 2863 1863 2905 a
1903 2844 2028 2906 Deo
2069 2844 2377 2921 indurari,

893 2952 956 3006 et
986 2943 1197 3023 ipsum
1229 2960 1356 3003 non
1388 2940 1516 3023 pati
1551 2949 1619 3002 ut
1651 2941 1790 3022 puri
1821 2941 2044 3017 simuS,
2069 2942 2378 3004 dicamus

2490 1960 2744 2023 Cibabis
2804 1978 2919 2021 nos
2977 1979 3141 2041 pane
3202 1959 3629 2022 lacrimarum.
3692 1959 3979 2041 Itemque
4006 1980 4231 2023 rmum..

2491 2058 2677 2121 tertio
2716 2058 2955 2137 Regum
3000 2058 3166 2121 libro
3200 2075 3217 2119 ε
3252 2058 3610 2121 Sustentate
3652 2058 3977 2121 Michaeam
4007 2077 4231 2130 umqum

2492 2175 2655 2239 pane
2705 2156 3137 2219 tribulationis
3184 2164 3247 2218 et
3294 2176 3461 2237 aqua
3510 2157 3843 2235 angustiae.
3892 2160 3979 2217 Ee
4008 2141 4069 2181 ²⁷·

2490 2257 2783 2324 miseria,
2822 2274 2950 2335 qua
2993 2254 3183 2336 plena
3224 2264 3321 2317 est
3362 2255 3493 2317 vita
3541 2254 3683 2317 ista.
3730 2254 3981 2317 Miseria

2494 2362 2703 2416 tamen
2742 2352 2941 2433 magis
2984 2353 3239 2435 proprie
3276 2354 3581 2435 competit
3620 2352 3805 2415 malis
3846 2353 3981 2415 cul-

2492 2470 2609 2533 pae,
2628 2450 2864 2532 quibus
2895 2451 3085 2532 plena
3114 2459 3211 2513 est
3234 2451 3365 2514 vita
3397 2452 3976 2533 impiorum,quam

2490 2547 2675 2611 malis
2715 2566 2939 2630 poenae,
2975 2547 3209 2629 quibus
3252 2549 3442 2631 plena
3478 2549 3610 2613 vita
3646 2557 3743 2611 est
3780 2549 3982 2613 bono-

2492 2666 2655 2723 rum,
2698 2648 3231 2727 quemadmodum
3275 2648 3341 2709 in
3378 2648 3641 2711 Threnis
3682 2648 3982 2729 perhibe-

2493 2753 2596 2807 tur
2648 2763 2660 2806 :
2714 2743 2971 2807 Sedebit
3028 2745 3347 2807 solitarius
3404 2754 3468 2808 et·
3524 2745 3782 2823 tacebit,
3824 2746 3981 2828 quia
4038 2761 4235 2803 Tire-tm.

2492 2842 2733 2906 levabit
2780 2861 2847 2905 se
2894 2861 3085 2923 super
3134 2862 3219 2905 se.
3259 2843 3439 2905 Dabit
3482 2844 3869 2925 percutienti
3912 2864 3981 2907 se
4010 2826 4151 2871 ²⁸³⁰·

2492 2940 2839 3017 maxillam,
2874 2941 3261 3003 saturabitur
3290 2941 3673 3022 opprobriis,

601 3064 662 3107 ι..
679 3066 861 3113 mua-1.
894 3041 996 3105 Sic
1026 3058 1256 3121 nempe
1286 3038 1476 3101 lsaias
1506 3039 1728 3101 scribit
1754 3057 1766 3101 :
1794 3041 1909 3116 Tu,
1935 3039 2214 3117 Domine,
2239 3059 2385 3121 qua·
2418 3034 2462 3097 C
2568 3044 3007 3119 Reversusque
3036 3040 3114 3102 ad
3145 3058 3249 3102 me
3276 3058 3389 3121 per
3417 3039 3636 3120 gratiae
3666 3039 3986 3103 conforta-

893 3158 962 3201 re
993 3156 1108 3199 nos
1139 3156 1348 3199 errare
1383 3136 1590 3199 fecisti
1619 3138 1698 3200 de
1729 3136 1851 3199 viis
1884 3138 2034 3215 tuis,
2069 3138 2383 3200 indurasti

893 3236 1084 3299 corda
1113 3242 1352 3309 nostra,
1388 3254 1467 3297 ne
1498 3235 1868 3298 timeremus
1901 3239 2006 3297 te?

977 3337 1057 3395 Ec
1087 3335 1145 3393 si
1176 3336 1416 3409 impius
1443 3335 1657 3410 fuere,
1683 3356 1776 3395 vce
1804 3336 1970 3393 mihi
1998 3344 2088 3394 esc
2107 3356 2130 3393 .·
2162 3334 2226 3396 id
2264 3342 2379 3410 est,

893 3439 1126 3495 aeterna
1169 3432 1491 3494 damnatio
1543 3431 1855 3507 imminet,
1899 3432 2020 3493 nisi
2071 3434 2387 3515 poeniten-

601 3545 862 3597 mamm.
895 3529 1048 3592 tiam
1081 3548 1290 3609 egero,
1316 3531 1668 3592 secundum
1701 3529 1859 3591 illud
1887 3530 2062 3593 lsaiae
2097 3548 2110 3592 :
2137 3531 2245 3594 Vae
2278 3531 2387 3593 im·

896 3629 1002 3712 pio
1033 3629 1097 3690 in
1129 3628 1408 3705 malum3
1445 3628 1778 3691 retributio
1818 3628 1989 3690 enim
2031 3628 2148 3691 fiet
2186 3630 2267 3692 ei.
2300 3633 2385 3691 Ec

891 3730 952 3787 si
973 3728 1199 3804 justus
1240 3725 1441 3802 fuer0,
1486 3746 1616 3787 non
1658 3728 1872 3785 levabo
1909 3738 2128 3803 caput,
2163 3728 2226 3789 id
2265 3735 2381 3803 est,

896 3830 1172 3885 mentem
1203 3821 1654 3902 superbiendO,
1691 3822 2154 3902 praesumendo,
2184 3822 2388 3884 inani-

897 3928 992 3983 ter
1029 3919 1384 4001 gloriandO,
1427 3938 1556 3982 non
1596 3920 1859 3999 erigam,
1903 3921 2012 3982 sed
2055 3920 2173 3982 tibi
2213 3929 2387 3983 tanto

898 4017 1247 4100 subjectior
1285 4036 1415 4094 ero,
1458 4036 1586 4099 quo
1629 4017 1970 4098 gratiosius
2013 4020 2217 4098 egeris
2259 4039 2390 4082 me-

898 4136 1066 4193 cum,
1100 4124 1162 4178 et
1193 4116 1308 4178 tibi
1349 4125 1564 4197 gratus
1603 4135 1742 4179 esse
1781 4116 2080 4193 conabor,
2124 4118 2391 4199 Aposto-

2497 3139 2757 3214 tionem,
2783 3157 2897 3219 per
2926 3138 3207 3201 caritatis
3239 3137 3839 3213 inflammationem,
3868 3158 3987 3221 per

2494 3236 2729 3299 mentis
2774 3254 2933 3297 meae
2979 3235 3539 3311 illuminationem,
3590 3239 3989 3299 mirabiliter

2494 3356 2593 3395 me
2619 3336 2870 3395 crucias
2902 3334 3219 3396 desiderio
3257 3342 3318 3396 te
3358 3334 3615 3397 videndi
3665 3334 3860 3410 clare,
3904 3336 3989 3397 si-

2495 3434 2624 3497 cuti
2657 3452 2723 3495 es
2756 3432 2821 3493 in
2853 3441 2914 3493 tc
2946 3433 3106 3514 ipso,
3133 3434 3245 3515 qui
3278 3433 3343 3495 in
3378 3434 3651 3515 propriae
3679 3433 3845 3497 lucis
3876 3454 3991 3516 pu-

2496 3531 2681 3593 ritate
2731 3530 3227 3612 pulchritudinis
3274 3550 3343 3594 es
3391 3532 3738 3608 immensae,
3778 3541 3841 3593 et
3894 3551 3991 3594 se-

2496 3629 2785 3692 renitatis
2838 3629 3435 3711 supergratissimae,
3494 3630 3989 3711 dulcedinisque

2497 3745 2757 3809 prorsus
2792 3726 3429 3803 interminatae.1deo,
3450 3736 3692 3808 quanto
3722 3736 3785 3790 te
3812 3747 3988 3790 nunc

2495 3824 2821 3888 ardentius
2854 3843 3019 3901 amo,
3054 3824 3417 3907 clariusque
3454 3827 3875 3907 contemplor,
3912 3845 3989 3889 eo

2496 3924 2641 4005 plus
2690 3940 3022 4004 provocor,
3077 3931 3299 3999 aestuo,
3354 3924 3605 4005 suspiro
3656 3932 3715 3986 te
3765 3924 3987 3988 videre

2498 4040 2611 4102 per
2641 4020 2941 4102 speciem,
2978 4020 3067 4082 ita
3096 4030 3167 4081 ut
3196 4040 3409 4084 amore
3438 4022 3569 4102 jam
3602 4021 3943 4102 langueam
3972 4040 3985 4083 :

2497 4119 2608 4201 qui
2656 4118 2924 4197 languor
2966 4118 3317 4181 cruciatum
3362 4118 3554 4180 habet
3596 4118 3987 4195 mirabilem,

647 4227 869 4279 {cor-xv.
897 4215 1093 4277 licum
1129 4214 1287 4277 illud
1318 4216 1650 4277 attendens
1687 4232 1700 4275 :
1743 4214 1955 4276 Gratia
1995 4216 2102 4277 Dei
2144 4235 2285 4277 sum
2326 4216 2389 4278 id
2420 4216 2467 4277 D
2499 4225 2561 4279 et
2594 4214 2939 4297 inexpertis
2967 4215 3349 4297 frigidisque
3380 4215 3682 4296 ignotum.
3701 4215 3987 4297 Insuper,

609 4294 672 4341 1o;
697 4305 752 4341 iv,
775 4294 814 4332 7.

897 4313 1070 4394 quod
1117 4332 1281 4375 sum.
1337 4313 1411 4374 Et
1459 4314 1669 4376 denuo
1717 4330 1730 4373 :
1774 4311 1934 4386 Quid
1979 4313 2174 4375 habes
2219 4314 2389 4395 quod

602 4432 871 4481 nexum
901 4429 1028 4472 non
1059 4411 1407 4491 accepisti?
1439 4410 1581 4473 Ideo
1611 4410 1699 4472 ait
1725 4410 2058 4473 Psalmista
2092 4428 2105 4472 ε
2141 4412 2389 4473 Vanum

899 4515 996 4571 est
1026 4507 1208 4569 vobis
1237 4516 1384 4571 ante
1423 4509 1628 4571 lucem
1665 4526 1944 4587 surgere.
1979 4509 2056 4569 Et
2093 4509 2337 4572 Barucb
2372 4527 2385 4571 :

625 4618 808 4663 Bar-ach
823 4633 864 4671 ιι,
899 4605 1126 4667 Anima
1164 4624 1307 4686 quae
1347 4606 1544 4668 tristis
1583 4615 1681 4669 est
1719 4625 1912 4687 super
1949 4607 2391 4687 magnitudine

607 4685 671 4725 ¹⁸·
898 4702 1074 4779 mali,
1109 4710 1173 4764 et
1206 4702 1445 4764 incedit
1480 4722 1692 4779 curva,
1729 4704 1837 4765 dat
1875 4704 2144 4783 gloriam
2184 4704 2393 4766 Domi-

900 4818 1006 4863 no.
1031 4801 1167 4878 Vel,
1205 4801 1339 4864 Non
1375 4800 1600 4864 levabo
1636 4809 1847 4882 caput,
1888 4802 2194 4882 quoniam
2233 4802 2390 4883 justi

901 4898 1091 4961 variis
1129 4898 1622 4962 adversitatibus
1664 4898 1730 4959 in
1771 4899 1890 4961 hac
1925 4899 2057 4963 vita
2089 4918 2393 4981 premun-

631 5011 868 5063 urffman,
901 5004 1023 5073 tur,
1063 4997 1314 5059 dicente
1354 4996 1655 5077 Apostolo
1691 5014 1705 5057 :
1743 4996 1973 5059 Omnes
2014 4998 2126 5078 qui
2168 4997 2394 5061 volunt

609 5077 672 5117 ¹²·
903 5096 1007 5178 pie
1039 5095 1256 5159 vivere
1289 5095 1354 5156 in
1385 5095 1655 5169 Christo,
1692 5096 2203 5176 persecutionem
2236 5096 2395 5177 pati-

631 5210 792 5253 Tmen.
811 5225 870 5261 ιιι,
905 5204 1112 5257 entur.
1134 5193 1292 5256 Hinc
1326 5193 1390 5255 in
1412 5192 1680 5255 Threnis
1711 5193 2018 5275 scriptum
2051 5202 2146 5257 est
2172 5211 2186 5255 :
2214 5195 2395 5256 lnun-

607 5274 676 5316 ⁵⁴·
907 5294 1221 5355 daverunt
1260 5310 1442 5373 aquae
1484 5311 1673 5373 super
1714 5302 1906 5374 caput
1943 5313 2197 5369 meum3
2230 5303 2295 5356 et
2328 5293 2393 5356 in

2498 4331 2628 4395 quo
2652 4314 2847 4375 Deum
2875 4313 3187 4375 sincerius
3210 4312 3734 4395 contemplamur,
3760 4322 3821 4377 et
3844 4314 3993 4395 ejus

2498 4430 2714 4475 amore
2762 4411 2908 4493 plus
2958 4410 3457 4487 inflammamur,
3500 4429 3575 4474 eo
3622 4412 3701 4475 de
3750 4414 3992 4475 nostris

2502 4510 2799 4591 peccatis,
2837 4508 2900 4571 id
2932 4517 3027 4571 est
3056 4510 3135 4571 de
3165 4508 3275 4572 Dei
3304 4507 3579 4585 offensa,
3612 4509 3995 4591 praecordia-

2500 4606 2623 4670 lius
2664 4606 3151 4688 mirabiliusque
3192 4616 3563 4688 torquemur
3596 4626 3609 4667 :
3652 4607 3765 4688 qui
3802 4607 3993 4671 dolor

2500 4724 2751 4769 omnem
2803 4722 2917 4786 pro
2966 4704 3423 4786 temporalibus
3476 4705 3726 4768 damnis
3775 4714 3989 4768 ortum

2500 4802 2746 4867 excedit
2783 4803 3089 4865 dolorem.
3128 4802 3203 4864 Et
3241 4804 3477 4866 mirum
3516 4804 3687 4884 quod
3724 4821 3832 4866 cor
3878 4822 3993 4867 no-

2500 4910 2703 4963 strum
2761 4918 2888 4964 non
2946 4901 3267 4982 rumpitur
3322 4920 3451 4983 prae
3514 4901 3761 4977 dolore,
3810 4902 3993 4982 quod

2500 5000 2694 5062 Deum
2736 5008 3081 5063 creatorem
3123 5008 3407 5062 nostrum
3452 5017 3733 5079 unquam
3776 4997 3993 5061 offen-

2501 5098 2732 5174 dimus,
2754 5098 2882 5159 imo
2910 5105 2973 5159 et
2996 5097 3285 5178 quotidie
3314 5096 3461 5160 heu!
3500 5097 3683 5159 toties
3714 5096 3995 5159 miserri-

2503 5197 2591 5259 mi
2620 5196 3096 5259 inhonoramuS.
3116 5196 3447 5259 Potissime
3476 5204 3685 5258 autem
3714 5196 3989 5258 cruciari

2503 5294 2806 5357 debemus
2844 5293 2925 5372 (si
2956 5301 3166 5355 tamen
3197 5313 3347 5356 vera
3373 5293 3635 5356 caritate
3662 5294 3993 5373 ardemus)
