4309 6259
78 781 199 821 Prote
221 785 373 830 ndi.

88 1574 161 1614 I’s.
180 1588 269 1623 xci,
294 1578 313 1615 1
325 1577 363 1618 ὃ.

128 3723 284 3765 Jonnn.
306 3739 360 3772 vt.

132 3787 141 3806 ῐ

1196 494 1544 540 ΕΝΑΒΒΑΤΙΟ
1588 494 1649 538 ΙΝ
1691 494 1805 539 cAP
1814 524 1826 537 .

1874 493 2065 538 XXXIV
2105 493 2230 539 1013.
2277 513 2357 524 —
2397 495 2540 540 ΛΒΤ.
2586 494 2708 540 LXII

3372 473 3488 536 667

404 666 588 746 quasi
635 665 932 728 columba
974 665 1256 740 seducta,
1303 684 1428 727 non
1472 665 1711 727 habens
1763 683 1891 726 cor.
1924 663 1975 724 A
2006 665 2127 725 nisi
2163 683 2278 745 pro
2307 665 2438 725 suis
2472 665 2767 745 peccatiS,
2791 673 2956 727 stare
2985 683 3111 726 non
3148 663 3334 726 valet.
3369 661 3490 724 Nec

402 765 468 826 In
509 762 869 826 Proverbiis
916 781 1172 844 quoqne
1219 762 1452 842 legitur
1484 781 1498 826 ε
1534 762 1651 836 Qui
1689 763 1899 844 despi-

404 863 490 924 cit
527 862 809 925 amicum
849 881 1059 938 suurn,
1096 861 1388 940 indigens
1440 862 1630 923 corde
1677 869 1793 923 est.
1830 861 1896 921 ln

401 960 637 1040 quihus
688 959 921 1036 verbiS,
957 978 1065 1022 cor
1109 977 1223 1039 pro
1267 959 1599 1021 intellectu
1642 977 1753 1020 seu
1802 977 1898 1020 ra—

402 1058 575 1120 tione
622 1058 960 1140 accipitur.
1004 1057 1310 1120 Similiter
1360 1057 1754 1120 formidolosi
1804 1057 1898 1118 di—

400 1167 633 1219 cuntur
687 1176 813 1218 non
866 1157 1097 1220 habere
1142 1176 1272 1233 cor,
1317 1157 1471 1237 quia
1508 1156 1574 1217 in
1613 1156 1705 1217 eis
1738 1155 1896 1217 ratio

400 1257 685 1337 passioni
722 1255 967 1318 timoris
998 1257 1209 1317 statim
1243 1255 1625 1317 succumbit.

476 1358 666 1416 Absit
698 1377 736 1415 a
768 1359 897 1415 Deo
928 1357 1225 1432 impietas
1264 1355 1519 1430 mentis,
1553 1365 1612 1415 et
1642 1357 1721 1414 ab
1754 1359 1897 1416 Om-

396 1456 727 1530 m'potente
776 1455 1096 1532 iniquitas
1138 1454 1371 1535 operis.
1410 1454 1535 1515 Hoc
1585 1461 1681 1514 est
1723 1454 1892 1532 quod

395 1551 486 1612 ait
532 1551 867 1613 Psalmista
912 1570 925 1614 ε
975 1550 1283 1624 Quoniam
1332 1560 1541 1615 rectus
1593 1551 1893 1614 Dominus

398 1650 561 1712 Deus
613 1659 849 1726 noster,
895 1659 955 1712 et
1001 1668 1128 1712 non
1176 1659 1273 1712 est
1322 1651 1627 1731 iniquitas
1677 1651 1742 1712 in
1792 1669 1889 1714 eo,

398 1749 651 1810 Etenim
681 1749 843 1812 Deus
876 1749 1171 1811 sublimis
1201 1758 1262 1811 et
1294 1749 1688 1824 benedictus,
1715 1758 1895 1811 natu-

2006 761 2157 824 huic
2188 763 2380 824 verbo
2413 763 2756 824 secundum
2791 763 2959 842 quod
2992 779 3210 824 verum
3241 769 3357 836 est,
3379 751 3494 822 ob-

2005 860 2135 922 viat
2187 862 2354 941 quod
2407 878 2596 941 supra
2646 859 2950 921 Dominus
2991 859 3082 920 ait
3123 861 3200 922 ad
3247 858 3486 920 Satan:

2005 959 2094 1020 Tu
2126 959 2526 1021 commovisti
2560 979 2660 1022 me
2693 959 2994 1020 adversus
3025 977 3190 1033 eum,
3225 965 3294 1018 ut
3322 955 3494 1018 affli-

2006 1076 2217 1136 gerem
2249 1077 2390 1118 eum
2426 1056 2682 1118 frustra.
2702 1057 3004 1120 Absolute
3032 1057 3203 1119 enim
3238 1056 3494 1136 loquen-

2005 1155 2109 1231 do,
2142 1155 2305 1216 Deus
2339 1155 2588 1216 nullum
2623 1155 2859 1217 frustra
2887 1153 2955 1216 af
2961 1152 3492 1234 fligit.Quomodo

2007 1262 2217 1316 tamen
2254 1254 2421 1316 dicat
2461 1273 2527 1317 se
2569 1253 2804 1316 frustra
2843 1262 3132 1317 sanctum
3162 1253 3277 1315 Job
3315 1251 3492 1313 affli-

2007 1353 2195 1426 xisse,
2231 1353 2296 1414 in
2339 1353 2732 1435 expositione
2783 1352 3044 1415 secundi
3093 1351 3356 1434 capituli
3406 1370 3494 1412 re—

2006 1451 2317 1531 quiratur.
2354 1455 2486 1514 ‚Nec
2520 1453 2930 1528 Omnipotens
2965 1453 3280 1510 subvertet
3301 1451 3494 1526 judi-

2005 1552 2202 1610 cium.
2248 1549 2463 1611 Justns
2517 1550 2688 1610 enim
2745 1549 3049 1611 Dominus
3102 1557 3164 1610 et
3211 1547 3490 1628 justitias

2006 1645 2249 1708 dilexit..
2293 1647 2451 1708 Hinc
2499 1647 2730 1709 Baldad
2777 1645 3077 1707 disseruit
3114 1663 3127 1706 :
3172 1644 3490 1724 Numquid

2005 1746 2168 1807 Deus
2217 1744 2582 1826 supplantat
2625 1743 2959 1825 judicium,
2994 1751 3056 1806 et
3080 1742 3492 1825 Omnipotens

398 1847 617 1909 raliter
647 1847 853 1909 bonus
886 1856 1000 1924 est,
1027 1848 1451 1911 essentialiter
1480 1857 1758 1925 sanctuS,
1786 1868 1896 1931 pu·
1931 1848 1976 1908 B
2006 1843 2318 1906 subvertit
2348 1844 2516 1923 quod
2547 1843 2789 1924 justum
2821 1846 2961 1904 est?

396 1964 463 2006 re
522 1954 587 2006 et
645 1945 931 2017 infinite,
992 1946 1623 2028 substantialiterque
1683 1947 1895 2028 perfe-

396 2053 561 2120 ctuS,
598 2044 915 2106 nniversae
944 2044 1271 2121 bonitatiS,
1310 2045 1663 2108 sanctitatis
1707 2054 1896 2126 atque

394 2143 665 2223 justitiae
697 2161 1007 2218 mensura,
1024 2163 1211 2205 causa
1244 2152 1307 2206 et
1341 2143 1514 2206 ratio.
1532 2149 1703 2222 Opus
1720 2146 1896 2204 enim

398 2243 685 2302 homin-is
732 2245 953 2301 reddet
1002 2245 1083 2312 ei,
1120 2242 1183 2304 id
1230 2251 1345 2318 est,
1382 2243 1729 2304 secundnm
1774 2242 1899 2303 exi-

393 2339 679 2419 gentiam
714 2349 777 2401 et
808 2340 1107 2402 meritum
1152 2341 1421 2402 actionis
1462 2360 1572 2402 seu
1614 2341 1760 2403 vitae
1788 2341 1898 2402 ho-

394 2437 592 2499 minis
616 2438 837 2500 reddet
857 2439 933 2512 ei,
951 2436 1309 2518 infligendo
1331 2440 1609 2514 adversa,
1626 2439 1900 2501 tribuen-

394 2535 559 2599 dove
602 2555 948 2617 prospe-{²213
992 2547 1051 2597 et
1076 2538 1283 2614 ,ἱππέα
1324 2539 1464 2597 vias
1492 2539 1899 2612 sz'nqulorum

395 2636 691 2695 restituet
721 2637 838 2704 eis,
871 2635 931 2696 id
980 2643 1077 2697 est
1121 2637 1472 2697 secundum
1518 2635 1899 2698 affectiones

394 2741 457 2794 et
490 2733 727 2806 studia,
764 2732 999 2813 quibus
1044 2733 1209 2796 bene
1249 2734 1349 2795 vel
1396 2733 1561 2796 male
1608 2741 1893 2814 egerunt..

396 2831 518 2894 Sed
549 2831 857 2911 quoniam
893 2831 1096 2894 virtus
1129 2840 1190 2893 et
1222 2832 1471 2907 vitium,
1505 2833 1802 2894 meritum
1836 2839 1899 2893 et

393 2928 802 3005 demeritum,
860 2931 1060 3007 magis
1120 2930 1184 2990 in
1244 2930 1659 2993 interioribus
1707 2949 1894 3010 quam

2088 1945 2285 2009 Quem
2333 1943 2666 2000 constituit
2715 1943 2924 2000 alium
2969 1961 3162 2017 super
3205 1942 3493 2000 terram?

2009 2039 2069 2100 id
2092 2047 2208 2116 est,
2231 2039 2476 2101 nullum
2501 2039 2694 2100 alium
2725 2039 3008 2120 praefecit
3035 2047 3212 2100 terrae
3235 2038 3299 2098 in
3323 2037 3494 2120 prin-

2007 2137 2238 2218 cipem,
2274 2138 2382 2198 sed
2423 2137 2560 2218 ipse
2599 2137 2884 2199 omnium
2927 2145 3319 2198 terrenorum
3352 2153 3494 2216 pro·

2007 2235 2200 2310 visor,
2251 2235 2445 2316 judex
2493 2243 2551 2296 et
2605 2235 2906 2297 Dominus
2961 2243 3076 2296 est.
3119 2237 3256 2294 Aac
3303 2255 3485 2312 quem

2000 2336 2220 2411 posuit
2247 2353 2439 2410 super
2464 2337 2673 2393 orbem
2713 2354 2898 2412 quem
2938 2334 3300 2410 fabricatus
3343 2343 3432 2392 est
3465 2335 3494 2392 ?

2012 2431 2072 2492 id
2104 2440 2220 2508 est,
2256 2431 2448 2493 alium
2493 2449 2618 2492 non
2663 2431 2985 2494 ordinavit
3025 2430 3248 2492 mundi
3303 2437 3496 2492 recto·

2010 2548 2166 2604 rem,
2201 2530 2312 2590 sed
2361 2529 2498 2610 ipse
2546 2529 2656 2610 qui
2704 2529 2990 2592 condidit
3037 2529 3272 2604 omnia,
3310 2527 3491 2607 regit.

2013 2628 2130 2689 Sed
2196 2627 2294 2689 his
2351 2628 2610 2690 obviare
2666 2628 2936 2704 videtur,
2997 2628 3167 2707 quod
3227 2627 3492 2708 ipsemet

2008 2725 2294 2788 Christus
2324 2747 2400 2789 ex
2433 2735 2611 2808 parte
2651 2735 2890 2788 naturae
2921 2733 3259 2806 assumptae
3291 2733 3492 2805 prote-

2008 2831 2209 2885 statur
2252 2842 2265 2886 :
2311 2825 2460 2886 Data
2505 2833 2601 2886 est
2645 2825 2803 2886 mihi
2852 2823 3057 2887 omnis
3103 2831 3379 2904 potestas
3424 2821 3486 2884 in

2007 2921 2168 2984 coelo
2201 2929 2262 2984 et
2294 2923 2357 2983 in
2393 2923 2775 2998 terra.Hinc,
2799 2922 3146 2985 secundum
3176 2921 3486 2996 doctores,

395 3024 817 3087 exterioribus
847 3026 1095 3089 actibus
1128 3015 1627 3103 constituuntur,
1667 3027 1899 3109 ipsum·
1927 3022 1970 3085 C
2007 3019 2219 3081 anima
2261 3019 2492 3082 Christi
2541 3020 2798 3101 praelata
2837 3029 2899 3082 et
2944 3019 3279 3082 dominans
3326 3018 3489 3081 facta

395 3139 523 3201 que
546 3123 879 3203 praemium
901 3125 1240 3188 essentiale
1272 3125 1337 3186 in
1369 3125 1571 3207 patria
1605 3125 1893 3188 interiori

392 3229 589 3300 atque
620 3221 835 3284 elicito
865 3223 1037 3286 actui
1078 3223 1359 3285 caritatis
1400 3225 1892 3305 correspondet;

393 3328 641 3380 certum
684 3329 779 3382 est
823 3323 993 3402 quod
1037 3321 1101 3382 in
1142 3321 1354 3384 verbis
1399 3321 1539 3383 Elin
1577 3331 1771 3402 atque
1810 3323 1895 3384 si-

396 3416 663 3479 milibus
705 3418 1047 3500 Scriptnrae
1078 3420 1257 3495 lociS,
1296 3439 1409 3500 per
1439 3439 1598 3501 opus
1641 3439 1769 3482 non
1800 3440 1898 3482 so-

396 3515 528 3576 lum
561 3517 837 3579 exterior
868 3519 1156 3600 operatio
1186 3519 1575 3598 designetur,
1594 3519 1702 3580 scd
1735 3539 1897 3599 quae-

395 3613 556 3693 libet
602 3616 770 3678 actio
819 3616 1121 3678 hominiS.
1162 3617 1345 3678 Juxta
1392 3636 1582 3697 quem
1634 3617 1891 3678 modum

393 3712 686 3774 Christus
738 3713 1023 3794 loquitur
1068 3714 1297 3776 Judaeis
1346 3733 1359 3777 ε
1414 3715 1539 3777 Hoc
1591 3723 1687 3775 est
1733 3733 1893 3796 opus

398 3810 529 3886 Dei,
566 3819 635 3872 ut
676 3812 945 3874 credatis
998 3811 1062 3872 in
1110 3831 1253 3874 eum
1299 3831 1490 3892 quem
1537 3812 1709 3872 misit
1759 3812 1887 3874 ille.

394 3908 704 3989 Denique,
765 3909 1059 3990 quamvis
1113 3909 1304 3972 verba
1364 3910 1497 3972 haec
1554 3910 1694 3970 Elin
1745 3930 1891 3973 vera

392 4007 543 4081 sint,
579 4015 643 4068 et.
684 4008 902 4069 multis
946 4008 1101 4070 locis
1141 4009 1481 4090 Scripturae
1511 4007 1887 4084 conformia,

392 4113 605 4168 tamen
656 4106 1005 4168 secundum
1054 4125 1309 4168 sensum
1364 4125 1552 4187 quern
1601 4106 1739 4167 Elin
1788 4107 1890 4169 hic

2008 3127 2103 3179 est
2146 3118 2320 3180 omni
2365 3127 2688 3192 creaturae,
2721 3118 3230 3198 humanitatique
3261 3115 3489 3180 Christi

2008 3215 2296 3297 subjecta
2323 3225 2471 3277 sunt
2499 3216 2734 3279 omnia:
2769 3217 3053 3297 Denique
3076 3215 3379 3278 inferiora
3407 3232 3494 3277 re·

2005 3322 2244 3392 guntur
2275 3333 2386 3396 per
2417 3314 2766 3396 superiora,
2803 3313 2964 3376 sicut
3004 3333 3267 3395 corpora
3307 3314 3492 3377 coele-

2007 3413 2126 3472 stia
2160 3431 2197 3473 a
2225 3413 2356 3474 suis
2386 3412 2761 3488 motet-ihm,
2786 3421 2848 3474 et
2879 3421 3128 3474 terre-na
3157 3430 3269 3474 seu
3299 3412 3490 3473 mixta

2006 3519 2067 3572 ct
2114 3511 2450 3587 elementa,
2484 3511 2566 3574 ab
2605 3511 2889 3586 orbibuS,
2924 3511 3218 3593 planetiS,
3255 3519 3317 3572 et
3346 3511 3491 3572 stel-

2007 3609 2106 3671 lis.
2131 3609 2328 3686 Unde,
2366 3610 2714 3672 secundum
2748 3608 3490 3690 Philosophum,0portet

2005 3706 2174 3770 hunc
2213 3708 2524 3768 mundum
2563 3707 2932 3787 contiguum
2969 3725 3107 3768 esse
3146 3705 3488 3768 lationibus

2004 3806 2427 3888 superiorum,
2473 3813 2542 3866 ut
2589 3813 2716 3867 tota
2759 3806 2896 3885 ejus
2942 3805 3141 3866 virtus
3191 3804 3336 3865 inde
3375 3822 3490 3883 gu-

2001 3903 2326 3966 bernetur.
2360 3904 2490 3966 lmo
2519 3903 2808 3985 superius
2839 3903 3078 3964 dictum
3119 3911 3214 3964 est
3247 3921 3260 3964 :
3298 3903 3486 3964 Terra

2002 4005 2143 4064 data
2185 4010 2281 4064 est
2313 4002 2376 4062 in
2413 4021 2635 4063 manus
2673 4001 2875 4081 impii.
2913 4001 3028 4062 Sed
3060 4001 3344 4063 omnium
3375 4002 3488 4063 ho-

2004 4120 2139 4161 rum
2172 4109 2366 4180 atque
2397 4099 2704 4161 similium
2739 4119 2862 4161 nna
2892 4099 3126 4162 solutio
3165 4108 3282 4176 est,
3316 4100 3486 4179 quod

391 4189 688 4278 intendit,
716 4222 843 4265 non
874 4223 1122 4284 semper
1146 4204 1475 4266 veritatem
1510 4204 1883 4265 sortiuntur.
1923 4200 1972 4261 D
2002 4198 2246 4260 scilicet
2297 4198 2458 4258 Deus
2503 4196 2749 4258 nullum
2793 4197 3125 4281 constitnit
3169 4215 3377 4278 regem
3423 4207 3486 4260 et

388 4302 531 4364 Ideo
564 4320 842 4382 namque
872 4302 1004 4364 haec
1038 4302 1227 4364 verba
1263 4302 1529 4376 inducit,
1570 4311 1635 4363 nt
1668 4302 1889 4384 probet

386 4401 557 4480 quod
590 4401 752 4462 Deus
788 4419 913 4462 non
961 4401 1183 4481 puniat.
1224 4419 1607 4482 quemquam
1655 4401 1716 4461 in
1760 4401 1890 4464 vita

389 4498 528 4573 hac,
564 4499 687 4560 nisi
732 4517 847 4580 pro
884 4499 1019 4560 suis
1060 4499 1336 4580 peccatis
1374 4517 1387 4559 :
1424 4500 1593 4578 quod
1622 4500 1749 4579 jam
1785 4519 1887 4559 sn-

390 4614 506 4676 pra
538 4595 910 4676 frequenter
942 4596 1142 4677 patuit
1182 4595 1433 4657 falsum.

489 4696 637 4754 'Vere
675 4696 849 4752 eni-m.
890 4695 1059 4752 Deus
1098 4715 1223 4753 non
1268 4695 1715 4753 condemnabit
1744 4695 1887 4770 fru-

386 4802 546 4860 stra,
580 4792 643 4852 id
678 4791 939 4853 estsine
976 4790 1221 4853 ratione
1263 4791 1509 4866 idonea,
1550 4799 1701 4871 puta
1743 4809 1886 4872 pcc-

388 4899 551 4966 cato,
587 4897 658 4951 ut
708 4889 849 4950 Eliu
898 4889 1145 4951 sensit:
1181 4889 1351 4969 quod
1405 4909 1622 4950 verum
1669 4898 1785 4964 cst,
1830 4889 1880 4949 si

389 4989 467 5048 ad
516 4987 780 5050 finalem
832 4995 1022 5068 atque
1065 4996 1365 5048 aetcrnam
1412 4987 1885 5049 condemnatio-

391 5105 537 5148 nem
568 5085 911 5156 rel‘eratur3
949 5085 1001 5145 si
1032 5104 1183 5148 vero
1214 5085 1609 5164 intelligatur
1644 5093 1706 5145 nt
1743 5084 1879 5146 Elin

391 5184 979 5264 intendebat‚quod
1017 5183 1173 5244 Dens
1207 5183 1526 5244 neminem
1560 5181 1624 5243 in
1662 5183 1776 5243 hac
1799 5183 1885 5243 vi-

394 5291 456 5347 ta
498 5281 723 5366 objicit
764 5300 877 5344 seu
925 5280 1187 5365 exponit
1228 5280 1509 5342 adversis
1550 5288 1610 5341 et
1650 5279 1876 5362 plagis,

2002 4296 2381 4378 principem,
2417 4294 2806 4376 provisorem
2858 4313 2930 4356 ac
2974 4295 3254 4374 judicem
3306 4304 3484 4358 terrae

1998 4402 2106 4456 aut
2136 4393 2312 4456 orbis
2340 4394 2560 4468 alium,
2597 4411 2784 4473 quam
2821 4412 2887 4454 se
2921 4402 3219 4473 tanquam
3251 4392 3486 4476 princi-

2001 4492 2205 4573 palem
2241 4499 2304 4553 et
2333 4491 2587 4572 propria
2625 4491 3023 4564 auctoritate,
3062 4490 3383 4552 voluntate
3423 4499 3486 4553 et

1998 4591 2135 4669 lege
2178 4597 2503 4669 agentem,
2537 4590 2644 4650 sed
2697 4589 2816 4651 hoc
2866 4589 3054 4650 modo
3104 4589 3276 4651 solus
3324 4589 3486 4650 Deus

1997 4687 2295 4770 praesidet
2345 4687 2685 4748 universis.
2719 4687 2843 4749 Alii
2886 4705 3034 4749 vcro
3073 4705 3232 4766 quos
3266 4687 3388 4748 sihi
3421 4689 3485 4748 in

1995 4786 2378 4869 quibusdam
2421 4786 2682 4864 agendis
2724 4785 3074 4860 substituit,
3111 4795 3257 4846 sunt
3299 4785 3488 4846 mini-

1994 4885 2107 4946 stri
2151 4885 2374 4966 ἱρείας,
2411 4893 2472 4947 et
2513 4885 2685 4947 velut
2726 4883 3240 4945 instrumentales
3279 4903 3350 4946 ac
3397 4904 3488 4946 se-

1994 4983 2285 5046 cundarii
2336 4983 2768 5063 p1·aesidenteS‚
2803 4982 3039 5063 quihus
3077 4982 3350 5063 desuper
3389 4983 3488 5046 lex

1992 5091 2164 5146 certa
2208 5079 2587 5162 praefigitur,
2625 5100 2814 5161 quarn
2869 5080 2992 5141 nisi
3045 5089 3414 5160 sequantur,
3449 5102 3484 5144 a

1994 5199 2246 5242 summo
2285 5178 2577 5260 Principe
2618 5179 2987 5260 punientur.
3027 5178 3257 5258 Sicque
3303 5179 3487 5241 intel-

1992 5278 2246 5358 ligenda
2287 5284 2455 5351 sunt,
2501 5295 2640 5358 quae
2681 5277 2786 5338 hic
2828 5275 3051 5340 scribit
3091 5275 3430 5356 Gregorius
3467 5296 3482 5340 ε

3542 972 3626 1014 lob
3643 986 3684 1022 n,
3701 974 3741 1013 3.

3564 1364 3744 1407 Ibidem.

3547 1561 3624 1604 1³³.
3642 1574 3682 1610 x,
3699 1564 3738 1603 Β.

3530 1659 3615 1702 lob
3632 1662 3766 1707 runa.

3573 2843 3740 2886 Manli.

3518 2919 3659 2954 xxvui,
3679 2908 3742 2954 ¹8,

3538 3926 3621 3969 Job
3637 3941 3691 3970 ix.
3711 3930 3776 3970 24.
