4309 6259
843 486 923 550 ΒΞ
1425 504 1771 550 ΕΝΑΒΒΑΤῙΟ
1814 504 1876 549 ΙΝ
1915 504 2052 549 CAP.
2099 504 2187 548 xll
2228 504 2383 549 LIBRI
2428 504 2648 558 QUARTI
2692 505 2917 551 REGUM.
2962 524 3043 535 —
3084 505 3225 550 ΛΒΤ.
3272 504 3353 550 XV

567 698 814 753 umqum,
844 675 933 737 'thi
985 674 1369 755 designetur,
1397 672 1638 737 diffuse
1687 674 2044 755 expositum
2090 682 2189 736 cst
2235 693 2334 735 su·
2362 674 2411 735 A
2442 673 2783 755 pontifices
2827 681 2889 737 et
2932 676 3289 737 sacerdotes
3333 674 3571 736 debent
3612 672 3930 734 instruere

555 764 620 804 ¹⁸·
843 792 977 855 pra.
998 774 1225 854 Sicque
1245 773 1536 837 conversi
1558 774 1636 834 ad
1658 773 1894 854 epulaS‚
1920 771 2329 835 festivitatem

843 872 1061 933 multis
1091 871 1340 948 diebuS‚
1375 872 1722 934 secundum
1753 871 2122 953 Josephum,
2154 890 2334 952 pere-

845 977 1095 1050 gerunt.

926 1069 1240 1132 Moraliter
1261 1070 1562 1131 docemur
1582 1087 1656 1130 ex
1679 1068 1798 1131 isto
1820 1066 2337 1148 capitulo,quan-

847 1176 910 1230 ta
939 1169 1105 1231 mala
1128 1175 1424 1250 operetur
1443 1166 1732 1245 ambitio,
1749 1185 1893 1247 quae
1923 1186 2040 1229 nec
2062 1165 2335 1249 propriae

848 1267 1051 1349 parcit
1098 1266 1284 1348 proli.
1333 1266 1615 1347 Denique
1660 1282 1946 1347 personae
1993 1283 2134 1345 quae
2178 1283 2337 1346 prae-

843 1374 994 1428 sunt
1013 1384 1159 1428 cum
1175 1364 1548 1441 ambitione,
1574 1371 1638 1426 et
1659 1381 1837 1425 suam
1861 1370 2163 1425 verentur
2184 1380 2336 1444 prae-

841 1464 1178 1527 sidentiam
1240 1464 1505 1546 perdere
1527 1512 1542 1539 ,
1609 1460 1978 1542 frequenter
2036 1460 2335 1524 occidunt

840 1562 1202 1644 spirituales
1243 1559 1417 1623 filios
1460 1579 1628 1638 suOS,
1669 1560 1901 1641 quibus
1941 1559 2042 1623 vel
2088 1558 2335 1621 blandi-

836 1671 1052 1739 untur,
1094 1660 1196 1725 vel
1245 1658 1532 1723 debitam
1583 1658 2040 1721 correctionem
2089 1666 2151 1719 et
2199 1675 2336 1720 cor-

836 1760 1191 1842 reptionem
1224 1778 1353 1822 non
1390 1756 1713 1833 exhibent,
1754 1775 1833 1820 ne
1857 1756 2019 1819 forte
2061 1755 2207 1819 illos
2240 1755 2334 1819 of-

631 1085 792 1129 Sensus

573 1148 764 1191 moralis.

2444 791 2621 852 reges
2667 791 2740 835 ac
2787 772 3111 854 principes
3159 773 3237 835 ad
3290 772 3528 835 divinae
3578 770 3929 833 observan-

2444 872 2595 933 tiam
2637 871 2815 951 lcgiS,
2860 880 3051 952 atque
3090 880 3160 933 ut
3208 871 3487 933 invicem
3525 869 3816 933 ordinate
3862 888 3931 931 se

2444 969 2719 1031 habeant
2748 970 2817 1031 hi
2846 970 2959 1052 qui
2992 978 3273 1051 praesunt
3302 978 3367 1032 et
3395 969 3510 1051 qui
3540 968 3835 1043 subsunt,
3860 973 3933 1027 ut

2446 1068 2804 1149 superiores
2866 1068 3280 1131 inferioribus
3332 1068 3465 1130 suis
3516 1066 3791 1130 debitam
3842 1065 3935 1127 di·

2446 1166 2807 1243 rectionem,
2827 1166 3287 1243 defensionem,
3306 1165 3935 1245 sollicitudinemque

2446 1266 2839 1347 impendant,
2862 1286 2935 1329 ac
2964 1265 3301 1329 inferiores
3333 1264 3765 1347 superioribus
3796 1263 3933 1325 suis

2444 1363 2895 1441 obedientiam,
2914 1363 3365 1445 gratitudinem
3396 1372 3461 1427 et
3491 1364 3796 1427 honorem
3830 1381 3937 1424 ex-

2444 1460 2727 1537 hibeant,
2746 1470 2807 1524 et
2835 1479 3055 1525 omnes
3088 1463 3153 1525 in
3182 1461 3533 1525 visceribus
3562 1460 3846 1524 caritatis
3867 1480 3935 1522 se

2444 1558 2949 1641 amplectantur3
3004 1559 3224 1642 sicque
3264 1560 3579 1641 dissipent
3618 1558 3931 1640 templum

2442 1658 2609 1735 Baal,
2635 1658 2755 1720 hoc
2775 1666 2870 1720 est
2890 1677 3143 1722 omnem
3166 1658 3458 1723 vitiosam
3481 1657 3929 1730 adhaesionem,

2443 1755 2925 1837 occupationem
2955 1764 3018 1819 et
3049 1756 3461 1820 affectionem
3491 1756 3568 1820 ad
3600 1774 3765 1821 vana
3793 1773 3937 1817 sen-

837 1857 1122 1933 fendant,
1155 1865 1266 1920 aut
1310 1856 1576 1938 proprio
1619 1856 1954 1940 commodo
1995 1863 2055 1917 et
2092 1855 2334 1917 honore
2370 1862 2417 1925 Β
2444 1854 2656 1916 sibilia
2686 1863 2747 1916 et
2776 1855 3033 1931 caduca,
3068 1876 3149 1919 ne
3178 1864 3421 1932 venter,
3458 1864 3566 1919 aut
3596 1873 3931 1929 nummuS‚

836 1956 1188 2036 priventur,
1206 1964 1316 2017 aut
1335 1956 1414 2017 de
1436 1973 1566 2017 suae
1601 1952 1892 2015 stationis
1923 1952 2335 2053 praesidentia

835 2054 1254 2136 expellantur.
1279 2054 1542 2133 Insuper
1572 2051 1678 2113 hic
1697 2052 2024 2129 docemur,
2051 2050 2331 2133 qualiter

2441 1961 2552 2015 aut
2580 1971 2803 2029 venus,
2837 1961 2947 2015 aut
2974 1954 3179 2017 honor
3220 1954 3603 2029 mundanuS,
3638 1952 3722 2014 sit
3769 1952 3932 2014 deus

2442 2059 2505 2113 et
2532 2050 2771 2125 idolum
2801 2050 3098 2133 alicujuS.

1937 2477 2587 2565 ARTICULUS
2666 2480 2815 2563 XV

1227 2752 1541 2799 Exposmo
1583 2751 1859 2798 CAPITULI
1903 2750 2231 2796 nuonnclm
2276 2749 2290 2793 :
2336 2748 2501 2795 ΑΝΝΟ
2544 2750 2797 2797 SEPTfflO
2836 2750 2985 2797 mnu
3028 2751 3332 2799 nssGNAvrr
3370 2753 3541 2801 JOAS.

1045 3034 1144 3098 NG
1175 3035 1254 3096 de
1285 3050 1478 3112 regno
1509 3039 1572 3094 et
1601 3030 1847 3093 actibus
1873 3029 2017 3093 Joas
2049 3027 2216 3109 regis
2234 3028 2338 3089 Ju-
2371 3024 2417 3087 C
2448 3036 2691 3107 nanteS,
2717 3038 2780 3092 et
2806 3048 2920 3111 per
2950 3030 3087 3095 loca
3116 3032 3339 3115 templi
3370 3041 3771 3099 transeuntes
3785 3054 3935 3099 cau-

1008 3134 1109 3211 da,
1147 3131 1227 3195 fit
1253 3130 1516 3207 mentio,
1550 3137 1613 3192 et
1642 3120 1910 3192 historia
1948 3129 2140 3211 hujus
2171 3126 2337 3208 capi-

851 3232 970 3295 tuli
999 3231 1165 3294 libro
1204 3229 1483 3293 secundo
1509 3227 2033 3309 Paralipomenon
2080 3226 2334 3308 plenius

849 3329 1232 3405 continetur,
1253 3336 1445 3410 atque
1475 3326 1714 3389 ibidem
1745 3326 2032 3408 exposita
2060 3334 2179 3389 est.
2205 3328 2337 3386 An-

849 3451 932 3492 no
960 3431 1223 3508 septimo
1251 3431 1417 3489 Jehu
1455 3426 1622 3507 regis
1669 3426 1877 3502 lsrael,
1914 3426 2237 3503 regnavit,
2268 3422 2330 3484 id

851 3537 968 3605 est,
987 3545 1250 3608 regnare
1281 3525 1521 3607 incepit
1537 3529 1707 3587 Joas.
1745 3526 2198 3601 Quadrayinta
2221 3544 2337 3584 an-

850 3631 955 3689 nis
983 3627 1299 3703 reynavit.
1338 3628 1582 3687 Nomen
1615 3625 1842 3683 matris
1868 3625 2007 3701 ejus
2040 3624 2231 3683 Sebia
2260 3625 2339 3682 de

849 3726 1176 3787 Bersabee.
1215 3725 1384 3784 Fecit
1411 3726 1560 3783 Joas
1596 3732 1840 3782 rectum
1878 3741 2094 3781 coram
2122 3722 2339 3782 Domi-

850 3844 959 3894 ne,
993 3822 1056 3885 id
1099 3829 1216 3898 est,
1249 3821 1418 3902 juste
1452 3819 1630 3895 vixit,
1663 3822 1909 3881 eunctis
1947 3822 2169 3880 diebus
2200 3822 2339 3899 qui-

851 3925 965 3983 bus
1010 3921 1228 3981 docuit
1273 3940 1418 3978 eum
1464 3920 1701 3979 Joiada
1745 3921 2060 3988 sacerdos,
2103 3917 2169 3980 id
2216 3925 2332 3993 est,

851 4018 1156 4102 quamdiu
1204 4016 1420 4080 Joiada
1460 4016 1747 4098 pontifex
1791 4036 2007 4079 secum
2058 4015 2217 4080 vixit
2266 4034 2337 4077 ac

854 4119 1077 4200 ipsum,
1113 4114 1364 4178 direxit.
1421 4118 1860 4176 Verumtamen
1913 4118 2161 4175 excelsa
2206 4134 2337 4175 non

560 3158 822 3206 llParmxnr.

2446 3147 2515 3189 sa
2542 3128 2849 3191 orationis
2879 3150 2952 3193 ac
2981 3130 3439 3196 immolationis
3479 3132 3831 3198 obtulerint
3864 3136 3929 3199 in

2446 3227 2706 3309 templo,
2740 3251 2883 3309 quoe
2910 3233 3179 3309 offertur
3200 3251 3321 3309 pro
3345 3234 3557 3310 pretio
3584 3236 3850 3305 animoe,
3874 3245 3935 3296 et

2446 3347 2642 3405 quam
2689 3338 2907 3403 sponte
2952 3339 3012 3389 et
3050 3331 3321 3390 arbitrio
3360 3332 3571 3391 cordis
3608 3334 3717 3391 sui
3764 3334 3935 3409 infe-

2446 3436 2606 3487 runt
2636 3428 2707 3486 in
2742 3432 3049 3504 templum
3076 3432 3366 3501 Domini,
3390 3433 3717 3507 accipiant
3746 3434 3935 3494 illam

2445 3527 2792 3585 sacerdotes
2806 3527 3013 3601 juxta
3045 3530 3340 3589 ordinem
3368 3550 3585 3599 suum,
3619 3529 3681 3592 id
3712 3537 3810 3593 est
3840 3550 3936 3593 se-

2446 3622 2725 3684 cundum
2764 3623 3250 3705 dispositionem
3290 3626 3383 3689 eis
3419 3628 3928 3706 convenientem,

2446 3730 2510 3783 et
2564 3721 2743 3803 juxta
2799 3724 3264 3789 ordinationem
3323 3726 3416 3788 eis
3466 3726 3821 3807 praefixam,
3874 3738 3934 3789 et

2449 3822 2815 3883 instaurent
2842 3833 3021 3883 sarta
3068 3832 3225 3885 tecta
3254 3828 3504 3898 domus,
3537 3828 3597 3886 si
3625 3828 3789 3906 quid
3830 3848 3937 3888 ne-

2445 3922 2795 3982 cessarium
2838 3923 3123 3983 viderint.
3163 3925 3660 3996 instauratione,
3709 3924 3772 3987 id
3812 3932 3929 4003 est,

2448 4015 2755 4082 innovent
2776 4028 2837 4081 et
2858 4018 3207 4082 reforment
3236 4040 3347 4084 seu
3380 4031 3674 4103 reparent
3692 4041 3765 4086 ea
3794 4042 3935 4105 quae

2451 4115 2515 4177 in
2559 4117 2741 4180 tectis
2788 4118 3011 4201 templi
3055 4138 3199 4201 quae
3243 4120 3432 4201 plana
3472 4128 3675 4197 erant,
3712 4131 3820 4185 aut
3866 4121 3931 4185 in

855 4218 1163 4279 abstulit:
1183 4214 1337 4295 quia
1373 4232 1490 4275 nec
1516 4212 1734 4275 Joiada
1763 4212 1840 4274 ad
1871 4213 1992 4275 hoc
2023 4213 2338 4292 agendum
2372 4210 2421 4271 D
2448 4215 2591 4276 aliis
2625 4216 2845 4297 templi
2878 4216 3164 4298 partibus
3204 4219 3603 4301 reparatione
3640 4221 3929 4299 egebant.

856 4314 1193 4392 instigasse
1223 4330 1369 4372 eum
1390 4310 1664 4387 videtur,
1691 4311 1798 4372 sed
1830 4330 1904 4373 ea
1937 4309 2181 4373 ratione
2202 4328 2343 4391 per-

573 4438 826 4492 nmeffiv.
856 4410 1032 4474 misit
1063 4410 1128 4471 in
1159 4408 1424 4472 excelsis
1461 4408 1710 4485 offerri,
1743 4428 1869 4490 qua
1898 4418 1962 4471 et
1988 4409 2110 4471 Asa
2140 4428 2215 4472 ac
2242 4410 2341 4471 Jo-

566 4503 824 4556 ¹⁴³¹⁸¹¹·“·
857 4510 1082 4591 saphat
1113 4507 1268 4590 justi
1300 4524 1478 4587 reges
1510 4508 1688 4584 Juda,
1731 4515 1800 4569 ut
1831 4507 1898 4569 in
1942 4507 2339 4589 expositione

857 4608 1026 4673 tertii
1069 4605 1218 4669 libri
1256 4606 1499 4669 dictum
1541 4614 1637 4668 est
1675 4626 1863 4688 saepe.
1897 4610 2130 4669 Adlzuc
2165 4609 2341 4668 enim

847 4710 1132 4786 populus
1161 4707 1560 4775 immolabat,
1579 4714 1639 4765 et
1669 4707 1958 4766 adolebat
1983 4708 2048 4767 in
2072 4707 2340 4767 eoecelsis

854 4808 1209 4865 incensum.

933 4904 1248 4981 Dimitque
1293 4906 1442 4963 Joas
1491 4905 1579 4963 ad
1625 4905 1972 4963 sacerdotes
2016 4924 2038 4963 .·
2072 4908 2340 4966 Omnem

845 5001 1198 5079 pecuniam
1225 5010 1619 5069 sanctorum,
1644 5000 1705 5061 id
1736 5008 1832 5062 est
1861 5000 2215 5063 ordinatam
2240 5001 2337 5066 vel

853 5099 1280 5180 deputandam
1313 5099 1391 5159 ad
1415 5116 1598 5159 usum
1631 5098 1942 5173 divinum,
1978 5120 2120 5178 quoe
2151 5103 2343 5161 illata

853 5198 1059 5277 fuerit
1093 5199 1162 5255 in
1197 5201 1505 5274 templum
1535 5198 1803 5258 Domini
1830 5217 1869 5256 a
1897 5200 2343 5275 praecereunti-

851 5296 990 5365 bus,
1044 5293 1107 5355 id
1155 5300 1271 5369 est,
1314 5313 1506 5375 quam
1559 5302 2011 5377 praetereuntes
2041 5296 2341 5377 peregri-

2449 4313 2895 4377 Verumtamen
2918 4315 3225 4396 templum
3248 4335 3285 4377 a
3306 4316 3640 4380 Salomone
3658 4326 3936 4381 constru-

2449 4419 2645 4488 ctum,
2680 4430 2807 4475 non
2850 4412 2972 4475 fuit
3003 4414 3211 4476 adhuc
3253 4414 3525 4476 multum
3570 4416 3928 4497 antiquum,

2450 4510 2558 4573 sed
2594 4510 2694 4589 (ut
2729 4511 3037 4593 Josephus
3079 4511 3299 4592 refert)
3335 4513 3545 4575 Joram
3592 4522 3655 4576 et
3684 4514 3933 4576 Athalia
3960 4530 4233 4581 nauum,

2450 4628 2606 4672 uxor
2636 4609 2859 4690 ipsiuS,
2898 4628 3247 4692 eorumque
3286 4610 3410 4672 filii
3452 4609 3744 4674 fecerunt
3776 4612 3935 4674 mul·
3960 4598 4001 4637 ⁷·

2449 4714 2545 4769 tas
2576 4705 2865 4771 laesiones
2894 4726 2969 4769 ac
2999 4707 3462 4771 destructiones
3490 4708 3647 4772 hinc
3688 4710 3836 4773 inde
3866 4710 3933 4772 in

2449 4806 2735 4888 partibus
2768 4806 3012 4887 templi,
3046 4814 3107 4869 et
3142 4816 3515 4871 ornamenta
3548 4808 3687 4889 ejus
3730 4808 3938 4871 abstu-

2449 4905 2680 4983 lerunt,
2696 4912 2759 4968 et
2788 4904 3235 4988 applicuerunt
3264 4924 3338 4969 ea
3366 4907 3445 4969 ad
3466 4914 3851 4969 structuram
3875 4915 3939 4970 et

2447 5003 2736 5065 decorem
2771 5001 2903 5066 fani
2934 5002 3100 5065 Baal.
3128 5005 3345 5079 Iyitur
3374 5024 3573 5082 usque
3600 5008 3689 5065 ad
3722 5005 3940 5064 vicesi-

2448 5122 2629 5161 mum
2660 5101 2974 5185 [tertium]
3006 5123 3259 5163 annum
3286 5106 3436 5163 Joas
3455 5105 3646 5179 reyis,
3676 5118 3809 5163 ‘non
3842 5104 3941 5163 in·

2444 5208 2905 5260 stauraverunt
2922 5203 3270 5261 sacerdotes
3298 5210 3477 5261 sarta
3507 5210 3667 5261 tecta
3699 5203 3935 5278 templi.

2466 5299 2839 5376 Voeavitque
2884 5318 3002 5357 rea·
3039 5302 3189 5359 Joas
3225 5300 3527 5359 Joiadam
3563 5300 3941 5376 pontificem
