4309 6259
516 2984 519 2987 ·
618 2958 684 3001 10.
707 2971 786 3009 ux,
807 2961 850 3009 ος

601 3021 697 3064 Jer.
714 3034 765 3075 u,
787 3024 852 3064 18.

588 3156 723 3198 Prot.
738 3168 768 3211 ι,
785 3157 851 3197 26.

880 483 999 546 574
1698 496 2044 544 ananan-10
2087 498 2147 542 ιΝ
2192 498 2328 543 οη.
2377 496 2484 541 xxi
2522 496 2648 541 son.
2699 514 2780 526 —
2819 496 2961 542 Am.
3010 496 3174 543 xnvu

1899 898 2556 985 ARTICULUS
2632 899 2954 983 XLVII

1049 1176 1428 1224 DEGLARATIO
1473 1174 1821 1221 LITTERALIS
1866 1172 2148 1219 carnum
2194 1170 2459 1216 vlcttsnn
2499 1170 2671 1217 Pnuu
2713 1172 2728 1217 ἶ
2777 1171 3164 1217 RESPONDENS
3205 1170 3410 1217 aum!
3448 1172 3574 1231 JOB,
3623 1173 3808 1218 DleT.

1024 1457 1563 1518 E'SPONDE'NS
1600 1463 1815 1515 autem
1851 1455 1991 1523 Job,
2028 1453 2227 1511 dixit.
2266 1448 2374 1511 Sa·
2405 1449 2457 1512 A
2485 1470 2683 1527 ceam,
2733 1452 2858 1513 nisi
2903 1452 2970 1513 in
3009 1460 3318 1533 quantum
3371 1451 3490 1515 hoc
3542 1460 3708 1514 esset
3755 1462 3961 1515 contra

1040 1553 1277 1636 pientis
1324 1562 1421 1617 est
1466 1554 1545 1615 ad
1593 1552 1917 1634 proposita
1962 1549 2366 1632 respondere,
2484 1551 2678 1612 Deum
2719 1559 2910 1632 atque
2946 1551 3280 1632 justitiam,
3315 1550 3618 1632 quoniam
3662 1551 3959 1633 scriptum

880 1662 1165 1717 errantes
1190 1672 1265 1715 ac
1296 1652 1659 1732 ignorantes
1691 1651 2020 1724 instruere,
2038 1647 2368 1712 veritatem
2483 1658 2580 1711 est
2612 1667 2625 1712 ε
2659 1648 2774 1723 Qui
2809 1650 2987 1713 timet
3018 1649 3364 1726 hominem,
3391 1649 3518 1712 cito
3549 1658 3831 1723 corruet;
3864 1659 3958 1712 et:
3989 1667 4222 1757 fream,

882 1750 1245 1828 defendere,
1300 1758 1669 1830 arroganter
1717 1749 2223 1812 contradicentes
2275 1765 2374 1808 ra-
2483 1746 2598 1820 Qui
2631 1748 2810 1810 timet
2841 1749 3057 1823 Deum,
3091 1748 3256 1810 nihil
3289 1747 3654 1830 trepidabit.

880 1970 1107 2029 quasso,
1125 1970 1439 2011 sermones
1469 1969 1644 2010 meos.
1669 1949 1735 2010 ln
1766 1968 1841 2012 eo
1874 1948 2043 2029 quod
2075 1947 2184 2024 ait,
2205 1946 2372 2019 Quze-
2482 1945 2889 2021 advertendO,
2911 1952 2974 2007 et
2993 1944 3186 2008 vitam
3209 1965 3412 2009 meam
3439 1946 3782 2028 pensando,
3801 1946 3965 2028 quod

880 2046 1413 2123 so,humilitatem
1435 2046 1724 2111 ostendit.
1738 2050 1825 2108 Et
1844 2050 2045 2124 agetis
2058 2047 2369 2124 poeniten·
2482 2042 2633 2105 item
2667 2043 2800 2106 baec
2831 2043 3037 2125 patior
3077 2044 3189 2126 qui
3233 2045 3442 2107 taliter
3475 2044 3646 2118 vixi;
3681 2056 3742 2105 et
3769 2049 3968 2105 obstu-

883 2147 1042 2207 tiam
1079 2146 1159 2208 de
1200 2154 1409 2209 vestro
1448 2165 1663 2209 errore
1695 2146 1861 2208 circa
1897 2144 2367 2227 providentiam
2470 2144 2731 2218 pescice,
2761 2141 2825 2202 id
2857 2149 2972 2219 est,
2997 2142 3411 2205 vehementer
3438 2143 3869 2219 admiramini,
3893 2145 3968 2207 de

881 2244 1012 2321 Dei,
1048 2254 1111 2307 et
1148 2245 1298 2326 quia
1336 2229 1465 2307 tam
1505 2245 1815 2326 injuriose
1851 2244 2009 2307 mihi
2045 2242 2241 2306 locuti
2273 2260 2368 2305 es·
2479 2238 3015 2321 imperscrutabili
3080 2237 3523 2322 profunditate
3582 2241 3965 2323 judiciorum

881 2342 986 2405 tis.
1018 2346 1345 2405 Sustinete
1374 2364 1496 2414 me,
1527 2354 1687 2404 utet
1716 2364 1827 2421 eqo
1862 2347 2114 2423 loquar,
2148 2340 2212 2402 id
2246 2348 2363 2415 est,
2479 2338 2810 2414 Altissimi,
2857 2338 2936 2401 de
2981 2338 3198 2402 futuro
3241 2358 3500 2422 quoque
3541 2340 3682 2421 ejus
3726 2340 3968 2421 judicio

881 2460 983 2503 me
1012 2441 1326 2523 patienter
1354 2442 1569 2504 audite
1586 2460 1603 2521 ;
1641 2452 1701 2503 et
1731 2453 1874 2521 post
1916 2461 2079 2510 mea,
2106 2441 2166 2500 si
2197 2442 2370 2499 vide-
2479 2436 2558 2500 de
2585 2456 2714 2518 quo
2745 2438 3002 2519 loquor3
3031 2448 3090 2499 et
3118 2441 3526 2516 superponite
3552 2441 3844 2516 digitum
3871 2442 3969 2499 ori

881 2543 1079 2615 bitur,
1105 2544 1291 2603 verba
1323 2544 1551 2612 ridete,
1576 2541 1640 2603 id
1669 2549 1786 2617 est,
1821 2541 1874 2602 si
1906 2540 2099 2620 digna
2130 2536 2369 2601 fuerint
2481 2536 2784 2606 vestro,id
2813 2544 2921 2609 est,
2943 2556 3086 2599 cum
3120 2537 3375 2600 silentio
3402 2556 3504 2599 me
3535 2537 3765 2614 audite,
3785 2546 3970 2620 prout

879 2638 1073 2701 verba
1120 2658 1263 2701 mea
1307 2638 1543 2715 derisu,
1592 2638 1727 2701 zelo
1776 2638 2057 2701 veritatis
2107 2655 2182 2699 ea
2224 2654 2369 2699 con·
2406 2630 2451 2690 B
2480 2635 2659 2697 decet
2693 2635 3042 2717 sapientem
3084 2635 3312 2698 audiri.
3343 2636 3519 2699 Unde
3562 2638 3628 2698 in
3669 2636 3836 2700 libro
3865 2637 3969 2699 Sa-

880 2737 1183 2800 temnite:
1211 2738 1376 2800 sicut
1405 2738 1470 2798 in
1504 2736 1669 2799 libro
1697 2738 1775 2799 de
1807 2736 2112 2798 Trinitate
2143 2734 2369 2798 asserit
2481 2733 2736 2814 pientiae
2779 2734 2878 2795 vir
2921 2734 3173 2816 sapiens
3224 2733 3601 2816 sapientiam
3655 2736 3822 2798 inter
3871 2754 3969 2799 ce-

881 2835 1293 2916 AugustinuS,
1339 2834 1667 2897 ridendam
1704 2854 1843 2898 esse
1880 2833 2370 2915 argumentatio·
2477 2841 2610 2895 tera
2661 2833 2752 2895 sic
2795 2834 3199 2896 commendat
3253 2850 3266 2894 :
3312 2833 3586 2896 Audient
3637 2852 3740 2897 me
3788 2853 3966 2916 reges
3994 2856 4214 2910 smmis,

883 2953 1028 2995 nem
1058 2932 1375 2996 Eunomii.
1411 2933 1486 2994 Et
1524 2933 1591 2995 in
1630 2934 1787 2996 lsaia
1819 2933 2088 2996 habetur
2122 2950 2135 2993 ε
2169 2933 2371 3014 Opera
2477 2931 2800 3007 horrendi,
2835 2939 2899 2993 et
2931 2931 3398 2994 sermocinante
3431 2950 3534 2995 me
3571 2932 3778 3014 plura,
3813 2932 3969 3013 digi-
3996 2920 4052 2959 ¹²·

882 3050 1103 3095 eorum
1147 3032 1402 3094 inutilia
1444 3040 1507 3095 et
1545 3032 1675 3093 risu
1715 3032 1927 3113 digna.
1962 3031 2063 3095 Sic
2103 3041 2167 3094 et
2204 3031 2368 3093 Deus
2477 3038 2614 3091 tum
2661 3030 2756 3092 ori
2803 3040 3256 3112 superponent.
3301 3034 3386 3092 Et
3427 3050 3539 3108 eqo
3577 3035 3838 3112 quando
3875 3053 3970 3093 re-

883 3131 948 3192 in
988 3130 1343 3195 Proverbiis
1383 3131 1667 3213 loquitur
1706 3132 1923 3213 impiis
1959 3150 1972 3193 :
2006 3132 2135 3212 Ego
2171 3130 2237 3192 in
2275 3129 2368 3190 in·
2476 3132 2776 3189 cordatus
2801 3131 2989 3207 fuero
3017 3128 3380 3191 divinorum
3407 3129 3970 3210 judiciorum‚per·

883 3229 1074 3291 teritu
1111 3237 1320 3293 vestro
1359 3228 1599 3292 ridebo.
1636 3229 1852 3292 Simon
1893 3248 2145 3311 quoque
2176 3237 2237 3291 et
2264 3228 2370 3289 Ju-
2481 3229 2731 3288 timesco
2780 3225 2968 3289 filiali
3019 3228 3247 3290 timore
3295 3246 3308 3289 ε
3357 3228 3508 3309 quia
3555 3228 3964 3293 altitudinem

882 3329 993 3390 das
1022 3328 1292 3410 apostoli
1323 3328 1681 3391 deriserunt
1713 3328 1907 3391 verba
1944 3329 2229 3405 deorum,
2267 3326 2365 3391 vel
2478 3325 2806 3407 sapientiae
2863 3334 3056 3408 atque
3104 3326 3366 3407 justitiae
3420 3327 3552 3404 Dei,
3611 3348 3804 3410 quam
3863 3348 3968 3411 pe·

880 3426 1093 3507 potius
1123 3426 1582 3490 daemoniorum
1607 3446 1719 3509 per
1748 3426 1915 3490 idola
1947 3426 2372 3509 loquentium.
2477 3433 2726 3488 netrare
2776 3444 2904 3487 non
2951 3425 3156 3502 vale0,
3197 3445 3315 3489 nec
3360 3426 3506 3508 plus
3553 3446 3748 3508 quam
3790 3429 3969 3491 decet

976 3526 1318 3604 Numquid
1368 3536 1590 3586 contra
1635 3528 1961 3586 hominem
2008 3527 2366 3602 disputatio
2477 3523 2742 3585 scrutari
2794 3542 3130 3605 praesumO,
3181 3542 3405 3587 vereor
3461 3534 3524 3588 ct
3569 3526 3864 3602 honoro;
3911 3537 3969 3587 et

876 3642 1016 3683 mea
1044 3627 1177 3684 est?
1206 3623 1389 3705 quasi
1418 3623 1587 3686 dicat
1622 3640 1635 3684 ε
1671 3623 2026 3705 Disputatio
2056 3642 2196 3685 mea
2237 3641 2364 3685 non
2474 3624 2754 3682 concutit
2781 3642 3041 3683 carnem
3069 3642 3278 3683 meam
3313 3632 3575 3695 tremor,
3602 3625 3662 3686 id
3693 3634 3812 3701 est,
3839 3634 3969 3687 tan·

882 1850 1057 1913 tione
1110 1868 1535 1933 compescere.
1587 1850 1675 1911 lta
1727 1848 1843 1913 Job
1897 1848 2047 1929 agit.
2104 1849 2370 1915 Audite,
2561 1849 2894 1907 Attendite
2923 1866 3046 1916 me,
3075 1846 3270 1911 verba
3301 1866 3441 1909 mea
3481 1846 3964 1927 diligentissime
3989 1792 4195 1902 αξιῗιῖἒ.

875 3731 971 3784 est
1006 3721 1447 3805 principaliter
1488 3722 1565 3784 de
1608 3721 1826 3803 aliquo
1873 3720 2041 3785 facto
2086 3721 2244 3783 mihi
2284 3720 2364 3783 ab

2480 3728 2578 3781 tus
2615 3728 2712 3781 est
2747 3720 2977 3783 animae
3011 3739 3164 3784 mete
3204 3721 3414 3799 timor,
3452 3724 3619 3803 quod
3661 3725 3968 3787 redundat

874 3819 1133 3883 homine
1178 3820 1355 3882 illato
1376 3838 1391 3899 3
1434 3839 1551 3883 nec
1595 3838 1950 3901 conqueror
1994 3839 2096 3882 me
2133 3820 2214 3881 ab
2260 3820 2368 3882 ho·
2397 3821 2440 3883 C
2477 3818 2886 3881 vehementer
2916 3818 2984 3880 in
3016 3838 3246 3901 corpus
3273 3836 3286 3881 ε
3313 3821 3495 3902 Juxta
3522 3821 3681 3883 illud
3709 3822 3961 3899 Psalmi,

875 3918 1159 3980 minibus
1214 3918 1456 4000 absque
1512 3918 1837 3981 demeritis
1895 3918 2055 3981 meis
2108 3936 2366 4000 percus-

874 4036 1038 4093 sum,
1072 4016 1182 4079 sed
1219 4036 1256 4079 a
1291 4017 1416 4079 Deo
1452 4034 1465 4078 ε
1502 4016 1587 4078 ita
1625 4017 1797 4098 quod
1834 4016 2182 4099 disputatio
2221 4036 2362 4079 mea

874 4116 1315 4198 principaliter
1344 4124 1632 4180 versatur
1668 4115 1836 4178 circa
1864 4116 2007 4192 hoc,
2042 4115 2361 4196 quomodo

876 4216 1051 4278 salva
1086 4214 1334 4296 justitia
1371 4213 1503 4291 Dei,
1546 4232 1661 4293 ego
1700 4214 1796 4277 vir
1837 4215 2048 4294 justus
2086 4224 2150 4277 et
2193 4215 2368 4277 inno-

876 4332 1028 4376 cens
1069 4321 1195 4375 tam
1237 4314 1373 4376 dire
1409 4330 1748 4394 percussus
1789 4311 1931 4374 sim.
1962 4313 2119 4376 Hinc
2157 4312 2368 4375 subdi-

879 4420 982 4473 tur
1016 4428 1031 4472 :
1064 4421 1136 4472 ut
1168 4413 1393 4473 merito
1422 4432 1555 4473 non
1581 4414 1840 4472 debeam
1868 4414 2269 4482 contrista-ri,
2301 4410 2366 4474 id

878 4517 994 4585 est,
1043 4510 1345 4590 quoniam
1387 4509 1734 4591 disputatio
1779 4528 1916 4573 mea
1966 4518 2063 4573 est
2113 4528 2240 4573 non
2287 4511 2366 4572 de

878 4607 1256 4671 adversitate
1292 4607 1450 4670 mihi
1483 4607 1565 4670 ab
1595 4608 1875 4685 homine,
1911 4609 2020 4671 sed
2060 4628 2095 4670 a
2136 4610 2260 4671 Deo
2303 4608 2368 4670 il-

877 4706 1023 4783 lata,
1046 4705 1189 4769 ideo
1218 4706 1447 4769 merito
1476 4707 1693 4769 tristor
1726 4723 1739 4768 :
1774 4706 2078 4788 quoniam
2110 4726 2365 4771 causam

875 4804 1305 4887 percussionis
1333 4823 1492 4868 meae
1523 4806 1807 4869 nondum
1840 4804 2029 4887 plene
2060 4806 2362 4886 intellige,

2479 3916 2692 3979 Timor
2735 3926 2797 3979 et
2841 3925 3076 3980 tremor
3114 3928 3428 3981 venerunt
3465 3939 3655 4002 super
3699 3939 3822 3983 me.
3865 3921 3964 3983 Sic
4001 3942 4190 3990 panna.

2475 4024 2540 4077 et
2577 4014 2866 4078 Habacuc
2905 4016 2995 4077 ait
3039 4033 3052 4077 ε
3098 4017 3382 4095 Domine,
3423 4019 3640 4083 audivi
3679 4019 3963 4083 auditum
4009 4044 4207 4086 mmm.

2479 4122 2679 4190 tuum,
2713 4122 2774 4176 et
2810 4114 3031 4190 timui;
3067 4116 3467 4181 consideravi
3506 4136 3698 4199 opera
3744 4127 3871 4195 tua,
3905 4128 3964 4182 et
3991 4110 4027 4149 ³·

2477 4212 2723 4294 expavi.
2778 4212 2879 4275 Sic
2927 4212 3122 4276 habet
3175 4215 3505 4279 translatio
3553 4216 3960 4298 Septuaginta

2479 4310 2917 4393 interpretum.
2950 4311 3080 4375 Hoc
3113 4311 3353 4376 affectu
3385 4314 3544 4376 dixit
3572 4315 3913 4397 Apostolus
3945 4334 3960 4377 ε

2475 4410 2522 4472 Ο
2547 4410 2815 4473 altitudo
2838 4410 3205 4474 divitiarum
3237 4412 3565 4495 sapientiae
3595 4422 3659 4477 et
3687 4415 3964 4478 scientiae
3989 4432 4204 4481 nomm.

2477 4507 2625 4571 Dei!
2670 4527 2862 4589 quam
2899 4509 3573 4592 incomprehensibilia
3611 4522 3762 4575 sunt
3798 4514 3964 4595 judi-

2477 4607 2576 4669 cia
2605 4608 2779 4688 ejus!
2815 4615 2936 4671 etc.

2555 4704 2879 4782 Praeterea,
2923 4706 3054 4787 jam
3101 4706 3167 4767 in
3216 4707 3336 4771 isto
3379 4707 3661 4789 capitulo
3711 4719 3965 4773 sanctus

2474 4803 2590 4866 Job
2621 4812 2844 4866 contra
2878 4804 3119 4867 amicos
3157 4824 3305 4869 suos
3345 4806 3704 4870 evidentius
3735 4817 3799 4871 et
3827 4808 3970 4871 esri-

876 4904 1227 4985 timereque
1255 4903 1458 4966 habeo
1492 4923 1571 4965 ne
1602 4902 1766 4966 forte
1792 4902 1902 4984 qui
1938 4912 2064 4966 tam
2106 4922 2368 4985 poenose
2476 4902 2688 4965 cacius
2732 4902 3036 4984 disputat,
3080 4922 3270 4983 quam
3318 4903 3470 4966 fecit
3510 4904 3868 4987 hucusque,
3909 4916 3972 4969 et

877 5003 1164 5085 plagatus
1223 5021 1385 5080 sum,
1439 5001 1564 5065 Deo
1623 5001 1839 5082 aliquo
1897 5002 2086 5065 modo
2145 5001 2370 5085 displi-
2402 4999 2453 5060 D
2479 5020 2755 5065 errorem
2794 5019 3014 5063 eorum
3053 5002 3405 5065 clarissime
3447 5004 3776 5085 reprobat.
3819 5007 3972 5069 Con·

876 5120 1075 5164 ceam.
1122 5100 1335 5178 Porro,
1380 5100 1433 5162 si
1474 5100 1556 5162 ab
1596 5099 1859 5163 homine
1911 5108 2160 5164 tantum
2205 5109 2372 5164 esset
2480 5100 2754 5163 corditer
2792 5100 2964 5161 enim
3004 5100 3323 5178 dicebant,
3355 5102 3658 5165 virtuosis
3697 5104 3973 5167 homini-

877 5218 1016 5261 mca
1043 5196 1341 5276 afflictio,
1365 5198 1623 5259 tristitia
1652 5206 1818 5260 esset
1846 5198 2141 5280 pellenda
2176 5215 2189 5260 :
2215 5199 2368 5281 quia
2480 5198 2600 5261 bus
2631 5198 2697 5261 in
2730 5198 2858 5261 vita
2887 5198 3004 5262 hac
3043 5218 3346 5282 prospera
3375 5200 3653 5278 evenire,
3691 5210 3754 5264 et
3781 5202 3968 5266 vitio-

880 5314 997 5360 nec
1046 5297 1269 5361 timere
1324 5294 1529 5360 habeo
1588 5315 1668 5359 ne
1722 5296 2093 5360 hominibus
2145 5296 2368 5380 displi-
2483 5297 2570 5360 sis
2619 5297 2924 5374 adversa3
2971 5298 3142 5378 quod
3185 5298 3339 5361 item
3380 5299 3797 5365 adversitates
3841 5318 3968 5365 non
