4309 6259
1261 520 1610 567 ENARRATIO
1651 522 1714 567 m
1757 521 1893 567 GAP.
1938 520 2007 567 111
2046 520 2173 566 101³.
2218 540 2300 551 --
2339 521 2480 567 Am.
2526 521 2639 568 1111

393 689 523 753 fert
553 709 628 752 ex
674 710 790 754 sua
817 693 1158 771 sententia,
1190 693 1300 756 sed
1345 692 1547 775 magis
1585 700 1888 773 tanquam
1917 690 1970 753 Α

391 808 472 853 ex
505 809 721 855 errore
752 792 1105 855 amicorum
1138 792 1431 855 deducta.

471 890 806 968 Praeterea,
850 900 1162 974 quantum
1217 891 1528 972 intelligo,
1579 891 1633 953 si
1685 897 1891 953 textus

389 988 589 1071 hujus
621 990 889 1073 capituli
933 990 1296 1054 litteraliter
1340 990 1569 1053 debeat
1595 990 1894 1071 explana-

391 1087 475 1161 ri,
503 1088 760 1152 videtur
781 1090 1096 1171 expositio
1117 1090 1179 1152 S.
1202 1090 1459 1152 Thomae
1477 1088 1888 1165 convenienS,

398 1205 520 1249 nec
581 1194 750 1250 tacta
802 1188 1081 1268 objectio
1133 1189 1484 1269 quidquam
1543 1186 1889 1250 concludit.

394 1285 890 1348 Concedendum
947 1295 1046 1351 est
1103 1287 1424 1368 equidem,
1474 1287 1645 1367 quod
1705 1284 1895 1349 amici

387 1383 508 1446 100
539 1384 752 1465 prima
783 1384 947 1447 facie
975 1393 1364 1467 putaverunt
1385 1404 1530 1447 eum
1563 1384 1757 1449 verba
1785 1384 1896 1446 hu·

389 1483 500 1564 jus
529 1482 800 1564 capituli
823 1504 900 1547 ex
922 1484 1323 1567 impatientia
1345 1493 1407 1547 et
1429 1484 1681 1546 turbata
1701 1492 1894 1565 atque

391 1599 663 1644 erronea
711 1582 960 1645 ratione
1011 1584 1319 1660 locutum,
1353 1584 1894 1665 quemadmodum

391 1698 469 1742 ex
502 1680 718 1743 verbis
749 1681 984 1744 Baldad
1015 1681 1370 1744 clarissime
1401 1682 1624 1762 liquet.
1659 1682 1736 1743 Et
1773 1682 1894 1744 hoc

390 1779 630 1861 ipsum,
667 1779 1018 1842 secundum
1066 1780 1238 1861 quod
1287 1780 1488 1860 tangit
1530 1780 1890 1861 GregoriuS,

121 1694 214 1735 ,1οὸ
237 1707 336 1735 vm.

3372 494 3485 559 361

2097 692 2361 774 Insuper
2398 691 2854 772 adjiciendum,
2900 691 3071 772 quod
3112 696 3241 753 tota
3279 687 3493 770 dispu-

2001 790 2155 853 tatio
2201 790 2550 854 amicorum
2592 789 2707 853 Job
2750 797 2971 853 contra
3016 809 3185 867 eum,
3218 808 3347 852 non
3398 798 3494 853 est

2000 889 2079 950 ad
2126 889 2591 951 ostendendum
2632 907 2777 951 eum
2824 888 3065 951 factum
3108 889 3491 952 maledicum

2001 995 2063 1049 01
2114 987 2559 1068 blasphemum
2606 995 2865 1069 propter
2913 986 3047 1049 haec
3086 987 3279 1051 verba
3313 1004 3328 1049 :
3365 988 3492 1051 imo

2004 1086 2084 1148 de
2113 1085 2235 1148 hoc
2279 1085 2390 1147 diu
2423 1104 2551 1147 non
2594 1085 2943 1167 disputant.
2979 1085 3099 1149 Sed
3138 1086 3493 1168 principale

2003 1185 2322 1246 intentum
2375 1202 2595 1246 eorum
2641 1191 2757 1260 est,
2792 1183 3121 1265 disputare
3162 1184 3241 1247 de
3279 1185 3493 1266 provi-

2003 1282 2221 1346 dentia
2266 1283 2396 1359 Dei,
2431 1281 2706 1364 qualiter
2756 1282 3001 1345 scilicet
3046 1302 3146 1346 res
3194 1283 3489 1347 humanae

2000 1381 2437 1462 gubernentur
2468 1400 2505 1442 a
2535 1381 2681 1457 Deo,
2709 1381 3057 1444 secundum
3079 1381 3405 1445 Albertum
3428 1390 3491 1445 et

2003 1480 2305 1542 Thomam
2329 1478 2748 1542 concorditer.
2770 1480 2845 1541 Et
2865 1479 3010 1560 quia
3034 1480 3365 1543 timebant*
3387 1480 3491 1544 ho-
3534 1497 3553 1517 ·
3578 1496 3783 1541 tenebant

2003 1578 2243 1641 minem
2289 1596 2417 1640 non
2466 1577 2705 1659 puniri,
2739 1577 2865 1638 nisi
2904 1596 3020 1659 pro
3071 1576 3309 1659 praevia
3350 1580 3490 1661 ejus

2003 1676 2206 1758 culpa,
2222 1684 2684 1759 consequenter
2704 1676 2914 1739 conati
2935 1684 3085 1738 sunt
3108 1675 3495 1740 demonstra-

2005 1795 2072 1837 re
2109 1776 2281 1857 quod
2308 1775 2423 1837 100
2456 1794 2571 1857 pro
2604 1774 2737 1837 suis
2766 1775 3043 1857 peccatis
3081 1774 3343 1857 punitus
3384 1776 3490 1853 sit,

393 1876 519 1939 fuit
549 1876 616 1938 in
651 1877 745 1939 eis
778 1877 1102 1958 culpabile
1129 1896 1140 1939 :
1167 1878 1318 1959 quia
1349 1897 1422 1940 ex
1446 1879 1717 1960 pristina
1744 1896 1894 1942 con·
1930 1876 1975 1937 B
2002 1875 2303 1956 quodque
2331 1875 2579 1937 occulte
2620 1874 2897 1957 injustus
2942 1882 3134 1955 atque
3164 1874 3496 1956 hypocrita

389 1976 758 2039 versatione
799 1975 971 2038 beati
999 1975 1137 2052 Job,
1173 1995 1366 2056 quam
1412 1985 1750 2054 noverunt,
1787 1978 1890 2040 de-

388 2072 676 2135 buerunt
695 2073 1026 2135 advertere
1047 2073 1219 2154 quod
1240 2092 1366 2135 non
1389 2092 1465 2135 ex
1494 2073 1896 2156 impatientia

389 2172 791 2253 loqueretur,
827 2171 936 2233 sed
983 2171 1254 2253 mystica
1283 2173 1528 2235 ratione
1571 2173 1720 2235 talia
1750 2192 1895 2255 pro-

387 2260 620 2333 meret.
654 2270 894 2333 Deinde
923 2270 1309 2348 addendum,
1344 2272 1514 2352 quod
1544 2271 1893 2354 disputatio

388 2370 560 2432 inter
586 2370 707 2431 100
737 2377 803 2432 et
831 2369 970 2451 ejus
999 2369 1260 2447 0101005,
1289 2370 1352 2431 10
1385 2371 1731 2453 aequivocis
1763 2391 1889 2434 non

387 2469 686 2541 laborat3
721 2486 840 2531 nec
882 2468 998 2529 Job
1040 2468 1106 2530 in
1151 2468 1498 2550 aequivocis
1539 2488 1648 2533 eos
1696 2478 1888 2547 tenet,

386 2567 702 2649 quoniam
724 2566 940 2628 statim
963 2566 1030 2628 in
1064 2566 1273 2649 prima
1304 2568 1740 2649 responsione,
1767 2588 1890 2649 qua

385 2666 738 2747 respondet
797 2664 1019 2747 primae
1079 2665 1425 2746 objectioni
1477 2666 1556 2728 de
1605 2666 1886 2747 Eliphaz,

385 2784 534 2846 quae
566 2764 902 2846 responsio
924 2764 1154 2846 incipit
1183 2772 1360 2828 sexto
1379 2764 1683 2847 capitulo,
1708 2784 1888 2827 orsus

384 2873 486 2925 051
537 2863 874 2925 insinuare
922 2882 993 2925 ac
1044 2864 1502 2940 demonstrare,
1539 2864 1707 2944 quod
1759 2881 1885 2927 non

385 2962 805 3044 impatienter
852 2969 962 3024 aut
999 2961 1230 3023 vitiose
1275 2962 1408 3025 11ωο
1455 2962 1741 3044 protulit,
1777 2963 1884 3025 sed

2005 1972 2149 2050 fuit,
2183 1992 2311 2036 non
2343 1974 2605 2054 quidem
2637 1972 2719 2035 ob
2751 1972 2947 2035 verba
2977 1973 3133 2049 haec,
3167 1982 3313 2035 ante
3343 1993 3495 2055 quo·

2005 2091 2145 2133 rum
2177 2071 2597 2153 prolationem
2640 2070 2761 2132 fuit
2791 2070 3101 2152 plagatuS,
3138 2072 3247 2134 sed
3288 2072 3493 2134 aliun—

2002 2170 2101 2233 de.
2128 2169 2357 2233 Contra
2387 2187 2546 2251 quos
2574 2169 2692 2233 101)
2722 2169 2856 2232 zelo
2874 2170 3139 2250 justitiae
3162 2170 3490 2234 veritatem

2006 2277 2235 2343 tuetur,
2289 2287 2597 2349 suamque
2654 2268 2718 2329 in
2771 2268 3071 2331 omnibus
3128 2268 3490 2349 aequitatem

2002 2366 2349 2443 concludit,
2386 2367 2923 2447 quemadmodum
2971 2367 3035 2428 in
3068 2386 3367 2448 processu
3399 2367 3493 2429 lu-

2002 2466 2194 2529 cebit.

2083 2566 2390 2627 Praeterea
2418 2564 2858 2646 apparentiam
2888 2563 3123 2627 habere
3154 2582 3280 2627 non
3324 2582 3486 2641 reor,

2001 2662 2172 2744 quod
2206 2663 2421 2725 omnia
2450 2661 2641 2725 verba
2669 2662 2862 2743 hujus
2894 2660 3157 2743 capituli
3191 2669 3383 2743 atque
3413 2662 3491 2724 si-

2001 2762 2181 2824 milia
2212 2761 2464 2838 dixerit,
2502 2779 2627 2823 non
2661 2759 2844 2842 quasi
2880 2779 2955 2822 ex
2996 2780 3111 2822 sua
3148 2745 3484 2837 sententia,

2001 2862 2109 2923 sed
2144 2869 2445 2941 tanquam
2475 2878 2550 2921 ex
2576 2877 2789 2922 errore
2819 2859 3167 2921 amicorum
3197 2859 3483 2923 deducta.

1998 2960 2132 3022 Non
2164 2959 2333 3023 enim
2366 2958 2699 3022 consuevit
2741 2959 2885 3039 quis
2926 2958 3137 3020 taliter
3164 2958 3488 3040 disputare

381 3062 465 3124 ad
507 3060 1000 3142 exprimendum
1042 3058 1488 3139 gravissimum
1537 3061 1886 3142 corporalis
1924 3066 1967 3129 C
1997 3067 2107 3121 aut
2134 3058 2595 3135 fari,videlicet
2623 3076 2697 3119 ex
2728 3075 2941 3120 errore
2967 3056 3239 3120 aliorum
3274 3057 3488 3120 incon·

383 3170 634 3223 naturae
664 3159 1114 3239 sensitivaeque
1135 3159 1334 3241 partis
1361 3159 1669 3237 dolorem,
1694 3179 1884 3242 quem

383 3259 658 3342 pertulit
684 3284 699 3335 ;
733 3266 799 3320 01
835 3258 1006 3339 quod
1038 3266 1350 3338 quantum
1382 3259 1460 3320 ad
1489 3258 1888 3339 hujuscemo-

382 3358 450 3421 di
485 3356 944 3433 afflictionem,
969 3356 1104 3418 vita
1131 3375 1244 3418 sua
1275 3366 1442 3419 esset
1472 3356 1597 3419 sibi
1628 3356 1884 3419 odibilis

382 3477 460 3520 ac
503 3454 801 3532 molesta,
846 3455 1196 3517 secundum
1243 3454 1615 3518 inferiorem
1658 3456 1886 3519 animae

385 3564 662 3639 partem,
719 3571 846 3617 non
901 3562 1115 3616 autem
1166 3554 1339 3634 quod
1389 3554 1552 3616 ratio
1603 3555 1885 3636 passioni

383 3642 856 3719 succumberet
889 3654 992 3715 vel
1043 3652 1406 3715 vinceretur
1452 3652 1692 3716 dolore.
1729 3654 1887 3717 Hinc

81 3770 353 3822 musteo.
385 3772 624 3836 nempe
656 3752 829 3814 infra
847 3751 938 3814 ait
961 3768 976 3813 ε
1001 3751 1419 3833 Respondete,
1445 3753 1730 3828 obsecr0,
1749 3753 1888 3815 abs-

383 3872 515 3935 que
543 3850 983 3926 contentione,
1019 3858 1083 3912 et
1114 3849 1448 3930 loquentes
1491 3850 1554 3912 id
1585 3852 1756 3932 quod
1791 3852 1888 3933 ju-

383 3961 558 4015 stum
615 3958 714 4012 est
773 3949 1077 4031 judicate,
1128 3958 1192 4011 et
1241 3968 1367 4011 non
1430 3950 1770 4013 invenietis
1820 3952 1885 4013 in

383 4050 612 4129 lingua
656 4067 803 4111 mea
845 4047 1278 4129 iniquitatem,
1319 4067 1434 4110 nec
1480 4048 1545 4109 in
1591 4048 1886 4112 faucibus

381 4150 548 4211 meis
610 4146 890 4209 stultitia
947 4146 1338 4229 personabit.
1393 4146 1746 4229 Statimque
1793 4169 1888 4212 sc-

78 4256 288 4305 masu,
307 4258 350 4297 1.

378 4444 558 4526 quod
593 4442 844 4505 homini
879 4442 1242 4505 habendum
1290 4442 1374 4504 sit
1416 4442 1658 4505 bellum
1690 4445 1890 4506 conti-

377 4562 590 4606 nuum
620 4552 848 4605 contra
877 4541 1204 4623 passiones
1235 4548 1297 4604 et
1328 4542 1504 4604 vitia.
1529 4542 1703 4615 Quod
1735 4562 1886 4607 vero

376 4640 654 4724 praefata
673 4639 870 4704 verba
899 4646 1090 4721 atque
1121 4638 1357 4701 similia
1379 4640 1729 4702 secundum
1753 4661 1888 4704 sen-

376 4738 706 4802 sualitatis
750 4736 1174 4800 afflictionem
1225 4737 1586 4818 protulerit,
1636 4740 1880 4821 pandit,

89 4850 342 4894 Ibida-¹¹·
371 4838 657 4902 dicendo
694 4855 708 4899 :
744 4836 920 4899 Sicut
961 4837 1361 4899 consumitur
1405 4836 1606 4899 nubes
1651 4845 1714 4899 et
1743 4857 1886 4919 per-

373 4935 636 5011 transit,
663 4935 758 4999 510
801 4934 915 5016 (101
961 4935 1363 4997 descenderit
1410 4934 1476 4996 in
1527 4934 1877 5013 infernum,

372 5054 510 5099 non
556 5034 863 5097 ascendet
914 5052 1030 5096 000
1079 5041 1454 5097 revertetur.
1489 5033 1882 5116 Quapropter

369 5144 438 5199 et
473 5151 594 5215 ego
625 5151 754 5195 non
791 5150 1046 5213 parcam
1067 5131 1163 5193 ori
1195 5150 1338 5195 meo
1365 5156 1380 5207 3
1417 5132 1641 5213 loquar
1673 5131 1737 5193 in
1771 5133 1882 5194 tri-

369 5232 716 5297 bulatione
747 5230 1014 5313 spiritus
1053 5229 1203 5306 11101,
1237 5229 1702 5295 confabulabor
1733 5251 1874 5293 cum

369 5329 814 5395 amaritudine
837 5327 1069 5391 animae
1101 5346 1279 5391 meae.

1997 3158 2263 3223 veniens
2288 3157 2677 3233 deducendo,
2696 3156 2819 3218 nisi
2845 3156 2924 3218 de
2949 3156 3057 3217 tali
3083 3175 3296 3219 errore
3318 3176 3487 3219 men·

1999 3259 2086 3321 tio
2113 3258 2330 3339 aliqua
2350 3256 2555 3338 ipsam
2577 3255 3073 3338 disputationem
3099 3254 3311 3316 statim
3335 3274 3485 3337 prae-

1996 3356 2278 3433 cesserit,
2316 3354 2853 3436 quemadmodum
2894 3353 3297 3435 praeallegato
3343 3354 3483 3417 loco
3550 3376 3687 3419 1c0r.
3704 3390 3773 3428 xv,

1995 3476 2124 3537 quo
2159 3453 2499 3537 Apostolus
2530 3452 2623 3515 sic
2661 3452 2891 3532 arguit,
2924 3470 3201 3515 errorem
3236 3471 3479 3529 eorum,
3513 3441 3579 3491 η’
3602 3442 3667 3482 “·

1995 3563 2219 3618 contra
2257 3570 2417 3634 quos
2464 3558 2963 3631 argumentatur,
3004 3560 3479 3629 commemorat,

1998 3670 2271 3733 moxque
2297 3650 2643 3732 impugnat.
2660 3649 2917 3711 Constat
2941 3657 3167 3727 autem,
3186 3651 3356 3731 quod
3380 3668 3487 3711 an-

2002 3760 2061 3814 te
2089 3750 2285 3814 verba
2317 3749 2452 3811 haec
2484 3747 2685 3810 sancti
2714 3747 2850 3823 100,
2885 3747 3065 3809 nulla
3092 3748 3487 3829 praecesscrit

1996 3849 2238 3913 mentio
2268 3849 2347 3911 de
2372 3866 2589 3910 errore
2616 3846 2967 3908 amicorum
2991 3846 3129 3928 ejus
3156 3854 3479 3927 praetacto.

2075 3949 2418 4022 Postremo,
2453 3945 2623 4027 quod
2665 3944 2854 4007 amici
2880 3944 2997 4007 Job
3038 3943 3213 4006 illius
3246 3943 3485 4006 fuerint

1997 4046 2322 4129 opinionis
2344 4054 2535 4126 atque
2554 4043 2809 4119 erroriS,
2832 4042 2960 4105 imo
2990 4041 3289 4124 perfidiae,
3313 4043 3482 4123 quod

2000 4145 2178 4208 nulla
2206 4144 2289 4207 sit
2321 4141 2746 4207 remuneratio
2774 4149 3029 4204 actuum
3059 4141 3483 4203 humanorum

378 4246 614 4329 quenti
646 4244 932 4327 capitulo
963 4244 1202 4320 subdit,
1237 4244 1458 4307 Militia
1498 4253 1594 4307 cst
1621 4246 1752 4308 vita
1783 4247 1888 4309 ho-
1919 4246 1967 4306 D
1998 4252 2141 4325 post
2172 4244 2366 4307 vitam
2396 4242 2582 4316 hanc,
2608 4249 2828 4322 utpote
2858 4240 3028 4323 quod
3059 4239 3273 4301 anima
3302 4240 3485 4302 ratio-

379 4346 586 4408 minis
623 4362 820 4426 super
859 4352 1094 4408 terram
1131 4361 1145 4405 z
1181 4362 1309 4425 quo
1346 4343 1543 4407 verbo
1583 4346 1916 4423 ostendit,·

1997 4342 2161 4405 nalis
2191 4341 2275 4403 sit
2303 4340 2606 4417 mortaliS,
2642 4347 2985 4421 pereatque
3013 4357 3156 4403 cum
3195 4357 3481 4420 corpore,

1998 4460 2400 4523 nequaquam
2439 4440 2713 4514 videtur,
2751 4458 2961 4519 neque
3009 4438 3341 4520 probabile
3390 4458 3488 4500 ar-

1994 4541 2219 4616 bitror,
2268 4557 2637 4621 quanquam
2688 4538 2879 4601 etiam
2928 4536 2989 4599 S.
3042 4536 3313 4599 Thomas
3364 4537 3485 4600 hoc

1993 4640 2162 4702 dicat
2197 4656 2211 4702 ε
2246 4640 2375 4701 1100
2407 4658 2483 4699 ex
2514 4636 2726 4701 verbis
2760 4635 3110 4699 amicorum
3138 4635 3253 4698 Job
3284 4644 3487 4699 osten-

1993 4740 2199 4815 detur,
2253 4738 2420 4819 quod
2472 4743 2825 4819 posuerunt
2873 4735 3151 4797 animam
3202 4733 3482 4797 hominis

1994 4836 2441 4899 immortalem.
2476 4835 2627 4897 Nam
2674 4841 2737 4895 et
2764 4832 3023 4914 Eliphaz
3064 4832 3277 4893 statim
3318 4831 3482 4895 inter

1990 4944 2201 4998 cetera
2228 4935 2307 4997 de
2339 4933 2554 5015 impiis
2584 4932 2867 5013 loquitur
2901 4948 2915 4993 ε
2948 4932 3033 4993 De
3063 4949 3249 4992 mane
3277 4950 3481 5011 usque
3531 4956 3615 4999 101,
3632 4958 3769 5007 w.2⁰-

1989 5034 2065 5095 ad
2105 5052 2436 5114 vesperam
2483 5030 2927 5104 succidentur3
2961 5038 3025 5091 et
3064 5028 3216 5110 quia
3262 5028 3479 5090 nullus

1989 5130 2313 5209 intelligit,
2340 5130 2405 5190 in
2437 5136 2744 5191 aetcrnum
2776 5126 3098 5209 peribunt.
3128 5125 3299 5188 Infra
3328 5144 3479 5207 quo-

1986 5248 2114 5310 que
2153 5228 2396 5309 Sophar
2426 5234 2691 5289 testatur
2726 5242 2739 5285 τ
2777 5224 2933 5286 Luet
2966 5243 3109 5304 quae
3153 5223 3306 5288 fecit
3348 5243 3478 5288 om·
3506 5250 3768 5303 manas,

1988 5327 2114 5405 nia,
2162 5345 2278 5389 nec
2330 5334 2539 5388 tamen
2584 5330 3037 5398 consumetur3
3082 5323 3263 5405 juxta
3309 5322 3477 5385 mul·
3504 5314 3662 5364 ²⁷³⁹·
