4309 6259
307 2312 320 2327 ἲ

75 2342 221 2384 ’zum
247 2346 320 2389 18:

1165 520 1510 567 manuario
1551 520 1611 565 IN
1658 520 1793 566 CAP-
1839 520 1967 566 xvu
2005 519 2132 567 JOB.
2177 539 2257 551 —-
2297 521 2439 567 ΛΒΤ.
2484 522 2680 569 11111

3336 502 3453 566 537

359 689 571 751 rendo
623 692 794 771 quod
843 691 1224 774 temporales
1270 690 1682 757 adversitates
1733 708 1861 754 non
1891 689 1942 751 A
1971 691 2179 753 daeum
2212 690 2401 754 idolis
2434 692 2926 769 sacrificantem,
2958 691 3183 769 doluit,
3219 699 3283 754 et
3311 708 3457 755 con-

359 786 764 869 infliguntur
805 790 930 853 nisi
971 809 1086 873 pro
1138 790 1348 873 culpa,
1404 809 1522 854 nec
1569 790 1862 853 maximae

356 887 488 949 nisi
517 906 637 969 pro
669 874 945 952 maxima
973 890 1184 971 culpa,
1218 898 1282 953 et
1311 909 1386 953 ex
1418 890 1856 971 consequenti,

355 988 540 1067 quod
573 1006 692 1069 ego
722 988 834 1069 qui
867 988 1163 1051 maximis
1205 989 1700 1052 adversitatibus
1732 988 1860 1070 ple-

355 1104 486 1147 nus
540 1104 708 1163 sum,
742 1086 1137 1167 gravissimis
1178 1088 1454 1169 peccatis
1504 1088 1803 1169 subjaceo
1841 1106 1854 1149 :

355 1183 526 1259 haec,
547 1184 834 1265 inquam,
855 1188 1220 1265 asserend0,
1247 1186 1463 1269 posuit
1494 1206 1595 1249 me
1628 1186 1694 1248 in
1724 1205 1861 1267 pro-

355 1282 664 1345 verbium
723 1283 937 1363 vulgi,
994 1284 1083 1347 ita
1141 1293 1212 1347 ut
1269 1285 1564 1366 vulgares
1621 1304 1696 1348 ex
1757 1304 1860 1348 me

355 1379 651 1444 forment
699 1384 1136 1465 proverbium,
1168 1385 1440 1448 dicendo
1476 1402 1488 1446 :
1527 1384 1702 1447 Sicut
1743 1384 1858 1447 Job

353 1478 540 1557 fecit,
577 1481 666 1543 ita
711 1482 987 1564 recepit3
1021 1483 1121 1545 vel
1167 1483 1408 1565 aliquid
1460 1482 1690 1546 simile.
1735 1482 1861 1545 Sic--

351 1599 490 1661 que
523 1579 736 1643 sactus
768 1601 912 1644 sum
944 1582 1304 1665 exemplum
1338 1590 1400 1645 et
1424 1582 1630 1645 forma
1661 1583 1858 1645 male-

353 1679 621 1741 dicendi
654 1680 872 1757 alicui,
909 1681 997 1743 ita
1035 1689 1108 1743 ut
1137 1682 1352 1745 dicant
1389 1700 1402 1743 :
1438 1681 1697 1744 Accidat
1741 1680 1856 1743 tibi

351 1776 532 1839 sicut
558 1777 793 1841 accidit
819 1778 1073 1842 Job.Sic
1103 1789 1314 1842 autem
1346 1779 1588 1861 justum
1619 1798 1857 1860 ponere

1969 798 2369 853 tremuerunt
2400 810 2581 854 renes
2612 792 2769 873 ejus,

2050 892 2415 967 Stupebunt
2430 891 2608 967 justi
2633 912 2825 969 super
2854 894 2989 961 hoc,
3025 890 3089 951 id
3120 896 3237 966 est,
3274 889 3457 955 vehe-

1969 994 2217 1049 menter
2277 988 2758 1050 admirabuntur
2806 989 2885 1051 de
2944 988 3457 1070 supplantatione

1969 1085 2258 1149 veritatis
2306 1094 2369 1149 et
2417 1086 2756 1168 aequitatiS‚
2793 1096 2853 1150 et
2894 1086 3245 1149 amicorum
3288 1104 3457 1148 meo-

1969 1204 2110 1247 rum
2143 1185 2465 1267 erroribus
2490 1209 2504 1260 ;
2529 1196 2586 1247 ει
2618 1189 2946 1255 invocem,
2969 1186 3031 1248 id
3062 1193 3157 1247 est
3187 1185 3459 1266 simplex

1968 1291 2031 1345 et
2075 1303 2273 1364 purus
2304 1284 2434 1346 veri
2474 1292 2537 1348 et
2581 1284 2747 1365 aequi
2790 1293 3054 1361 amator,
3089 1294 3311 1345 contra
3342 1287 3458 1360 hy-

1957 1385 2283 1459 pocritam
2329 1385 2769 1453 suscitabitur,
2813 1383 2877 1445 id
2926 1391 3043 1459 est,
3096 1382 3311 1445 animo
3362 1382 3457 1443 in-

1969 1480 2407 1543 flammabitur
2456 1490 2677 1545 contra
2733 1483 3059 1546 hominem
3122 1482 3345 1545 fictum
3394 1490 3457 1545 et

1971 1578 2469 1657 fraudulentum,
2506 1581 2619 1662 qui
2656 1582 2774 1643 sub
2808 1582 3019 1663 specie
3049 1581 3335 1643 veritatis
3366 1590 3456 1643 at-

1969 1696 2094 1758 que
2140 1678 2404 1759 justitiae
2462 1680 2549 1742 ita
2598 1681 2929 1743 veritatem
2980 1689 3043 1743 et
3090 1679 3454 1760 aequitatem

1969 1776 2301 1839 subvertit.
2337 1778 2481 1841 Ideo
2532 1778 2687 1841 dicit
2736 1778 3067 1841 Psalmista
3102 1799 3115 1843 :
3152 1778 3455 1841 innocen·
3482 1801 3750 1853 Panna«.

353 1876 426 1937 in
481 1876 898 1958 proverbium
948 1887 1010 1941 et
1059 1878 1445 1960 exemplum,
1485 1887 1580 1941 est
1619 1879 1854 1959 grande
1895 1880 1940 1941 B
1968 1882 2060 1937 tes
2093 1882 2154 1937 et
2188 1875 2338 1937 recti
2372 1876 2771 1939 adhaeserunt
2802 1876 3151 1958 mihi,quia
3180 1875 3455 1938 sustinui

353 1983 722 2056 peccatum,
758 1994 876 2038 nec
917 1974 1062 2039 fieri
1106 1977 1295 2039 debet
1346 1977 1468 2039 nisi
1512 1976 1858 2059 peccatori-

353 2073 482 2135 bus
531 2073 852 2135 maximiS.
887 2074 1089 2152 Unde,
1125 2094 1240 2157 per
1275 2076 1609 2139 Jeremiam
1654 2075 1858 2138 Domi-

353 2192 484 2235 nus
517 2172 948 2235 comminatur
989 2173 1358 2255 frequenter
1387 2174 1726 2237 obstinatis
1755 2174 1859 2235 Ju-

235 2294 302 2321 ¹¹v
353 2272 518 2333 daeis
570 2288 584 2331 :
627 2271 802 2333 Dabo
847 2290 955 2335 eos
1007 2272 1074 2333 in
1124 2272 1637 2335 maledictionem
1685 2280 1750 2335 et
1789 2272 1857 2334 in

75 2415 138 2443 m
212 2418 306 2445 m,
355 2368 802 2451 proverbium,
847 2379 910 2431 et
947 2370 1013 2431 in
1054 2370 1414 2452 exemplum
1445 2378 1508 2434 et
1539 2371 1604 2432 in
1645 2380 1860 2452 stupo-

75 2438 320 2517 tatinum:

73 2531 130 2571 ³⁹.

77 2974 150 3018 Ιοὸ
161 2990 238 3027 xvi,
251 2982 318 3022 Π.

88 3172 194 3217 laid.
209 3189 262 3223 vi.
275 3178 318 3219 4.

77 3558 98 3599 1
101 3558 179 3602 bid.
192 3565 316 3611 uus.

89 5282 102 5323 l
117 5284 256 5331 flach.
271 5302 316 5339 ιι,

73 5348 132 5397 2³.
155 5350 218 5391 24.

352 2486 494 2529 rem
539 2466 844 2529 omnibus
883 2468 1096 2547 regnis
1141 2476 1342 2531 terrae.

426 2568 760 2643 Palz'qavit
780 2570 870 2626 ad
889 2570 1410 2644 2'ndi9nationem
1425 2573 1647 2629 oculus
1668 2590 1856 2637 meus,

352 2665 420 2727 id
470 2672 593 2740 est,
618 2682 694 2727 ex
738 2684 930 2747 poena
971 2665 1130 2727 mihi
1181 2664 1456 2743 inflicta,
1490 2685 1632 2747 quae
1675 2667 1858 2749 quasi

351 2761 722 2842 indignatio
763 2762 878 2825 Dei
923 2772 1145 2825 contra
1187 2782 1289 2826 me
1335 2772 1683 2846 reputatur,
1719 2783 1861 2828 ocu-

351 2860 460 2922 lus
509 2880 694 2923 meus
743 2860 836 2923 sic
886 2859 1092 2937 flevit,
1143 2862 1311 2941 quod
1363 2861 1684 2943 caligavit.
1733 2863 1860 2925 Hoc

350 2968 454 3022 est
500 2959 672 3040 quod
726 2959 1112 3040 praecedenti
1157 2960 1317 3022 dixit
1358 2960 1640 3042 capitulo
1677 2981 1688 3025 :
1725 2961 1860 3023 Pal—

1971 1981 2051 2035 te.
2096 1973 2198 2037 Sic
2260 1973 2445 2037 tertio
2504 1976 2761 2055 Regum,
2798 1975 3086 2038 Michaeas
3146 1975 3457 2058 propheta

1969 2081 2189 2135 contra
2218 2074 2460 2155 pseudo
2490 2092 2855 2149 succensuS,
2883 2074 3038 2137 dicit
3076 2074 3153 2136 ad
3183 2073 3399 2135 Achab
3437 2090 3451 2133 ε

1967 2171 2271 2233 Dominus
2316 2172 2491 2234 dedit
2538 2172 2833 2253 spiritum
2880 2172 3195 2235 mendacii
3241 2172 3306 2233 in
3346 2190 3455 2235 ore
3485 2196 3749 2253 utaequa,

1967 2270 2256 2333 omnium
2288 2271 2739 2352 prophetarum
2782 2278 3057 2335 tuorum.
3094 2270 3455 2333 Similitudo
3484 2262 3551 2303 ²³·

1971 2368 2139 2430 enim
2194 2376 2253 2429 et
2312 2386 2489 2431 amor
2546 2369 3073 2451 complacentiam
3126 2369 3451 2450 gignunt;

1969 2466 2427 2529 dissimilitudo
2484 2486 2633 2531 vero
2700 2476 2763 2531 et
2829 2468 3047 2531 odium
3112 2467 3458 2548 displicen-

1971 2565 2124 2627 tiam
2178 2565 2612 2628 introducunt..
2648 2565 2885 2628 Idcirco
2934 2584 3131 2646 purus
3170 2565 3455 2628 veritatis

1971 2673 2032 2725 et
2086 2664 2407 2745 {equitatis
2464 2671 2727 2740 amator,
2780 2672 2997 2727 eontra
3056 2664 3455 2747 hypocritam

1971 2763 2241 2844 ejusque
2288 2761 2597 2825 falsitates
2636 2762 3103 2845 displicentiam
3151 2762 3451 2845 concipit,

1971 2870 2034 2923 et
2069 2860 2327 2923 resistit.

2051 2963 2135 3021 Ec
2179 2961 2407 3020 tenebit
2435 2962 2660 3037 justus
2695 2961 2871 3019 viam
2900 2980 3115 3028 suam,
3153 2959 3215 3021 id
3260 2967 3377 3036 est,
3421 2977 3472 3020 a·

351 3057 576 3140 pebrae
621 3076 780 3120 meae
818 3058 1278 3138 caligaverunt.
1307 3059 1407 3121 Sic
1453 3077 1710 3140 quoque
1757 3080 1860 3123 su-
1895 3064 1937 3127 C
1971 3058 2351 3120 rectitudine
2382 3056 2699 3138 aequitatis
2736 3065 2799 3119 et
2828 3058 3115 3120 veritatis
3149 3056 3462 3120 defensio-

353 3156 581 3239 perius
638 3156 729 3218 ait
776 3156 892 3219 Job
950 3174 963 3218 :
1017 3156 1272 3238 Sagittae
1321 3157 1574 3220 Domini
1637 3158 1701 3220 in
1757 3178 1859 3221 me

352 3263 532 3331 sunt,
585 3273 856 3335 quarum
909 3255 1264 3335 indignatio
1310 3256 1512 3318 ebibit
1563 3257 1856 3338 spiritum

349 3372 598 3415 meum.
636 3356 721 3415 Et
751 3356 1035 3413 membra
1071 3374 1208 3415 mea
1239 3357 1428 3435 quasi
1467 3356 1536 3415 in
1567 3358 1857 3415 nihilum

349 3455 624 3512 redacta
670 3461 846 3512 sunt.
900 3451 1028 3513 Hoc
1089 3459 1185 3513 est
1243 3452 1412 3533 quod
1473 3453 1853 3533 praecedenti

351 3549 644 3632 capitulo
692 3549 856 3611 dixit
907 3566 921 3610 :
974 3550 1042 3611 ln
1095 3549 1370 3611 nihilum
1427 3551 1662 3613 redacti
1707 3560 1855 3614 sunt

349 3668 582 3712 omues
615 3656 794 3710 artus
823 3647 1163 3721 mei.Quod
1197 3648 1286 3710 ibi
1320 3649 1472 3711 satis
1505 3668 1646 3713 reor
1667 3669 1856 3732 expo-

351 3746 866 3809 situm.Thomas
903 3747 1162 3827 exponit
1193 3747 1326 3809 haec
1357 3748 1802 3825 aliter‚dicens
1835 3766 1848 3809 :

349 3848 448 3909 Ad
479 3845 691 3909 zelum
723 3846 1044 3925 justorum
1085 3845 1384 3927 pertinet,
1423 3855 1643 3910 contra
1685 3847 1855 3909 falsi-

351 3953 550 4007 tatem
603 3950 666 4005 et
716 3942 1098 4024 injustitiam
1153 3944 1495 4025 indignari.
1549 3946 1692 4009 ldeo
1739 3946 1854 4009 Job

350 4050 578 4107 cont-ra
638 4060 888 4106 errores
947 4043 1299 4106 amicorum
1361 4061 1623 4106 suorum
1686 4044 1852 4107 indi-

349 4161 582 4224 gnanS,
621 4140 926 4204 disseruit
972 4159 985 4203 :
1032 4142 1360 4222 Caligavit‚
1397 4142 1460 4203 id
1494 4151 1610 4219 est,
1649 4143 1854 4205 turba-

353 4248 457 4302 tus
479 4248 576 4303 est
609 4240 690 4301 ad
724 4239 1230 4320 indignationem
1262 4238 1851 4321 praefatam,oeulus
1881 4240 1932 4301 D
1962 4242 2028 4303 bi
2065 4259 2078 4303 :
2113 4242 2257 4304 Haec
2288 4241 2433 4321 via3
2474 4240 2795 4303 ambulate
2840 4240 2904 4301 in
2946 4258 3039 4317 ea,
3084 4248 3147 4303 et
3180 4258 3306 4303 non
3348 4241 3453 4303 de·
3508 4260 3744 4309 midan,

351 4358 536 4402 meus
577 4338 870 4414 interior,
906 4338 972 4400 id
1021 4347 1117 4401 est
1157 4339 1318 4401 ratio
1360 4339 1583 4401 videns
1624 4339 1854 4402 verita—

347 4447 482 4501 tem
534 4437 957 4519 suppeditari.
1004 4437 1098 4499 Ira
1145 4437 1386 4520 quippe
1435 4457 1550 4520 per
1598 4438 1846 4515 vitium,

349 4536 670 4599 rationem
701 4543 1006 4609 excaecat3
1041 4537 1150 4598 sed
1183 4536 1275 4598 ira
1297 4555 1411 4617 per
1440 4536 1666 4613 zelum,
1687 4537 1852 4600 hanc

350 4634 591 4711 turbat,
631 4634 850 4695 lumen
885 4632 1148 4695 rationis
1179 4633 1544 4716 aliqualiter
1581 4634 1853 4698 obnubi-

348 4732 566 4809 lando,
605 4732 694 4793 ita
724 4732 898 4812 quod
939 4730 1124 4813 quasi
1165 4732 1417 4811 caligat.
1461 4732 1536 4793 Et
1567 4733 1853 4796 membra

345 4851 492 4895 mea
530 4830 719 4913 quasi
757 4830 824 4891 in
857 4829 1134 4891 nihilum
1167 4831 1420 4893 redacta
1451 4838 1621 4893 sunt.
1657 4830 1853 4895 Vehe-

348 4938 602 4992 mentes
653 4927 828 4991 enim
870 4927 1100 4990 animae
1151 4927 1504 5009 passioneS,
1541 4938 1610 4990 ut
1656 4929 1752 4991 ira
1790 4939 1853 4993 et

345 5028 736 5107 indignatio,
769 5025 956 5088 valde
1001 5027 1361 5089 redundant
1401 5026 1465 5088 in
1498 5046 1752 5109 corpuS,
1789 5038 1852 5091 et

345 5126 404 5187 si
450 5144 686 5207 corpus
735 5125 820 5187 sit
859 5123 1092 5199 debile,
1131 5124 1289 5186 illud
1341 5124 1522 5205 quasi
1571 5124 1851 5189 deficere

349 5222 618 5287 faciunt.
663 5222 844 5285 Unde
893 5222 1101 5303 primo
1141 5222 1636 5285 Machabaeorum
1686 5223 1848 5286 libro

344 5322 757 5399 describitur,
793 5322 966 5403 quod
1017 5320 1388 5383 Mathathias
1437 5340 1704 5385 cernens
1744 5322 1850 5383 Ju-

1970 3175 2049 3218 ne
2078 3156 2377 3238 justaque
2416 3154 2897 3218 conversatione
2941 3173 3066 3218 non
3114 3156 3461 3219 declinabit

1967 3274 2185 3317 amore
2244 3264 2352 3317 aut
2408 3255 2555 3318 odio
2605 3254 2705 3317 vel
2765 3254 2960 3316 simili
3014 3255 3337 3336 passione,
3391 3255 3458 3316 in

1966 3360 2277 3435 quantum
2309 3353 2519 3434 justus
2554 3374 2567 3417 :
2604 3352 2896 3433 quamvis
2928 3372 3002 3415 ex
3033 3353 3311 3415 humana
3343 3352 3459 3415 fra-

1965 3451 2213 3533 gilitate
2243 3452 2445 3534 possit
2474 3450 2777 3527 del'icere,
2801 3451 3245 3532 justitiamque
3276 3450 3458 3514 amit-

1963 3558 2209 3631 tere,·et
2240 3570 2307 3613 se
2339 3550 2587 3613 veritati
2620 3567 2965 3631 opponere.
2988 3550 3149 3611 Justi
3181 3570 3456 3631 namque
3530 3532 3553 3553 ‘

1965 3659 2059 3711 est
2099 3649 2273 3728 regia
2303 3650 2405 3713 via
2450 3649 2765 3724 incedere,
2800 3648 2969 3711 bono
3013 3649 3317 3711 tenaciter
3347 3650 3455 3712 ad-
3510 3673 3747 3722 Numm.

1963 3748 2225 3825 haerere,
2260 3756 2323 3811 et
2367 3767 2575 3828 neque
2624 3748 2700 3810 ad
2749 3747 3073 3809 dexteram
3116 3766 3323 3827 neque
3371 3748 3449 3808 ad
3482 3738 3551 3777 ²²·

1963 3846 2290 3909 sinistram
2324 3846 2661 3923 divertere,
2696 3845 2849 3927 quia
2880 3845 2958 3907 de
2991 3846 3233 3907 ratione
3273 3845 3453 3927 justi-

1967 3945 2067 4007 tiae
2097 3954 2193 4007 est
2225 3944 2908 4027 rectitudo.Propterea
2937 3943 3125 4005 Isaias
3156 3943 3399 4006 inducit
3434 3961 3447 4004 :

1964 4043 2200 4106 Semita
2246 4043 2399 4125 justi
2446 4050 2616 4105 recta
2664 4050 2779 4120 est,
2816 4048 3025 4104 rectus
3074 4041 3254 4104 callis
3295 4042 3449 4123 justi
3494 4063 3737 4111 1·.x=v·,·1.

1960 4143 2038 4204 ad
2071 4142 2549 4204 ambulandum.
2592 4141 2679 4204 De
2719 4159 2845 4222 qua
2884 4141 2989 4203 via
3028 4140 3311 4222 loquitur
3348 4140 3453 4202 ali-

1963 4339 2216 4404 clinetis
2260 4359 2469 4421 neque
2512 4340 2587 4402 ad
2630 4341 2951 4403 dexteram
3003 4358 3211 4419 neque
3254 4340 3330 4402 ad
3371 4339 3455 4401 si·
3482 4327 3549 4367 2¹·

1963 4439 2247 4501 nistram.
2265 4438 2519 4499 Justitia
2538 4456 2688 4517 ergo
2712 4438 2854 4517 figit
2874 4444 3149 4501 mentem
3176 4436 3239 4500 in
3262 4437 3448 4501 bono,

1961 4538 2231 4618 Ideoque
2263 4536 2329 4598 in
2350 4536 2703 4599 Proverbiis
2734 4536 2966 4599 dicitur
2992 4537 3241 4600 :Justus
3272 4536 3454 4617 quasi
3483 4558 3744 4607 emanas.

1963 4634 2449 4697 fundamentum
2483 4644 2809 4697 aeternum.

2043 4737 2128 4795 Ec
2149 4736 2414 4795 mundis
2438 4736 2735 4795 manibus
2756 4737 2948 4794 addet
2968 4736 3448 4810 fortitudinem.

1963 4832 2026 4895 Si
2059 4833 2230 4913 quod
2258 4832 2363 4909 ait,
2389 4831 2636 4893 Mundis
2666 4830 2985 4907 manibus,
3006 4831 3087 4892 sit
3117 4832 3315 4893 dativi
3354 4850 3455 4894 ca-

1961 4949 2092 5005 suS,
2130 4948 2355 4992 sensus
2384 4938 2501 5003 est,
2540 4929 2712 5010 quod
2740 4930 2951 5010 justus
2988 4928 3245 5007 augebit
3276 4928 3455 4992 forti-

1960 5028 2247 5091 tudinem
2281 5046 2521 5103 eorum‚
2549 5027 2661 5108 qui
2708 5027 3087 5089 mundarum
3130 5036 3279 5089 sunt
3326 5047 3453 5089 ma-

1961 5145 2182 5201 nuum,
2210 5125 2272 5185 id
2305 5134 2399 5186 est
2422 5123 2924 5186 conversationis
2956 5124 3241 5186 sincerae.
3268 5124 3451 5187 Tales

1959 5223 2195 5286 etenim
2230 5222 2440 5302 diligit
2480 5230 2541 5283 et
2572 5220 2891 5283 confortat
2924 5221 3291 5285 adsistendo
3332 5241 3449 5304 pro

1956 5319 2228 5395 viribus,
2251 5319 2428 5401 juxta
2479 5318 2638 5381 illud
2686 5317 3114 5381 Ecclesiastici
3165 5337 3178 5381 :
3228 5318 3447 5383 Omnis
3479 5280 3744 5386 ἕψω
