4309 6259
100 799 193 840 Gen.
204 811 316 846 nm,

79 863 113 909 Ξ,
132 863 189 902 10.

100 1089 235 1140 Luca,
252 1093 317 1142 19,

134 2769 269 2813 Εεεὶἰ.

82 2846 195 2884 unu,
214 2837 279 2877 25.

915 513 1268 559 mannum
1308 513 1371 558 IN
1415 513 1553 559 cAP.
1598 510 1686 558 XX
1725 511 1884 557 LIBRI
1924 509 2149 566 QUARTl
2189 511 2413 559 REGUM.
2459 533 2540 543 --
2580 516 2724 561 ΛΒΤ.
2769 514 2902 562 xxu

3368 497 3445 560 77

348 682 565 762 signat
592 701 709 765 per
727 702 948 766 parva,
981 683 1327 766 aliquando
1356 702 1553 765 parva
1582 703 1697 766 per
1728 702 1853 745 ma·
1879 681 1931 744 A
2038 684 2292 760 Deinde,
2315 686 2662 748 secundum
2693 686 3004 749 motivum
3035 686 3236 750 Rabbi
3268 686 3445 750 Pauli

347 799 519 861 gna3
572 781 687 863 qui
734 781 1229 844 denuntiaturus
1260 781 1526 844 Abrahae
1558 783 1853 845 nativita-

349 889 483 942 tem
501 880 696 957 Isaac,
722 880 901 942 misit
922 880 1001 943 ad
1023 900 1170 944 eum
1196 888 1322 943 tres
1344 880 1623 960 angeIOS,
1644 900 1853 963 quam-

346 979 449 1040 vis
484 998 651 1041 unus
672 978 935 1041 illorum
961 979 1210 1042 dicatur
1238 980 1317 1041 ad
1348 978 1469 1042 hoc
1492 979 1853 1061 specialiter

348 1077 633 1152 missus3
670 1077 783 1158 qui
826 1078 1017 1140 etiam
1071 1096 1185 1159 per
1225 1079 1517 1141 eumdem
1557 1078 1852 1158 angelum

348 1176 817 1262 praenuntiavit
855 1177 1253 1240 nativitatem
1292 1176 1645 1240 beatissimi
1671 1177 1855 1240 Joan-

346 1275 457 1336 nis
488 1275 813 1357 Baptistae,
846 1284 910 1340 et
945 1275 1448 1338 incarnationem
1492 1276 1591 1338 sui
1623 1275 1849 1357 ipsius,

344 1373 426 1434 Et
450 1381 664 1437 tamen
683 1383 900 1437 contra
919 1375 1037 1437 hoc
1058 1391 1319 1453 arguere
1339 1383 1551 1457 posset
1571 1374 1856 1437 humanae

347 1471 769 1535 imbecillitas
800 1472 1088 1549 rationis,
1114 1473 1285 1554 quod
1313 1473 1393 1534 ad
1423 1470 1854 1554 praenuntian-

346 1571 511 1632 dum
563 1571 963 1634 nativitatem
1016 1571 1183 1635 servi
1233 1588 1361 1633 non
1410 1571 1854 1652 requirebatur

347 1670 627 1732 nuntius
652 1677 778 1732 tam
801 1670 1121 1748 sublimis,
1144 1668 1311 1732 sicut
1330 1670 1407 1732 ad
1431 1669 1855 1751 praenuntian-

344 1770 499 1831 dum
518 1769 1021 1832 incarnationem
1046 1769 1568 1851 nativitatemque
1586 1768 1847 1832 Domini.

1960 783 2137 846 nullo
2169 782 2434 846 fulcitur
2464 783 2700 863 vigore,
2720 785 2872 847 dum
2901 784 3077 874 dicit,
3102 785 3275 866 quod
3307 785 3447 846 nul-

1960 881 2059 943 lus
2090 873 2552 962 astrologorum
2582 892 2691 945 aut
2721 901 2938 963 regum
2959 883 3060 946 vel
3082 883 3446 966 principum

1959 980 2297 1062 descripsit
2337 981 2493 1043 illud
2538 990 2662 1044 tam
2695 980 2987 1044 mirabile
3016 980 3275 1045 factum.
3309 983 3450 1045 Cer-

1960 1088 2093 1142 tum
2126 1089 2223 1144 est
2252 1078 2425 1143 enim
2456 1099 2533 1142 ex
2564 1078 2887 1163 Scriptura
2916 1081 3242 1159 canonica,
3277 1080 3449 1163 quod

1963 1200 2071 1242 rex
2099 1188 2163 1242 et
2192 1179 2493 1260 astrologi
2523 1179 2958 1242 Chaldaeorum
2995 1181 3074 1244 de
3115 1180 3226 1243 illo
3264 1180 3450 1243 mira-

1960 1276 2077 1339 bili
2109 1278 2276 1341 facto
2312 1277 2548 1340 fuerint
2579 1278 2872 1340 admirati
2912 1298 2984 1342 ac
3022 1280 3442 1361 perscrutati3

1964 1375 2228 1457 ipseque
2270 1394 2378 1437 rex
2421 1375 2914 1458 Babyloniorum
2960 1376 3135 1440 misit
3177 1378 3256 1440 ad
3299 1378 3449 1440 Eze-

1962 1473 2172 1536 chiam
2210 1474 2287 1535 ad
2328 1472 2848 1554 interrogandum
2880 1475 2958 1537 de
2989 1475 3100 1537 illo
3131 1476 3444 1558 prodigiO,

1962 1579 2031 1632 ut
2053 1569 2221 1632 infra
2242 1578 2544 1650 tangetur,
2561 1576 2624 1634 et
2644 1573 2920 1635 secundo
2932 1572 3449 1655 Paralipomenon
3531 1593 3566 1637 11
3597 1595 3708 1640 Par.

1962 1668 2300 1732 manifeste
2347 1669 2638 1732 habetur.
2682 1669 2918 1734 Idcirco
2961 1671 3292 1753 probabile
3330 1683 3447 1751 est,
3479 1669 3605 1708 ’‘¹¹¹'‘
3633 1661 3698 1702 ³¹·

1961 1769 2130 1849 quod
2179 1767 2370 1830 etiam
2431 1766 2701 1830 aliarum
2751 1769 3036 1850 gentium
3085 1770 3452 1854 philosophi

430 1867 747 1950 Amplius,
772 1867 1157 1930 miraculum
1188 1867 1346 1929 illud
1379 1875 1505 1930 tam
1531 1885 1850 1929 summum
1888 1870 1935 1933 B
1962 1875 2150 1948 atque
2175 1866 2476 1947 astrologi
2509 1866 2657 1929 inde
2687 1868 2948 1930 scrutati
2980 1869 3123 1946 sint,
3145 1879 3208 1933 et
3239 1869 3454 1934 forsan

349 1986 485 2030 non
518 1965 677 2028 fecit
696 1965 1111 2048 Omnipotens
1144 1966 1351 2029 solum
1380 1966 1460 2028 ad
1492 1965 1853 2028 certifican-

347 2066 508 2127 dum
540 2064 881 2127 Ezechiam
913 2065 993 2126 de
1023 2083 1135 2126 sua
1162 2063 1493 2127 curatione
1532 2073 1722 2145 atque
1752 2083 1851 2127 as-

348 2183 553 2227 censu
589 2162 657 2226 in
687 2163 999 2245 templum
1036 2162 1203 2225 :imo
1236 2164 1581 2225 secundum
1617 2163 1856 2245 exposi-

348 2271 527 2326 tores
549 2262 925 2337 catholicoS,
944 2261 1243 2324 Ezechias
1273 2279 1401 2324 non
1435 2261 1666 2342 petivit
1695 2261 1854 2323 illud

348 2361 745 2424 miraculum
777 2379 853 2422 ex
884 2359 1281 2423 dubitatione
1310 2369 1421 2422 aut
1456 2359 1851 2438 diffidentia,

346 2460 509 2541 quia
539 2459 939 2522 certissimus
973 2458 1092 2521 fuit
1120 2459 1200 2522 de
1230 2458 1497 2523 veritate
1517 2459 1855 2523 verborum

348 2557 753 2620 sanctissimi
794 2557 969 2620 Isaiae
1006 2557 1357 2640 prophetae,
1390 2576 1427 2619 a
1470 2575 1599 2638 quo
1637 2557 1857 2620 multis

346 2656 547 2719 annis
593 2654 721 2718 fuit
762 2655 1110 2718 instructus
1147 2663 1254 2717 aut
1293 2655 1649 2733 institutuS,
1681 2657 1859 2738 juxta

348 2753 522 2816 illud
570 2753 1002 2816 Ecclesiastici
1054 2771 1067 2815 ε
1113 2753 1407 2816 Ezechias
1448 2752 1698 2817 fortiter
1742 2754 1860 2817 ivit

350 2852 423 2914 in
456 2852 565 2916 via
596 2852 795 2916 David
826 2853 1023 2934 patris
1054 2851 1385 2933 sui,quam
1414 2851 1742 2916 mandavit
1762 2851 1858 2915 illi

346 2952 553 3014 Isaias
586 2949 929 3033 prophe'ta3
960 2951 1271 3033 Iosephus
1300 2969 1559 3032 quoque
1598 2949 1854 3026 fatetur,

1960 1965 2382 2047 scripserunt3
2407 1973 2630 2046 estque
2650 1984 2912 2047 prorsus
2935 1967 3269 2046 incertum,
3283 1970 3456 2051 quod

1961 2063 2176 2126 nullus
2216 2063 2473 2126 illorum
2516 2063 2844 2145 scripserit
2875 2064 3044 2128 inde.
3081 2065 3204 2130 Nec
3237 2075 3450 2130 tamen

1960 2162 2216 2238 mirum,
2252 2162 2306 2223 si
2351 2180 2479 2224 non
2523 2161 2798 2224 multum
2844 2162 2992 2227 inde
3031 2165 3452 2247 scripserunt,

1962 2260 2114 2342 quia
2161 2259 2538 2323 miraculum
2589 2259 2749 2321 illud
2799 2259 2923 2322 fuit
2966 2262 3444 2342 reprobativum

1964 2357 2436 2440 superstitionis
2467 2377 2540 2420 ac
2571 2356 2974 2421 infidelitatis
3007 2378 3250 2438 eorum,
3271 2371 3334 2424 et
3355 2380 3461 2444 ap-

1962 2457 2368 2539 probativum
2391 2456 2548 2536 legis
2571 2456 2856 2520 Mosaicae
2874 2475 3069 2538 quam
3093 2459 3453 2523 horrebant.
3479 2507 3486 2514 .

2044 2555 2375 2637 DeincepS‚
2410 2557 2582 2637 quod
2621 2555 2821 2618 Rabbi
2862 2556 3092 2620 Paulus
3125 2559 3214 2620 ait
3243 2577 3456 2640 regem

1964 2654 2300 2737 Babylonis
2340 2663 2402 2717 et
2439 2673 2587 2718 suos
2625 2653 2946 2736 sapientes
2988 2674 3116 2719 non
3157 2657 3460 2722 habuisse

1964 2773 2219 2816 causam
2249 2762 2602 2833 cogentem,
2634 2753 2714 2816 ad
2743 2754 3131 2817 credendum
3161 2757 3332 2838 quod
3388 2758 3463 2820 il-

1967 2853 2075 2914 lud
2096 2852 2476 2915 miraculum
2500 2851 2803 2915 acciderit
2822 2861 3083 2935 propter
3103 2854 3454 2934 Ezechiam,

1965 2968 2094 3013 non
2126 2960 2223 3014 est
2250 2969 2529 3031 congrue
2560 2950 2822 3013 dictum.
2845 2951 2972 3014 Hoc
2998 2952 3234 3016 etenim
3264 2956 3463 3018 credi-

348 3051 532 3132 quod
565 3049 867 3113 Ezechias
898 3049 965 3112 in
1000 3049 1301 3114 omnibus
1341 3049 1615 3112 credidit
1644 3049 1853 3127 lsaiae3
1892 3049 1935 3113 C
1965 3050 2198 3112 derunt
2217 3069 2291 3112 ex
2315 3049 2802 3112 rationabilibus
2824 3050 3046 3113 causis.
3067 3051 3460 3135 Primo,quo—

348 3151 471 3212 sed
510 3149 701 3231 petiit
734 3150 987 3229 signum
1026 3168 1104 3212 ex
1140 3148 1537 3212 confidentia
1577 3157 1643 3212 et
1678 3149 1858 3212 fami-

348 3247 639 3310 liaritate
668 3249 745 3310 ad
775 3247 1141 3326 Deum‚imo
1173 3267 1249 3311 ex
1279 3247 1587 3310 instinctu
1609 3247 1851 3328 divino,

346 3347 514 3428 quia
554 3347 655 3409 vir
699 3356 837 3410 erat
881 3346 1175 3409 heroicus
1217 3365 1289 3409 ac
1327 3345 1439 3408 Dei
1480 3348 1745 3411 amicus.
1779 3349 1856 3411 Et

347 3445 525 3508 Deus
545 3444 899 3508 altissimus
922 3453 1159 3508 tantum
1181 3445 1425 3527 peregit
1447 3445 1851 3511 miraculum:

346 3543 595 3620 Primo,
632 3562 750 3627 pro
798 3543 1027 3626 majori
1066 3543 1349 3606 Ezechiae
1390 3543 1854 3609 certificatione

347 3651 414 3705 et
457 3642 925 3706 consolatione.
971 3641 1283 3718 Secundo,
1329 3660 1445 3728 pro
1488 3663 1619 3706 suae
1660 3645 1855 3727 maje-

346 3741 541 3804 statis
583 3741 913 3804 immensae
948 3739 1442 3821 glorificatione,
1478 3762 1607 3806 non
1647 3744 1853 3807 solum

346 3842 527 3904 inter
556 3841 827 3918 Judaeos‚
864 3841 971 3904 sed
1003 3841 1193 3904 etiam
1228 3841 1393 3904 inter
1421 3843 1713 3922 gentiles
1738 3843 1857 3906 Un-

347 3941 429 4004 de
480 3959 559 4002 ex
604 3948 731 4004 tam
779 3939 1085 4022 praeclaro
1129 3939 1422 4022 prodigio
1455 3939 1855 4020 glorificatus

345 4047 446 4103 est
495 4039 663 4102 Deus
708 4038 877 4100 inter
918 4037 1244 4100 Chaldaeos
1290 4057 1363 4101 ac
1408 4038 1564 4100 alias
1608 4048 1851 4120 gentes,

347 4137 594 4212 Tertio,
630 4155 749 4219 pro
778 4135 1223 4199 universorum
1258 4133 1549 4197 fidelium
1582 4135 1857 4199 aedifica-

1967 3149 2137 3210 niam
2171 3149 2412 3212 nullam
2451 3149 2645 3211 aliam
2684 3167 2940 3212 causam
2981 3150 3141 3213 tanti
3174 3152 3452 3234 prodigii

1963 3257 2257 3330 poterant
2286 3248 2575 3312 invenire
2607 3266 2816 3329 neque
2847 3249 3197 3330 percipere.
3223 3251 3453 3315 Secun-

1963 3347 2065 3424 do,
2114 3346 2418 3428 quoniam
2458 3353 2604 3409 ante
2647 3345 2816 3408 istud
2855 3347 3238 3410 miraculum
3283 3348 3452 3413 facta

1965 3445 2088 3508 fuit
2117 3445 2352 3509 occisio
2383 3444 2694 3507 exercitus
2723 3446 3125 3529 Assyriorum
3161 3449 3452 3513 miranda
3481 3473 3744 3532 ινιῐαμιι,

1962 3552 2025 3606 et
2055 3542 2554 3625 supernaturalis
2585 3543 2651 3605 in
2683 3562 2878 3626 regno
2909 3545 3212 3624 Ezechiae,
3243 3555 3313 3610 ut
3344 3567 3452 3630 pa·
3480 3539 3546 3582 ³⁵·

1961 3649 2053 3704 tet
2082 3642 2203 3704 hoc
2233 3641 2435 3718 libro;
2479 3650 2540 3705 et
2581 3660 2656 3704 ex
2695 3641 2806 3704 illa
2843 3642 3245 3727 Assyriorum
3285 3647 3451 3710 occi-

1964 3740 2142 3804 sione
2163 3738 2286 3802 fuit
2305 3739 2601 3803 Ezechias
2623 3759 2834 3804 coram
2865 3744 3112 3806 cunctis
3142 3745 3448 3809 exaltatus
3531 3767 3568 3811 u
3595 3768 3708 3815 Par.

1963 3859 2036 3903 ac
2058 3847 2402 3922 reputatus,
2422 3849 2610 3921 prout
2629 3841 2907 3903 secundo
2925 3840 3448 3924 Paralipomenon
3477 3845 3604 3884 '‘¹³¹'’
3631 3835 3698 3876 ²³‘

1962 3937 2314 4002 clarissime
2346 3938 2598 4001 dicitur.
2632 3937 2924 4018 Undique
2965 3958 3238 4021 namque
3268 3942 3452 4007 inno-

1964 4036 2105 4113 tuit,
2140 4045 2401 4118 propter
2437 4035 2718 4099 Ezechiae
2758 4034 3198 4101 defensionem
3245 4059 3282 4102 a
3326 4042 3451 4105 Deo

1962 4135 2102 4215 ejus
2133 4135 2197 4197 id
2228 4153 2366 4196 esse
2396 4141 2719 4215 peractum
2749 4133 2928 4197 :ideo
2959 4135 3093 4218 regi
3113 4136 3452 4219 Babylonis

345 4236 529 4300 tione
559 4245 625 4298 et
654 4234 1173 4299 corroboratione
1201 4233 1267 4295 in
1296 4233 1427 4296 fide
1451 4234 1689 4299 divinae
1720 4254 1858 4317 pro·
1887 4234 1934 4295 D
1964 4231 2083 4294 hoc
2115 4230 2325 4314 ipsum
2356 4231 2706 4294 constabat.
2739 4231 2917 4295 Unde
2957 4240 3022 4296 et
3060 4232 3219 4298 illud
3260 4235 3452 4298 mira-

344 4334 659 4398 videntiae
705 4341 769 4396 et
810 4333 1077 4397 veritate
1120 4332 1278 4414 legis
1322 4332 1625 4410 Mosaicae,
1670 4332 1853 4415 cujus

345 4433 673 4496 cultorem
722 4433 887 4494 Deus
938 4439 1115 4493 tanto
1163 4430 1489 4493 decoravit
1534 4440 1849 4514 portento,

344 4531 709 4608 Quarto,ad
746 4530 1137 4593 reddendum
1169 4529 1376 4592 vicem
1410 4549 1525 4594 suo
1556 4529 1857 4594 fidelissi-

346 4647 457 4693 mo
488 4646 701 4706 servo,
722 4626 1219 4708 honoratorique
1250 4626 1507 4690 fervido.
1528 4627 1855 4710 Siquidem

346 4729 519 4792 Deus
561 4725 783 4789 fidelis
824 4734 886 4788 et
930 4725 1137 4788 bonus
1180 4745 1255 4789 ac
1298 4725 1857 4805 magnificentissi-

246 4859 317 4895 .ιι,
348 4845 495 4888 mus
514 4823 959 4906 glorificantes
982 4843 1049 4886 se
1069 4823 1405 4904 glorificat,
1418 4833 1483 4886 ut
1501 4825 1739 4888 dictum
1762 4835 1859 4889 est

350 4943 551 5006 supra
592 4923 763 4987 libro
808 4921 1040 5004 primo.
1075 4921 1238 4996 Quid
1278 4941 1427 5003 ergo
1466 4923 1851 5003 mirandum,

347 5024 527 5104 quod
559 5029 693 5084 tam
726 5020 1211 5085 devotissimum
1246 5039 1480 5100 regem,
1514 5021 1717 5084 divini
1750 5022 1858 5086 ho-

350 5121 531 5183 noris
564 5119 1118 5184 ferventissimum
1150 5119 1510 5194 zelatorem,
1542 5127 1734 5202 atque
1766 5129 1857 5185 to-

348 5220 483 5282 tius
522 5219 707 5299 regni
752 5218 856 5280 sui
898 5215 1399 5294 reformatorem,
1442 5227 1619 5282 tanto
1657 5220 1857 5284 hono-

348 5319 521 5382 ravit
550 5317 907 5380 miraculo?

1962 4330 2180 4394 culum
2211 4338 2470 4413 propter
2490 4329 2701 4413 ipsum
2722 4331 2994 4394 credidit
3012 4331 3276 4412 factum,
3296 4353 3455 4416 prae-

1965 4429 2184 4492 sertim
2215 4429 2367 4510 quia
2384 4428 2630 4492 audivit
2651 4448 2796 4492 eum
2817 4449 2956 4492 esse
2988 4430 3178 4494 unius
3211 4434 3346 4497 veri
3378 4453 3452 4497 ac

1964 4529 2200 4592 summi
2242 4528 2351 4591 Dei
2394 4528 2702 4592 cultorem
2747 4545 2762 4590 :
2805 4529 2908 4592 cui
2952 4530 3078 4593 Deo
3127 4530 3454 4596 dumtaxat

1964 4627 2103 4710 ipse
2134 4645 2242 4690 rex
2271 4625 2608 4708 Babylonis
2638 4634 2701 4688 et
2730 4626 2828 4688 sui
2857 4626 3223 4711 philosophi
3252 4630 3454 4693 consi-

1964 4726 2268 4789 derabant
2312 4723 2616 4806 possibile
2656 4743 2795 4787 esse
2838 4725 3049 4790 taliter
3093 4727 3450 4792 coelestium

1964 4833 2208 4889 motum
2257 4842 2596 4906 corporum
2647 4823 3006 4888 immutare.
3055 4825 3177 4889 Nec
3227 4845 3448 4891 verum

1963 4932 2059 4986 est
2087 4923 2261 5006 quod
2301 4922 2500 4985 Rabbi
2537 4921 2767 4984 Paulus
2802 4923 2910 5000 ait,
2945 4925 3116 5004 quod
3147 4923 3449 4988 infideles

1964 5022 2061 5084 illi
2103 5023 2379 5086 Chaldaei
2428 5021 2640 5104 potius
2684 5021 3104 5086 credidissent
3145 5032 3452 5088 retroces-

1964 5121 2210 5184 sionem
2250 5120 2401 5183 solis
2443 5118 2697 5182 venisse
2741 5139 2816 5182 ex
2855 5119 3072 5202 aliqua
3112 5141 3301 5185 causa
3348 5141 3452 5187 oc-

1962 5220 2132 5283 culta
2160 5219 2397 5283 casuali
2425 5227 2535 5281 aut
2574 5218 2868 5281 naturali.
2905 5219 3236 5284 Sciverunt
3273 5221 3448 5284 enim

1960 5317 2328 5402 philosophi
2375 5337 2593 5380 casum
2642 5325 2705 5380 et
2751 5317 3070 5381 fortunam
3116 5319 3324 5383 locum
3379 5319 3449 5384 in
