4309 6259
185 5106 330 5163 13.v1,1.
377 5104 612 5184 ponitur
663 5124 678 5168 :

667 504 1020 553 RNARRATIO
1063 508 1124 553 IN
1168 509 1305 553 CAP-
1353 508 1501 554 xxv1
1543 509 1702 553 LIBRI
1743 509 1997 555 SECUNDI
2039 509 2568 555 PARAMPOMENON.
2614 529 2695 538 —-
2736 511 2877 555 ART.
2926 510 3075 556 XXVI

3292 492 3410 555 247

341 682 610 737 mentum
663 676 982 755 elationis,
1031 685 1348 741 elevatum
1389 690 1478 740 est
1525 700 1632 739 cor
1675 681 1816 757 ejus
1845 677 1896 739 A
2007 682 2286 759 Reliqua
2330 692 2545 741 autem
2586 703 2974 755 sermonum,
3010 681 3075 745 id
3122 690 3218 743 est
3265 699 3415 762 ope-

342 783 568 838 lumore
597 776 940 858 superbiae‚
964 781 1034 839 in
1059 780 1404 839 interitum
1426 800 1644 848 suum,
1667 778 1816 859 quia

339 872 398 935 in
427 874 540 937 hoc
573 875 866 956 peccavit
893 876 1268 953 mortaliter,
1304 886 1367 941 et
1396 886 1600 941 morte
1639 876 1814 941 civili

339 991 660 1054 percussus
689 983 808 1052 est,
832 984 892 1035 et
921 978 1206 1053 neqleoeit
1235 979 1590 1037 Dominum
1608 979 1816 1039 Deum

338 1090 539 1141 suum,
573 1069 636 1131 id
670 1079 790 1148 est,
813 1071 1130 1153 justitiam
1160 1072 1270 1135 Dei
1300 1091 1430 1135 non
1463 1072 1818 1134 considera·

339 1168 420 1231 vit
447 1168 956 1233 consideratione
983 1170 1263 1252 practica
1294 1178 1357 1233 et
1389 1169 1680 1247 formata,
1700 1189 1818 1233 nec

340 1268 660 1331 honoravit
690 1269 890 1331 Deum
922 1269 1227 1351 legitime.
1255 1273 1712 1349 Inqressusque
1743 1272 1816 1328 in

344 1370 630 1443 templum
661 1370 959 1439 Domini,
996 1368 1060 1429 id
1104 1377 1202 1431 est
1245 1368 1312 1429 in
1359 1368 1631 1450 primam
1676 1386 1818 1449 par-

121 1479 316 1525 menus.
343 1473 455 1527 tem
499 1465 744 1547 templi,
781 1485 924 1547 quae
968 1466 1204 1529 dicitur
1236 1466 1484 1543 Sancta,
1519 1465 1586 1527 in
1626 1485 1815 1547 quam

343 1564 451 1626 sibi
480 1564 746 1627 introire
778 1582 907 1627 non
947 1565 1154 1641 licuit,
1193 1566 1344 1648 quia
1384 1584 1511 1629 non
1551 1574 1684 1628 erat
1721 1584 1818 1627 sa-

340 1664 568 1741 cerdOS,
602 1666 861 1725 adolere
893 1668 1097 1727 voluit
1127 1668 1465 1726 incensum
1501 1686 1693 1743 super
1731 1668 1819 1725 al-

343 1773 462 1823 tare
509 1766 988 1841 thymiamatis,
1033 1764 1206 1845 quod
1256 1772 1391 1827 erat
1439 1764 1505 1825 in
1554 1763 1818 1845 praefata

1931 796 2094 853 rum,
2122 781 2296 841 Ozice
2318 781 2621 855 priorum
2648 790 2707 840 et
2737 783 3231 841 novissimorum
3258 782 3416 839 scri—

1915 869 2052 953 psit*
2089 879 2297 937 Isaias
2336 879 2522 953 filius
2548 880 2744 939 Amos
2768 880 3107 957 propheta,
3139 878 3207 939 in
3248 877 3413 939 libro

1926 974 2212 1055 speciali,
2258 974 2369 1056 qui
2411 994 2540 1037 non
2584 976 2873 1053 habetur,
2917 994 3045 1038 non
3095 984 3305 1039 autem
3344 976 3411 1037 in

1926 1071 2093 1135 libro
2113 1073 2435 1135 visionum
2458 1094 2737 1135 suarum.
2754 1077 3203 1153 Dormivitque
3224 1077 3415 1137 Ozias

1925 1192 2071 1233 cum
2094 1176 2398 1249 patribus
2420 1170 2592 1245 suis,
2632 1184 2692 1235 et
2730 1176 3117 1251 sepelierunt
3154 1194 3302 1233 eum
3340 1174 3413 1233 in

1926 1289 2080 1346 aqro
2111 1273 2435 1347 reqalium
2462 1276 2929 1348 sepulcrorum,
2958 1292 3025 1331 eo
3056 1274 3228 1351 quod
3263 1280 3416 1331 esset

1927 1372 2211 1445 leprosus
2226 1394 2251 1441 ‚·
2288 1380 2346 1431 et
2390 1373 2687 1447 reqnavit
2728 1373 3007 1431 Joatltan
3054 1372 3240 1447 filius
3274 1371 3414 1447 ejus

1919 1487 2042 1545 pro
2071 1487 2163 1529 eo,
2196 1467 2425 1542 Quarto
2454 1468 2692 1548 Regum
2732 1468 2897 1531 libro
2935 1468 3192 1549 legitur,
3236 1467 3417 1549 Sepe-

1927 1565 2167 1628 lierunt
2198 1585 2343 1629 eum
2385 1567 2450 1628 in
2491 1567 2747 1631 civitate
2780 1567 2977 1631 David
3014 1584 3028 1629 :
3063 1585 3211 1647 ergo
3242 1566 3417 1631 vide-

1929 1672 2032 1727 tur
2081 1664 2285 1729 fuisse
2336 1667 2623 1747 sepultus
2676 1686 2821 1729 cum
2871 1666 3147 1746 regibuS.
3197 1666 3275 1727 Et
3322 1684 3417 1727 re-

1928 1764 2395 1845 spondendum,
2432 1766 2605 1846 quod
2648 1763 2773 1827 fuit
2812 1764 3098 1846 sepultus
3138 1783 3282 1827 cum
3324 1763 3416 1827 eis

343 1861 546 1943 templi
590 1870 790 1944 parte,
826 1882 956 1925 non
996 1863 1063 1924 in
1105 1864 1289 1926 atrio.
1322 1866 1690 1941 Statimque
1721 1867 1818 1924 in·
1854 1864 1900 1925 B
1929 1862 1996 1923 in
2036 1864 2259 1926 eodem
2300 1863 2440 1926 loco
2482 1862 2831 1941 communi,
2863 1864 2982 1926 hoc
3013 1870 3131 1939 est,
3166 1862 3233 1923 in
3266 1880 3418 1943 agro

335 1980 572 2036 pressus
594 1970 739 2038 post
768 1982 914 2022 eum
942 1964 1230 2023 Azarias
1258 1966 1547 2023 sacerdos
1574 1970 1636 2025 et
1667 1980 1820 2043 pon-

341 2056 498 2135 tifex,
513 2068 577 2120 et
597 2079 742 2119 cum
761 2080 831 2119 eo
850 2064 1200 2120 sacerdotes
1213 2062 1484 2121 Domini
1501 2062 1820 2137 octoqinta

341 2160 464 2217 viri
485 2159 866 2235 fortissimi,
896 2160 1272 2221 restiterunt
1304 2161 1462 2236 reqi,
1497 2168 1688 2237 atque
1723 2160 1821 2217 di·

339 2266 564 2318 merum
585 2276 609 2317 .·
626 2258 775 2320 Non
797 2266 886 2317 est
911 2260 1012 2317 tui
1031 2259 1244 2333 officii,
1265 2259 1450 2327 Θεία,
1473 2267 1545 2317 ut
1565 2260 1820 2318 adoleas

343 2356 660 2415 incensum
682 2358 983 2428 Domine,
1007 2358 1116 2415 sed
1144 2360 1570 2425 sacerdotum,
1591 2358 1706 2417 hoc
1731 2366 1820 2417 est

341 2454 622 2529 filiorum
669 2456 924 2523 Aaron,
974 2455 1093 2531 qui
1139 2457 1490 2515 consecrati
1533 2464 1688 2515 sunt
1733 2457 1821 2514 ad

343 2552 777 2627 hujuscemodi
833 2552 1296 2613 ministerium.
1356 2554 1682 2630 Eqredere
1741 2554 1821 2611 de

343 2652 730 2720 sanctuar-ie,
760 2670 841 2710 ne
870 2652 1339 2727 contempseris,
1373 2654 1531 2729 quia
1561 2672 1690 2711 non
1729 2671 1822 2710 re-

337 2750 667 2823 putabitur
719 2750 839 2807 tibi
881 2750 954 2807 in.
985 2751 1270 2825 qloriam
1316 2752 1431 2809 hoc
1470 2771 1510 2809 a
1545 2752 1821 2811 Domino

347 2849 486 2915 Deo,
517 2847 582 2909 id
613 2855 730 2923 est,
767 2847 1170 2928 usurpatorie
1211 2854 1278 2909 tu
1313 2848 1470 2929 agiS,
1506 2847 1823 2910 intromit-

349 2945 523 3007 tendo
553 2954 616 3007 te
645 2945 1027 3008 sacerdotali
1056 2944 1305 3022 offiei0,
1339 2946 1442 3008 cui
1478 2945 1688 3027 regale
1728 2944 1824 3008 of-

349 3040 552 3103 ficium
582 3049 678 3105 est
705 3042 1140 3119 commissum.

418 3145 756 3221 Iratusque
788 3143 982 3204 Ozias
1011 3160 1034 3201 .·
1066 3141 1132 3202 in
1165 3160 1292 3223 quo
1324 3150 1498 3223 patet
1528 3141 1826 3223 superbia

350 3247 402 3301 et
433 3239 956 3321 incorrigibilitas
987 3239 1160 3321 ejus3
1194 3250 1253 3301 et
1277 3250 1492 3301 tenens
1521 3243 1594 3301 in
1625 3262 1826 3302 manu

351 3340 770 3411 thuribulum,
804 3348 878 3399 ut
915 3342 1198 3399 adoleret
1235 3341 1592 3409 incensum,
1627 3341 1830 3400 mina-

349 3437 524 3495 batur
551 3438 1007 3496 sacerdotibus.
1043 3437 1410 3515 Statimque
1448 3446 1592 3497 orta
1628 3446 1717 3496 est
1752 3440 1830 3495 le-

345 3553 456 3611 pra
493 3535 564 3593 in
591 3535 810 3610 fronte
847 3534 1009 3611 ejus.
1043 3532 1136 3595 lbi
1177 3532 1347 3595 enim
1389 3533 1582 3615 coepit
1621 3534 1827 3615 primo

352 3632 512 3707 oriri,
547 3632 646 3695 vel
681 3631 907 3694 saltem
941 3650 1271 3713 apparere,
1307 3639 1368 3695 et
1405 3640 1535 3695 toto
1563 3650 1829 3713 corpore

353 3729 634 3811 perfusus
677 3739 776 3793 est
819 3730 1018 3811 lepra,
1062 3731 1142 3792 ad
1188 3730 1588 3793 innuendum
1635 3750 1826 3811 quam

355 3828 604 3910 turpiter
644 3828 799 3909 egit,
841 3838 902 3891 et
952 3830 1031 3891 ad
1073 3828 1546 3891 humiliandum
1589 3837 1826 3891 tantam

355 3926 722 4008 superbiam.
773 3931 1000 3989 Coram
1047 3930 1479 3989 sacerdotibus
1528 3930 1597 3989 in
1643 3932 1828 3987 domo

355 4027 605 4086 Domini
629 4046 826 4103 super
856 4030 1066 4086 altare
1099 4027 1567 4103 thymiamatis
1597 4029 1830 4095 Quum-

358 4144 464 4201 que
503 4126 874 4201 respexisset
912 4145 1061 4185 eum
1097 4125 1382 4185 Azarias
1412 4126 1741 4201 pontifex,
1771 4134 1830 4183 et

1930 1960 1995 2021 in
2036 1980 2163 2041 quo
2202 1969 2383 2023 erant
2422 1962 2713 2043 sepulcra
2754 1961 3009 2041 regalia,
3046 1979 3173 2024 non
3205 1967 3416 2023 tamen

1932 2058 1998 2121 in
2029 2060 2250 2121 eodem
2298 2058 2438 2122 loco
2483 2060 2763 2141 proprio,
2800 2059 2864 2123 id
2909 2068 3007 2123 est
3048 2078 3176 2122 non
3217 2057 3282 2119 in
3323 2077 3419 2121 se—

1930 2157 2153 2239 pulcro
2188 2157 2381 2237 regali
2423 2157 2696 2239 alicujus
2739 2158 2926 2237 regis,
2956 2158 3217 2238 Propter
3246 2158 3417 2237 quod

1927 2255 2237 2337 Josephus
2270 2255 2423 2319 dicit
2456 2274 2601 2318 eum
2635 2255 2841 2318 solum
2875 2256 3041 2319 inter
3071 2272 3249 2334 reges
3280 2273 3419 2317 esse

1930 2354 2251 2435 sepultum
2304 2354 2370 2415 in
2420 2354 2641 2417 hortis.
2690 2354 2777 2416 De
2822 2354 2923 2415 his
2974 2354 3040 2414 in
3083 2352 3421 2415 Scholasti-

1929 2473 2002 2517 ca
2033 2454 2337 2517 recitatur
2376 2454 2643 2516 historia
2680 2471 2693 2515 t
2733 2452 2934 2527 Quum
2978 2453 3213 2516 ditatus
3254 2459 3422 2516 esset

1929 2551 2106 2615 Ozias
2139 2552 2390 2615 mortali
2437 2552 2813 2628 substantia,
2858 2559 3075 2615 contra
3103 2551 3422 2614 immorta-

1931 2651 2054 2713 lem
2105 2651 2303 2713 Deum
2350 2667 2534 2729 agere
2573 2651 2753 2712 nisus
2794 2658 2910 2727 est,
2955 2650 3105 2731 quia
3150 2650 3217 2711 in
3256 2648 3421 2712 festo

1929 2747 2404 2830 Propitiationis
2429 2747 2785 2830 pontificali
2818 2747 2981 2811 stola
3009 2749 3292 2823 indutuS‚
3327 2747 3423 2809 in-

1933 2865 2189 2927 gressus
2239 2856 2335 2909 est
2386 2847 2692 2929 templum
2746 2846 2999 2909 adolere
3046 2846 3418 2920 incensum3

1937 2954 1998 3009 et
2029 2944 2235 3007 faetus
2275 2952 2373 3009 est
2413 2953 2593 3009 terrae
2627 2955 2859 3023 motuS,
2893 2953 2956 3008 et
2985 2942 3239 3009 claritas
3271 2942 3423 3007 solis

1859 3044 1902 3107 C
1939 3044 2120 3108 valde
2150 3042 2402 3106 effulsit
2435 3051 2499 3107 et
2535 3044 2762 3107 incidit
2790 3043 2857 3105 in
2891 3042 3119 3107 faciem
3154 3042 3339 3121 regiS‚
3362 3050 3427 3106 et

1937 3161 2277 3224 percussus
2319 3151 2415 3205 est
2457 3141 2637 3224 lepra
2676 3141 2741 3203 in
2780 3141 2966 3205 facie.
3002 3141 3162 3204 Ante
3206 3140 3428 3204 civita-

1938 3250 2062 3303 tem
2091 3259 2243 3303 vero
2275 3240 2473 3304 scissa
2503 3249 2599 3303 est
2628 3240 2840 3303 media
2870 3259 3015 3322 pars
3047 3238 3283 3303 montis
3302 3238 3429 3301 Oli-

1938 3358 2159 3403 varum
2208 3340 2289 3401 ad
2338 3340 2731 3402 occidentem
2771 3346 2835 3401 et
2872 3337 3193 3415 devoluta,
3231 3338 3320 3400 ita
3357 3344 3430 3401 ut

1937 3438 2073 3501 vias
2113 3437 2453 3514 clauderet,
2492 3446 2554 3500 et
2594 3436 2801 3519 regios
2850 3438 3068 3499 hortos
3108 3436 3429 3518 opprime-

1939 3546 2054 3599 ret.
2090 3536 2539 3598 Verumtamen
2590 3534 2851 3617 quidam
2894 3535 3212 3611 dixerunt,
3254 3536 3426 3615 quod

1936 3634 2113 3699 Ozias
2145 3654 2221 3697 ex
2241 3635 2519 3715 quadam
2545 3634 2891 3711 excessiva‚
2918 3634 3028 3696 sed
3059 3632 3421 3710 indiscreta,

1937 3734 2277 3797 devotione
2307 3732 2711 3814 usurpaverit
2742 3731 2866 3794 sibi
2902 3731 3291 3795 sacerdotale
3329 3730 3428 3794 of-

1939 3830 2188 3895 ficium.

2012 3931 2349 4003 Postremo,
2368 3948 2565 4010 quum
2588 3927 2863 4007 dignitas
2886 3926 3221 3990 sacerdotii
3243 3946 3430 3989 evan-

1937 4028 2157 4109 gelicae
2210 4027 2398 4107 legiS,
2454 4026 2538 4087 sit
2590 4024 3176 4107 incomparabiliter
3224 4025 3429 4106 maj0r

1940 4125 2162 4207 legalis
2211 4123 2546 4188 sacerdotii
2595 4123 2925 4203 dignitate,
2964 4131 3027 4186 et
3071 4123 3210 4204 ipse
3252 4120 3429 4186 Ozias

360 4240 555 4281 omnes
585 4224 827 4301 reliqui
853 4225 1228 4293 sacerdotes,
1247 4224 1552 4283 viderunt
1587 4226 1830 4300 lepram
1860 4224 1910 4285 D
1943 4245 2048 4289 rex
2077 4225 2257 4306 lepra
2284 4242 2624 4305 percussus
2659 4221 2762 4299 sit,
2799 4240 2873 4285 eo
2904 4224 3074 4303 quod
3108 4229 3320 4284 actum
3355 4221 3432 4284 il-

361 4319 421 4377 in
441 4320 649 4395 fronte
666 4321 825 4398 ejus,
844 4330 904 4381 et
923 4322 1230 4397 festinato
1248 4324 1638 4397 expulerunt
1657 4342 1826 4383 eum.

363 4420 480 4477 Sed
506 4428 564 4478 et
591 4421 724 4495 ipse
741 4420 1160 4495 perterritus,
1181 4422 1558 4479 acceleravit
1587 4422 1832 4495 eqredi,

363 4535 420 4573 eo
466 4520 630 4595 quod
674 4517 966 4576 sensisset
1017 4519 1193 4577 illico
1233 4521 1502 4594 plaqam
1538 4520 1828 4579 Domini.

366 4616 508 4673 Fuit
551 4617 754 4692 zyitur
796 4617 989 4678 Ozias
1031 4636 1147 4675 rea·
1185 4620 1468 4692 leprosus
1510 4638 1708 4697 usque
1749 4620 1835 4677 ad

366 4714 519 4773 diem
549 4717 769 4775 mortis
795 4734 956 4783 suoe,
986 4724 1046 4774 et
1077 4714 1398 4774 habitavit
1428 4718 1500 4775 in
1528 4718 1712 4775 domo
1751 4737 1836 4777 se-

363 4820 582 4885 parata
613 4816 850 4889 plenus
893 4815 1094 4888 lepra,
1127 4814 1200 4871 ob
1243 4832 1441 4891 quam
1469 4814 1704 4889 ejectus
1733 4816 1838 4891 su-

369 4918 496 4969 erat
521 4912 594 4969 de
621 4912 808 4971 domo
831 4911 1136 4970 Domini:
1159 4908 1380 4990 sieque
1412 4909 1439 4971 f
1444 4909 1536 4972 uit
1565 4911 1838 4975 civiliter

375 5014 658 5069 mortuuS.
703 5008 788 5070 De
830 5026 960 5088 qua
997 5016 1200 5070 morte
1243 5007 1403 5071 illud
1445 5009 1510 5070 in
1543 5010 1700 5073 lsaia
1739 5029 1842 5072 ex-

729 5107 795 5169 In
847 5125 1017 5169 anno
1069 5126 1196 5188 quo
1243 5116 1531 5169 mortuus
1591 5115 1686 5171 est
1734 5129 1842 5171 rex

378 5200 560 5265 Ozias.
589 5208 792 5268 Porro
821 5208 1102 5267 Joatlzan
1133 5208 1318 5283 filius
1349 5208 1488 5283 ejus
1525 5210 1698 5267 reaeit
1735 5210 1846 5268 do-

381 5320 546 5362 mum
567 5306 758 5381 reqis,
771 5313 833 5365 et
845 5303 1184 5382 judicavit
1205 5308 1526 5382 populum
1557 5316 1760 5367 terra’.

1943 4326 2065 4387 lius
2097 4324 2320 4404 legalis
2351 4322 2688 4385 sacerdotii
2719 4320 2979 4403 exsequi
3012 4321 3096 4383 sit
3125 4327 3425 4385 conatus:

1943 4423 2096 4504 quid
2128 4420 2555 4485 damnationis
2589 4419 2883 4482 imminet
2920 4418 3301 4500 quibusdam
3338 4437 3432 4480 sa-

1943 4520 2310 4585 cerdotibus
2346 4526 2537 4601 atque
2576 4517 2895 4600 episcopis
2932 4517 3314 4598 evangelicae
3347 4517 3434 4581 le-

1943 4618 2062 4699 giS,
2098 4616 2209 4698 qui
2256 4635 2453 4697 quum
2496 4615 2560 4676 in
2604 4616 2936 4697 episcopos
2976 4622 3040 4676 et
3078 4616 3432 4677 sacerdotes

1945 4716 2074 4777 sint
2113 4714 2487 4791 consecrati,
2525 4720 2738 4775 tamen
2787 4732 2864 4775 ex
2909 4713 3181 4794 quadam
3220 4730 3436 4793 super-

1945 4815 2054 4877 bia
2111 4813 2416 4876 omittunt
2475 4811 2737 4892 exsequi
2792 4809 3076 4873 debitum
3129 4810 3229 4872 sui
3284 4807 3437 4872 offi-

1948 4912 2054 4986 cii,
2090 4910 2287 4993 impie
2316 4910 2761 4973 erubescentes
2790 4908 3117 4971 Missarum
3150 4908 3439 4972 solennia

1951 5010 2295 5086 celebrare,
2332 5017 2725 5071 sacramenta
2759 5006 3071 5083 conferre,
3107 5015 3169 5069 et
3199 5006 3437 5089 populo

1953 5106 2405 5185 evangelizare,
2442 5106 2607 5169 sicut
2643 5102 2915 5187 professi
2953 5112 3101 5166 sunt
3134 5112 3197 5165 et
3223 5111 3441 5167 tenen-

1953 5216 2077 5281 tur,
2124 5204 2306 5286 quasi
2348 5204 2477 5266 sint
2518 5203 2709 5266 nimis
2753 5202 2906 5265 boni
2952 5203 3029 5265 ad
3074 5202 3225 5264 talia
3266 5221 3442 5265 exse-

1962 5304 2256 5385 quenda?

3457 1481 3509 1525 lv
3526 1482 3627 1537 Περ.
3640 1494 3706 1534 xv,

3498 2474 3610 2517 nist.
3634 2473 3711 2515 lib.

3451 2536 3714 2593 IVReg.c.21.
