4309 6259
643 4928 756 4973 nint.
781 4928 858 4972 lib.

595 4992 648 5035 tv
655 4992 858 5049 nagan.

894 481 1014 545 256

1263 496 1610 543 ENARRATIO
1651 498 1714 542 m
1757 496 1892 541 CAP-
1937 496 2069 543 XXX
2109 496 2268 541 unm
2310 496 2561 543 ssscuhim
2601 496 3130 544 PARALIPOMENON.
3174 518 3255 527 -—·
3295 497 3439 544 ΛΒΤ.
3481 498 3609 545 XXX

890 669 1256 733 Pentecoste
1285 680 1348 733 et
1377 669 1956 734 Tabernaculorum
1985 667 2375 731 celebritate.
2410 664 2460 727 A
2491 672 2633 731 lem.
2658 668 2764 730 Isti
2798 688 2926 733 non
2955 669 3291 733 coluerunt
3312 672 3482 736 idola
3510 670 3675 733 sicut
3694 667 3973 751 praefati‚

889 766 1094 829 Achaz
1124 768 1366 851 quippe
1408 767 1878 832 observantiam
1921 767 2148 829 horum
2183 766 2382 848 impe-

889 868 1049 929 divit
1079 868 1374 949 pluribus
1403 868 1611 931 annis.

964 970 1536 1046 Perrexeruntque
1580 987 1866 1027 cursores
1909 986 2056 1025 cum
2097 966 2380 1041 epistolis

884 1086 966 1125 ea·
993 1069 1164 1143 reyis
1187 1069 1456 1145 imperio
1479 1077 1536 1127 et
1556 1068 1936 1142 principum
1959 1064 2100 1141 ejus
2129 1066 2200 1123 in
2232 1065 2379 1123 uni-

889 1186 1140 1226 versum
1182 1168 1387 1227 Israel
1431 1175 1490 1225 et
1534 1168 1794 1235 ludam,
1828 1164 2036 1240 juoeta
2091 1164 2165 1221 id
2208 1165 2378 1239 quod

888 1284 1002 1323 rea:
1007 1266 1322 1341 jusserat,
1342 1265 1773 1341 praedicantes
1795 1283 1818 1321 .·
1841 1264 2008 1322 Filii
2037 1264 2258 1331 Israel,
2281 1281 2377 1319 re-

886 1363 1224 1422 vertimini
1270 1365 1358 1421 ad
1396 1362 1750 1422 Dominum
1777 1363 1986 1420 Deum
2013 1362 2372 1428 Abraham,

884 1463 1072 1521 Isaac
1105 1470 1166 1521 et
1193 1464 1398 1521 Israel
1417 1483 1445 1531 ,·
1483 1469 1540 1519 et
1568 1467 1917 1518 revertetur
1946 1460 2033 1517 ad
2061 1458 2378 1535 reliquias

885 1579 1027 1637 quae
1054 1564 1423 1636 effugyerunt
1454 1577 1686 1617 manus
1712 1558 1880 1633 reyis
1901 1557 2321 1633 Assyriorum
2352 1575 2373 1613 .·

885 1657 950 1719 id
980 1665 1096 1734 est,
1131 1656 1314 1720 vobis
1364 1657 1518 1738 ipsis
1548 1655 1863 1739 propitius
1903 1654 2045 1731 erit,
2066 1654 2177 1735 qui
2217 1672 2375 1717 non-

883 1756 1034 1817 dum
1076 1756 1246 1838 capti
1291 1756 1465 1818 estis,
1501 1758 1717 1815 Nolite
1754 1755 1905 1831 fieri
1951 1754 2118 1813 sicut
2154 1762 2373 1829 patres

2489 774 2597 829 aut
2626 786 2753 831 non
2787 776 2967 830 erant
2998 769 3373 832 idololatriis
3404 779 3466 833 et
3497 769 3641 831 aliis
3678 767 3851 831 vitiis
3884 767 3976 828 ita

2490 866 2795 943 immersi,
2846 867 2955 928 sed
2998 868 3458 948 poenituerunt.
3495 872 3575 930 In
3610 871 3783 929 Iuda
3826 886 3972 927 vero

2485 965 2663 1041 facta
2707 976 2797 1026 est
2844 986 3075 1026 manus
3118 970 3409 1039 Domini,
3460 967 3579 1029 hoo
3638 974 3752 1042 est,
3805 966 3973 1027 Deus

2487 1062 2789 1144 pietatem
2822 1084 2999 1125 suam
3034 1064 3307 1144 gratiose
3337 1066 3613 1128 ostendit
3633 1065 3700 1126 in
3732 1062 3973 1146 populo

2484 1161 2787 1239 Ezechiae,
2816 1173 2886 1224 ut
2914 1166 3102 1223 daret
3130 1166 3221 1223 eis
3248 1185 3355 1224 cor
3387 1186 3522 1224 unu
3534 1187 3620 1234 m,
3643 1164 3704 1225 id
3736 1169 3831 1225 est
3850 1162 3967 1235 sic,

2484 1262 2653 1340 quod
2693 1261 2868 1323 dedit
2910 1262 3002 1324 eis
3035 1262 3427 1325 voluntatem
3472 1263 3871 1339 concordem,
3910 1270 3974 1323 et

2484 1378 2743 1421 sensum
2767 1360 3128 1423 unanimem
3153 1362 3229 1423 ad
3252 1362 3701 1425 celebrandum
3734 1360 3971 1423 festum

2485 1458 2804 1537 paschale,
2840 1470 2913 1521 ut
2941 1464 3227 1539 facerent
3230 1461 3434 1537 juoeta
3455 1469 3842 1538 praeceptum
3876 1481 3975 1518 re-

2474 1558 2580 1633 yis
2607 1568 2665 1617 et
2688 1559 3099 1634 principum,
3132 1562 3395 1619 verbum
3424 1560 3710 1619 Domini.

2566 1657 3071 1735 Conyressatique
3096 1667 3249 1717 sunt
3270 1660 3343 1719 in
3360 1661 3711 1718 Jerusalem
3738 1658 3975 1734 populi

2483 1756 2700 1824 multi,
2750 1764 2822 1815 ut
2866 1757 3152 1832 facerent
3197 1758 3646 1817 solennitatem
3686 1758 3976 1831 Azymo-

886 1857 1080 1914 vestri
1107 1864 1166 1914 et
1184 1856 1446 1932 frat-res,
1472 1856 1588 1931 qui
1617 1860 2006 1912 recesserunt
2035 1872 2074 1910 a
2095 1852 2369 1911 Domino
2409 1850 2455 1911 B
2483 1874 2631 1913 rum
2678 1854 2751 1913 in
2798 1874 3010 1913 mense
3046 1858 3341 1915 secundo,
3376 1857 3461 1916 Ec
3500 1864 3823 1931 surqentes
3868 1857 3976 1913 de-

881 1956 1011 2013 Deo
1058 1963 1328 2031 patrum
1373 1974 1663 2022 suorum,
1713 1960 1772 2010 et
1821 1952 2100 2011 tradidit
2147 1970 2247 2009 eos
2292 1952 2366 2009 in

881 2055 1247 2122 interitu-m,
1277 2062 1350 2112 ut
1379 2054 1508 2128 ipsi
1535 2052 1818 2110 cernitis.
1853 2052 2072 2113 Nolite
2099 2052 2373 2108 indura-

879 2172 950 2211 re
987 2154 1260 2211 cervices
1300 2161 1560 2220 vestras,
1591 2150 1759 2209 sicut
1778 2158 2000 2225 patres
2047 2148 2263 2218 vestri,
2307 2145 2369 2208 id

879 2256 997 2326 est,
1029 2258 1274 2312 mentes
1307 2256 1547 2311 vestras
1580 2265 1706 2309 non
1740 2245 2089 2310 exhibeatis
2129 2245 2370 2307 indoci-

879 2348 970 2411 les
1003 2356 1065 2410 et
1103 2347 1398 2410 rebelles,
1432 2347 1694 2407 Tradite
1726 2366 1956 2404 manus
1984 2354 2224 2403 vestras
2253 2347 2371 2404 Do·

879 2449 1076 2523 mino,
1103 2446 1168 2507 id
1201 2454 1316 2523 est,
1345 2444 1637 2507 exhibete
1670 2462 1780 2508 vos
1812 2450 2063 2524 paratos
2087 2442 2213 2504 Deo
2246 2460 2368 2505 ser-

879 2545 1034 2621 vire,
1070 2552 1134 2607 et
1182 2543 1303 2606 hoc
1354 2543 1589 2624 ipsum,
1625 2541 1678 2603 si
1729 2540 1956 2622 placet,
2003 2540 2367 2622 juramento

877 2652 940 2705 et
968 2651 1116 2706 voto
1149 2642 1428 2718 firmate,
1465 2651 1522 2701 et
1552 2642 1762 2701 venite
1803 2644 1891 2699 ad
1914 2641 2369 2700 sanctuarium

875 2743 1018 2819 ejus
1055 2744 1225 2820 quod
1263 2742 1697 2815 sanctificavit
1735 2741 1808 2797 in
1849 2748 2184 2799 ceter-num.
2226 2741 2370 2800 Ser-

879 2842 1008 2901 vite
1062 2841 1339 2900 Domino
1390 2841 1523 2898 Deo
1565 2848 1835 2913 patrum
1883 2847 2259 2907 vestrorum,
2312 2847 2369 2897 et

877 2949 1203 3000 avertetur
1229 2959 1270 2997 a
1301 2939 1472 2997 vobis
1500 2938 1606 2995 ira
1623 2937 1874 3013 furoris
1902 2937 2062 3012 ejus
2088 2937 2169 2997 Si
2195 2936 2370 2995 enim

2478 1961 2861 2012 struoeerunt
2919 1956 3188 2026 altaria,
3240 1974 3383 2032 quae
3428 1963 3613 2014 erant
3671 1956 3737 2013 in
3780 1956 3975 2013 Jeru-

2478 2054 2676 2109 salem
2693 2073 2721 2121 ,⁰
2764 2061 2955 2129 atque
3000 2054 3333 2124 universa,
3370 2054 3441 2112 in
3490 2053 3724 2131 quibus
3771 2054 3973 2111 idolis

2478 2151 2851 2209 adolebatur
2892 2152 3248 2221 incensum,
3285 2154 3731 2222 subvertentes,
3756 2152 3976 2227 proje-

2477 2258 2701 2308 cerunt
2722 2250 2795 2309 in
2819 2259 3157 2310 torrentem
3176 2253 3419 2311 Cedron
3434 2298 3446 2311 .
3468 2254 3973 2311 [inmolaverunt

2477 2356 2692 2406 autem
2726 2350 2926 2423 phase
2953 2351 3441 2427 quartadecima
3473 2351 3579 2410 die
3620 2350 3851 2409 mensis
3878 2370 3975 2408 se-

2478 2447 2700 2505 cundi.
2750 2448 3121 2507 Sacerdotes
3170 2466 3417 2526 quoque
3462 2457 3652 2526 atque
3700 2447 3973 2515 Levitoe,

2482 2547 2741 2605 tandem
2764 2546 3179 2622 sanctificati,
3202 2548 3571 2607 obtulerunt
3600 2548 3974 2606 holocausta

2479 2642 2552 2701 in
2599 2645 2783 2702 domo
2814 2644 3083 2703 Domini
3103 2668 3129 2715 ,·
3171 2653 3605 2722 steteruntque
3634 2645 3704 2704 in
3738 2645 3976 2703 ordine

2477 2759 2613 2811 su0,
2630 2742 2839 2818 juoeta
2875 2744 3357 2817 dispositionem
3396 2752 3455 2801 et
3498 2746 3695 2818 leyem
3724 2743 3977 2818 Moysis

2479 2839 2760 2897 leominis
2785 2840 2931 2899 Dei.
2958 2841 3327 2899 Sacerdotes
3362 2858 3507 2899 vero
3532 2841 3974 2917 suscipiebant

2478 2940 2948 3014 effundendum
2986 2940 3373 3014 sanquinem
3412 2942 3490 2997 de
3533 2940 3831 2999 manibus
3864 2942 3977 2999 Le-

880 3058 984 3098 vos
1011 3038 1254 3098 reversi
1291 3036 1560 3112 fueritis
1601 3037 1689 3094 ad
1716 3036 2068 3095 Dominum
2115 3032 2371 3095 reditio·
2404 3034 2449 3099 C
2482 3037 2791 3096 vitarum.
2836 3034 3113 3109 Qualiter
3157 3034 3642 3115 intelligendum
3688 3034 3771 3099 sit
3812 3036 3971 3112 hoc,

880 3154 960 3197 ne
1008 3134 1293 3211 mentali,
1327 3152 1442 3218 per
1491 3132 1940 3196 contritionem
1983 3140 2046 3194 et
2084 3132 2370 3195 dilectio-

881 3254 1027 3298 nem
1052 3234 1358 3310 divinam,
1381 3243 1438 3293 et
1459 3234 1697 3311 fra-tres
1717 3234 1912 3292 vestri
1930 3242 1987 3291 et
2003 3233 2138 3308 filii
2173 3230 2367 3293 vestri

879 3334 1196 3393 habebunt
1249 3333 1760 3393 misericordia-m
1821 3351 2038 3390 coram
2086 3331 2370 3390 dominis

878 3434 1042 3501 suis,
1072 3432 1188 3509 qui
1232 3432 1377 3490 illos
1413 3432 1745 3490 duxerunt
1785 3430 2070 3507 captivos
2097 3448 2119 3487 .·
2150 3428 2217 3490 id
2248 3436 2365 3505 est,

882 3529 1046 3591 Deus
1105 3547 1220 3610 per
1269 3527 1496 3590 merita
1543 3535 1771 3589 vestrae
1818 3525 2257 3591 conversionis
2307 3534 2371 3588 et

879 3626 1068 3709 justae
1097 3624 1600 3692 conversationis
1635 3624 1971 3687 inclinabit
2000 3625 2192 3687 corda
2220 3642 2372 3704 gen-

883 3725 1091 3787 tilium
1134 3724 1498 3807 principum
1537 3724 1616 3785 ad
1654 3721 2083 3785 miserendum
2118 3742 2190 3785 ac
2232 3742 2373 3803 par-

881 3825 1154 3887 cendum
1180 3824 1411 3886 vestris
1456 3820 1764 3902 cognatiS‚
1796 3839 1960 3902 quos
2000 3820 2239 3883 habent
2276 3840 2373 3884 ca-

882 3923 1090 4006 ptivos
1110 3946 1127 3997 3
1151 3932 1210 3983 et
1225 3931 1629 3982 revertentur
1649 3922 1718 3981 in
1741 3929 1908 3979 terra
1918 3942 1978 3979 m
1998 3924 2186 3981 hanc.
2207 3922 2373 3982 Pius

880 4025 1056 4083 enim
1085 4031 1142 4081 et
1169 4024 1442 4082 clemens
1469 4028 1556 4079 est
1586 4021 1903 4079 Dominus
1933 4022 2103 4079 Deus
2147 4029 2367 4090 vester,

878 4131 938 4182 et
969 4140 1097 4182 non
1144 4130 1382 4181 avertet
1409 4121 1646 4197 faciem
1674 4138 1861 4179 suam
1882 4139 1922 4177 a
1961 4118 2159 4188 vobis,
2186 4122 2245 4178 si
2282 4139 2373 4177 re-

881 4222 1050 4280 versi
1076 4220 1340 4295 fueritis
1369 4221 1456 4278 ad
1483 4238 1651 4277 eum.

963 4320 1182 4395 Iyitur
1229 4336 1514 4377 cursores
1553 4318 1902 4392 perqebant
1951 4318 2249 4376 velociter
2294 4321 2374 4378 de

881 4419 1144 4478 civitate
1171 4418 1244 4477 in
1271 4418 1619 4487 civitatem,
1635 4434 1756 4491 per
1787 4424 2024 4475 terram
2051 4418 2375 4491 Ephraim

886 4527 947 4578 et
987 4520 1307 4587 Manasse,
1341 4534 1538 4592 usque
1574 4517 1661 4574 ad
1689 4516 2004 4584 Zabulon,
2043 4516 2181 4574 illis
2220 4517 2376 4575 irri-

885 4616 1185 4677 dentibus
1224 4623 1284 4674 et
1320 4614 1868 4673 subsannantibus
1895 4632 2016 4673 eOS.
2047 4612 2163 4674 Per
2202 4615 2375 4694 quod

888 4720 1062 4797 patet
1128 4711 1412 4794 ipsorum
1469 4709 1812 4773 obstinatio
1883 4710 1947 4771 in
2017 4710 2377 4774 idololatria

889 4811 1162 4893 aliisque
1205 4808 1503 4891 peccatis.
1556 4808 1622 4869 ln
1682 4807 2067 4870 Scholastica
2113 4808 2379 4873 historia

889 4909 1163 4986 additur,
1197 4907 1370 4989 quod
1399 4904 1769 4969 occiderunt
1797 4908 2106 4986 quosdam
2137 4925 2214 4969 ex
2243 4927 2379 4970 cur-

889 5007 1138 5071 soribus
1171 5025 1281 5069 seu
1305 5003 1548 5089 nuntiis
1571 5002 1850 5067 Ezechiae
1876 5027 1890 5079 ;
1925 5012 2185 5085 propter
2205 5007 2375 5085 quod

888 5113 1260 5169 meruerunt
1290 5110 1508 5186 postea
1537 5102 1869 5184 captivari.
1905 5106 2209 5164 Attamen
2237 5108 2377 5183 qui-

887 5208 1040 5266 dam
1071 5206 1205 5264 viri
1241 5224 1321 5263 ex
1347 5206 1508 5263 Aser
1545 5211 1602 5262 ct
1632 5204 1928 5264 Manasse
1969 5212 2027 5263 et
2055 5206 2374 5277 Zabulon,

887 5305 1346 5383 acquiescentes
1402 5302 1694 5371 consilio,
1751 5311 2062 5363 venerunt
2119 5304 2375 5365 Jerusa-

2479 3133 2673 3200 verba
2714 3135 3002 3216 pandunt
3040 3135 3395 3214 sequentia,
3430 3156 3497 3194 eo
3538 3139 3710 3213 quod
3754 3138 3973 3195 multa

2482 3235 2667 3293 turba
2692 3235 3096 3309 sanctificata
3124 3252 3249 3293 non
3282 3244 3456 3304 esset,
3480 3243 3538 3294 et
3569 3235 3807 3293 idcirco
3836 3235 3973 3294 im-

2480 3335 2791 3391 molarent
2817 3333 3057 3397 Levitoe
3078 3334 3277 3407 phase
3304 3333 3405 3392 Itis
3435 3334 3551 3411 qui
3580 3352 3707 3393 non
3746 3352 3973 3392 occur-

2478 3442 2705 3491 rerant
2723 3432 3123 3508 sanctifica-ri
3141 3433 3438 3492 Domino.
3464 3431 3573 3493 Est
3595 3431 3807 3513 itaque
3826 3450 3977 3494 sen-

2480 3548 2609 3605 suS,
2635 3530 2805 3610 quod
2849 3528 3035 3590 multi
3086 3528 3340 3590 illorum
3381 3529 3491 3609 qui
3542 3528 3859 3593 debebant
3902 3530 3973 3591 in

2479 3628 2611 3689 suis
2642 3627 2935 3691 domibus
2957 3644 3192 3707 agnum
3214 3627 3543 3690 immolare
3573 3628 3970 3710 paschalem,

2480 3744 2607 3788 non
2646 3734 2826 3789 erant
2872 3725 2960 3788 ita
2997 3724 3346 3807 purificati,
3388 3727 3560 3807 quod
3610 3727 3969 3789 secundum

2482 3824 2639 3905 legis
2670 3834 2953 3889 tenorem
2984 3832 3277 3905 poterant
3305 3842 3541 3904 agnum
3570 3824 3804 3887 offerre
3835 3845 3975 3887 ma-

2481 3924 2671 3986 nibus
2714 3924 2845 3985 suis
2890 3924 2956 3984 in
2988 3922 3262 4004 propriis
3294 3922 3559 3986 aedibus.
3592 3923 3827 3986 Idcirco
3858 3924 3977 3986 Le-

2480 4022 2628 4085 vitae
2663 4024 2791 4103 jam
2839 4020 3187 4103 purificati,
3238 4021 3607 4084 obtulerunt
3650 4041 3765 4104 pro
3808 4022 3969 4099 illis,

2482 4130 2856 4202 partemque
2876 4119 3203 4200 sanguinis
3224 4120 3369 4200 agni
3392 4120 3589 4183 oblati
3613 4120 3975 4183 attulerunt

2400 4224 2451 4287 D
2483 4218 2937 4294 sacerdotibuS‚
2991 4226 3061 4279 ut
3108 4216 3483 4281 funderetur
3532 4237 3722 4300 super
3768 4218 3975 4282 altare

2482 4317 2860 4381 holocausti.

2562 4420 2806 4494 Maqna
2847 4416 3043 4475 etiam
3077 4434 3233 4492 pars
3268 4416 3499 4492 populi
3524 4418 3602 4476 de
3630 4418 3958 4491 Ephraim

2480 4525 2540 4576 et
2585 4518 2883 4577 Manasse
2926 4524 2987 4574 et
3021 4517 3316 4574 Issacltar
3358 4523 3419 4573 et
3447 4516 3769 4583 Zabulon,
3818 4535 3970 4593 quae

2481 4615 2885 4689 sanctificata
2946 4632 3075 4672 non
3126 4613 3367 4689 fuerat.
3429 4611 3534 4674 Isti
3592 4611 3971 4693 effugerunt

2484 4731 2710 4774 manus
2759 4708 3181 4791 Assyriorum,
3234 4709 3335 4775 vel
3384 4729 3453 4773 se
3497 4710 3969 4789 abscondendO,

2485 4810 2585 4877 vel
2615 4810 2694 4872 ad
2725 4826 2991 4888 regnum
3019 4808 3197 4885 Juda,
3232 4817 3340 4870 aut
3369 4808 3495 4870 alia
3524 4828 3715 4890 regna
3744 4810 3973 4874 eonsu-

2482 4908 2755 4989 giend03
2808 4914 2873 4969 et
2930 4906 3189 4988 quidam
3239 4925 3314 4968 ex
3370 4906 3472 4969 his
3521 4917 3829 4971 venerunt
3884 4911 3967 4972 ad

2484 5006 2765 5070 Ezechiae
2793 5006 3315 5069 admonitionem.
3352 5008 3633 5067 Comedit
3652 5010 3875 5084 phase,
3902 5009 3970 5072 id

2483 5114 2580 5169 est
2626 5124 2859 5186 agnum
2908 5104 3271 5186 paschalem
3318 5124 3463 5167 cum
3510 5105 3744 5187 azymis
3792 5108 3973 5188 pani-

2484 5206 2621 5283 buS,
2666 5206 3017 5281 nonjuoeta
3056 5206 3227 5281 quod
3254 5206 3568 5279 scriptum
3612 5216 3725 5275 est,
3758 5204 3819 5267 id
3868 5214 3971 5268 est

2482 5304 2667 5366 aliter
2692 5321 2886 5385 quam
2908 5302 3008 5364 lex
3037 5301 3250 5378 tradit,
3286 5308 3507 5383 utpote
3534 5303 3775 5385 absque
3802 5322 3973 5386 prae-
