4309 6259
572 2459 666 2501 λεν.
686 2472 737 2510 u,
756 2462 821 2503 34.

846 471 965 533 682

846 660 1251 736 lationis‚seu
1286 683 1399 745 per
1429 664 1631 746 ipsam
1668 666 2166 742 tribulationem,
2193 668 2332 729 illu·
2359 669 2408 730 Α
2437 669 2564 731 biis
2603 689 2860 751 quoque
2898 670 3129 750 legitur
3165 689 3179 733 :
3216 669 3508 732 lnfernus
3545 678 3608 732 et
3645 668 3924 750 pe‘rditio
3959 685 4218 724 pronum.

845 760 1115 822 minabit
1146 770 1336 842 atque
1368 763 1615 826 erudiet
1646 773 1921 826 mentem
1958 767 2174 847 ipsius,
2197 767 2328 840 Quo

842 857 1012 918 enim
1066 859 1211 938 quis
1266 861 1522 940 gravius
1582 862 1945 940 tribulatur,
2000 866 2330 947 magisque

844 957 1187 1036 spernitur,
1228 967 1399 1022 tanto
1440 961 1603 1023 Deus
1640 962 1982 1041 gratiosius
2022 964 2183 1026 solet
2223 965 2330 1024 ad-

843 1072 982 1116 esse
1032 1063 1094 1116 et
1140 1057 1338 1133 adest,
1386 1059 1438 1119 si
1490 1061 1628 1139 ejus
1672 1061 1978 1122 auxilium
2033 1061 2332 1142 implore-

846 1160 947 1212 tur
1002 1170 1016 1214 :
1070 1155 1199 1217 imo
1258 1175 1333 1218 ex
1394 1177 1505 1219 sua
1566 1158 1971 1222 miseratione
2020 1161 2330 1223 immensa

846 1270 1303 1334 nonnunquam
1338 1258 1645 1338 praevenit.
1678 1259 1855 1336 taleS,
1890 1259 2080 1322 corda
2109 1279 2330 1322 eorum

842 1351 1117 1430 gratiose
1176 1357 1493 1434 tangendo
1543 1365 1605 1419 et
1652 1360 2100 1421 convertendo.
2157 1359 2332 1421 Tunc

844 1467 1102 1530 quoque
1149 1454 1621 1516 consolationes
1679 1456 1957 1519 occultas
2020 1456 2327 1528 infundit,

844 1549 923 1610 ad
956 1550 1561 1631 contemplationem
1601 1553 1881 1615 coelestis
1920 1554 2168 1636 praemii
2199 1555 2334 1616 ani-

846 1665 1014 1708 mam
1064 1647 1291 1724 elevat‚
1344 1649 1431 1710 ita
1483 1659 1549 1711 ut
1600 1651 1665 1712 in
1716 1651 2000 1714 adversis
2051 1652 2226 1716 velut
2267 1653 2332 1714 in

847 1746 1144 1807 omnibus
1177 1746 1421 1808 divitiis
1448 1749 1776 1828 glorietur,
1814 1759 2033 1831 utpote
2074 1751 2336 1813 tribula-

1624 496 1969 542 mannum
2012 498 2073 542 ΙΝ
2114 497 2252 543 ΟΑΡ.
2299 497 2491 543 xxxvl
2529 498 2656 544 JOB.
2701 519 2780 528 —
2821 500 2964 546 ΛΒΤ.
3011 501 3147 546 1.x1v

2441 786 2566 829 non
2603 768 3046 849 replebuntnr3
3075 769 3371 830 similiter
3393 768 3562 830 oculi
3589 769 3922 830 hominum
3959 749 4026 787 ²⁰·

2441 866 2857 929 insatiabiles
2885 867 3250 948 Rursusque
3278 867 3572 930 Salomon
3605 866 3918 946 loquitur:

2441 964 2674 1026 Venter
2718 965 3058 1047 impiorum
3106 966 3510 1028 insatiabilis,
3559 965 3639 1026 De
3683 963 3924 1026 inferni
3996 983 4218 1024 mmm.

2441 1081 2590 1126 vero
2623 1063 2934 1127 immensa
2972 1065 3242 1146 quadam
3284 1065 3582 1144 voragine
3613 1065 3922 1144 scriptum
3957 1048 4024 1086 ²³·

2441 1169 2531 1222 est
2587 1161 2650 1221 in
2699 1161 2858 1224 lsaia
2901 1183 2914 1225 ε
2959 1162 3252 1224 Dilatavit
3303 1162 3595 1223 infernus
3643 1161 3924 1222 animam
3985 1178 4192 1221 [Μαι.

2441 1278 2643 1336 suam,
2677 1269 2740 1322 et
2768 1261 3018 1341 aperuit.
3047 1280 3118 1322 os
3147 1279 3332 1322 suum
3361 1260 3602 1340 absque
3643 1259 3775 1321 ullo
3806 1267 3930 1319 ter-

2443 1359 2638 1420 mino.

2522 1460 2794 1536 Reqm'es
2823 1466 3038 1518 autem
3067 1479 3298 1518 ‘mensa’
3329 1467 3479 1528 (αα),
3499 1457 3560 1518 id
3591 1465 3683 1517 est
3718 1455 3934 1536 quieta

2446 1567 2552 1619 tua
2592 1558 2658 1618 in
2699 1575 2918 1618 mensa
2959 1556 3244 1630 resectio,
3277 1559 3403 1616 erit
3435 1559 3631 1632 plena
3657 1557 3936 1633 pingue-

2444 1658 2622 1725 dine,
2669 1655 2731 1716 id
2771 1662 2870 1715 est
2911 1654 3302 1716 abundantia
3339 1652 3816 1728 alimentorum,
3852 1653 3936 1712 ita

2447 1754 2616 1835 quod
2661 1751 3046 1815 victualibus
3089 1751 3472 1828 abundabiS,
3522 1751 3768 1812 reddita
3819 1750 3934 1811 tibi

850 1843 1041 1905 tionis
1081 1845 1436 1925 profectum
1480 1847 1836 1929 experienS,
1872 1857 1933 1910 et
1971 1849 2221 1912 Christo
2263 1850 2336 1910 li-
2375 1854 2419 1914 B
2448 1851 2720 1932 pristina
2779 1850 3220 1932 prosperitate.
3277 1849 3703 1931 Spiritualiter
3761 1867 3936 1925 vero,

850 1942 1075 2004 lienter
1102 1943 1573 2007 cruciformiter
1603 1965 1670 2007 se
1701 1945 2131 2009 conformans,

931 2041 1148 2117 Iyitur
1195 2046 1473 2103 salvabit
1525 2055 1580 2104 te
1630 2044 1814 2119 DeuS‚
1860 2045 1911 2106 si
1959 2046 2336 2126 poenitueris

849 2158 1323 2220 conversusque
1372 2141 1592 2220 lueriS,
1642 2147 1722 2202 cle
1768 2163 1875 2203 ore
1924 2155 2219 2220 anqusto,
2275 2145 2336 2206 id

850 2246 942 2300 est
994 2239 1074 2300 ab
1122 2247 1295 2302 arcta
1334 2249 1396 2303 et
1434 2241 1574 2302 dira
1612 2241 2040 2318 tribulatione,
2084 2261 2227 2323 quae
2281 2253 2339 2306 te

851 2339 1318 2418 quodammodo
1350 2339 1679 2402 devoravit
1711 2358 1724 2402 z
1760 2340 1937 2421 juxta
1976 2340 2135 2402 illud
2175 2341 2340 2402 Jere—

850 2437 1013 2514 miae,
1056 2436 1396 2500 Absorhuit
1448 2458 1548 2500 me
1593 2439 1774 2520 quasi
1824 2440 2036 2502 draco,
2080 2440 2216 2516 Vel,
2259 2439 2338 2502 Os

852 2545 1212 2615 angustum,
1258 2537 1540 2599 nominat
1593 2539 1856 2613 Satanae‚
1901 2539 2010 2618 qui
2047 2539 2164 2600 Job
2201 2559 2340 2619 per-

851 2635 1069 2708 cussit,
1090 2633 1500 2697 serocitatem.
1524 2635 1805 2698 Salvabit
1838 2644 1917 2711 te,
1942 2637 2225 2716 inquam,
2248 2643 2340 2698 la-

854 2735 1117 2802 tissime,
1148 2734 1210 2794 id
1251 2741 1347 2796 est
1376 2732 1942 2810 abundantissime,
1978 2734 2337 2798 reducendo

854 2840 913 2892 te
964 2831 1041 2892 ad
1082 2831 1420 2893 maximam
1462 2832 1968 2912 prosperitatem.
2012 2833 2124 2895 Vel
2167 2835 2335 2916 quod

850 2930 961 3002 ait,
997 2929 1350 3004 Latissime,
1398 2929 1669 2990 refertur
1716 2931 1793 2992 ad
1843 2930 1923 2995 Os
1967 2942 2331 3012 angustum,

2451 1949 2702 2030 requies
2735 1967 2972 2012 mensae
3001 1948 3123 2012 viri
3153 1949 3334 2029 justi,
3371 1949 3434 2010 id
3465 1956 3561 2010 est
3592 1947 3940 2028 tranquilla

2450 2047 2659 2110 cordis
2711 2047 2808 2108 sui
2859 2046 3124 2109 refectio
3174 2047 3238 2108 in
3287 2045 3830 2128 contemplatione
3877 2055 3938 2106 et

2447 2155 2640 2228 gustu
2671 2147 3217 2226 delectationeque
3244 2146 3630 2220 divinorum,
3658 2145 3940 2226 repletur

2451 2246 2863 2328 pinguedine,
2907 2245 2971 2306 id
3017 2253 3112 2306 est
3156 2244 3496 2306 uberrimis
3535 2243 3934 2306 charismati-

2451 2344 2568 2405 bus
2599 2343 2960 2424 gratiarum,
2976 2342 3382 2404 exuberantia
3409 2341 3932 2414 consolationum,

2450 2441 2738 2524 prosectu
2775 2441 3106 2503 virtutum.
3143 2441 3402 2522 Propter
3429 2440 3599 2520 quod
3630 2449 3770 2502 orat
3794 2440 3933 2502 Pro-

2452 2541 2640 2622 pheta
2665 2561 2678 2603 :
2702 2539 2876 2601 Sicut
2897 2539 3084 2620 adipe
3117 2547 3180 2601 et
3207 2538 3592 2620 pinguedine
3619 2539 3934 2619 repleatur
3987 2555 4214 2595 Panna..
4279 2595 4281 2646 2

2449 2639 2662 2702 anima
2705 2656 2868 2699 mea.
2907 2639 2995 2699 Ad
3037 2637 3200 2700 hanc
3242 2656 3523 2700 mensam
3575 2655 3689 2719 per
3731 2637 3935 2718 poeni-

2451 2737 2712 2798 tentiam
2765 2743 2826 2797 et
2883 2736 3318 2817 quotidianam
3374 2735 3930 2815 compunctionem

2452 2835 2853 2915 pertingitur,
2897 2836 3047 2896 dum
3097 2834 3305 2896 omnis
3347 2832 3619 2895 carnalis
3663 2833 3935 2895 delecta-

2451 2933 2537 2994 tio
2577 2931 2922 3014 spernitur,
2959 2941 3017 2994 et
3061 2932 3286 2993 mundi
3325 2931 3632 2994 vanitates
3663 2931 3936 3012 vilipen-

851 3037 922 3090 ut
951 3046 1021 3089 os
1054 3028 1301 3089 dicatur
1328 3036 1663 3106 angustum
1689 3029 2011 3104 latissime,
2035 3031 2334 3111 quoniam
2369 3035 2412 3098 C
2447 3033 2706 3093 duntur.

854 3125 1181 3189 tribulatio
1228 3143 1352 3186 una
1404 3136 1494 3188 est
1542 3125 1715 3188 velut
1757 3146 1993 3208 parvus
2038 3128 2336 3188 introitus

851 3226 930 3286 ad
975 3224 1393 3306 multiplicem
1428 3224 1875 3300 calamitatem,
1910 3225 2060 3306 quia
2094 3245 2170 3288 ex
2212 3245 2338 3289 uno

852 3324 1019 3386 malo
1060 3323 1249 3386 homo
1290 3324 1515 3387 incidit
1549 3325 1755 3405 plura.
1790 3327 1875 3386 Et
1906 3346 2033 3384 non
2074 3329 2339 3386 habente

850 3424 1357 3499 fundamentum
1399 3425 1613 3482 subter
1652 3445 1738 3492 se,
1781 3422 1842 3484 id
1894 3431 1987 3485 est
2037 3425 2338 3505 praedicto

852 3539 960 3583 ore
1000 3527 1267 3600 angusto
1304 3539 1315 3582 :
1353 3522 1522 3601 quod
1563 3518 1796 3582 dicitur
1833 3521 2074 3602 absque
2120 3521 2338 3583 sunda-

854 3626 1088 3696 mento,
1127 3620 1431 3700 quoniam
1476 3618 1800 3681 tribulatio
1846 3619 2187 3701 impiorum
2235 3620 2338 3682 hic

854 3717 1208 3792 inchoatur,
1244 3726 1301 3780 et
1346 3717 1411 3778 in
1458 3715 1671 3778 futuro
1712 3717 2141 3794 continuatur,
2179 3737 2340 3779 nun-

849 3835 1039 3896 quam
1080 3833 1227 3878 vero
1270 3814 1519 3876 finitur.
1554 3814 2092 3888 Quemadmodum
2125 3826 2336 3878 autem

853 3913 1114 3995 pelagus
1161 3913 1396 3975 dicitur
1446 3912 1774 3975 infinitum
1822 3922 1883 3976 et
1929 3915 2067 3975 sine
2113 3913 2332 3990 sund0,

854 4031 977 4074 non
1011 4011 1163 4093 quia
1196 4011 1572 4092 simpliciter
1599 4021 1811 4073 careat
1854 4011 2050 4074 fundo
2082 4021 2143 4073 et
2180 4012 2332 4087 sine,

2533 3132 2737 3190 Causa
2762 3139 3050 3209 tua,quae
3081 3128 3204 3189 tuit
3235 3129 3400 3190 inter
3429 3128 3624 3190 Deum
3653 3128 3934 3208 judicem

2449 3237 2508 3290 et
2547 3237 2626 3301 te,
2663 3228 2725 3289 id
2759 3236 2854 3289 est
2882 3227 3048 3289 actio
3081 3247 3190 3288 seu
3221 3226 3621 3288 conversatio
3662 3234 3770 3287 tua
3807 3246 3936 3307 qua

2448 3326 2720 3406 judicari
2779 3325 3092 3396 meruisti,
3155 3327 3344 3404 quasi
3399 3326 3592 3400 impii
3623 3325 3933 3400 judica-Ia

2448 3434 2535 3482 est
2569 3445 2591 3482 .·
2623 3424 2685 3484 id
2717 3432 2833 3498 est,
2862 3431 3117 3504 propter
3155 3441 3360 3484 causae
3389 3431 3512 3484 tuae
3551 3422 3858 3482 demerita
3901 3442 3938 3484 a

2451 3523 2576 3583 Deo
2614 3522 2905 3602 plagatus
2943 3539 3032 3596 eS‚
3068 3530 3136 3582 ut
3181 3520 3362 3601 impii
3405 3519 3632 3594 solent,
3669 3529 3732 3581 et.
3771 3520 3934 3582 sieut

2450 3639 2636 3682 causa
2669 3618 2875 3699 iniqui
2906 3618 3092 3680 solita
3133 3626 3226 3680 est
3265 3618 3536 3699 judicari
3573 3636 3586 3678 :
3620 3619 3802 3698 quasi
3844 3619 3939 3680 di-

2450 3727 2570 3791 cat,
2623 3718 2754 3782 Non
2813 3716 2962 3798 quia
3013 3727 3259 3798 potens,
3314 3717 3424 3778 sed
3473 3715 3625 3797 quia
3673 3716 3936 3796 iniquus

2452 3816 2652 3889 fuisti,
2696 3816 2788 3878 sic
2835 3835 2904 3878 es
2949 3815 3272 3896 judicatus
3321 3834 3358 3876 a
3407 3815 3552 3876 Deo.
3597 3813 3795 3884 Unde,
3839 3835 3938 3874 se-

2450 3916 2728 3977 cundum
2761 3914 3182 3975 intentionem
3213 3913 3377 3988 Eliu,
3411 3911 3795 3988 Quasi,dicit
3829 3911 3936 3973 hic

2451 4013 2803 4088 veritatem,
2827 4031 2953 4074 non
2977 4011 3462 4073 similitudinem
3491 4019 3756 4071 tantum.
3777 4013 3938 4070 Fau-

851 4110 961 4171 sed
1002 4109 1155 4190 quia
1198 4129 1233 4171 a
1279 4109 1463 4171 nobis
1505 4109 1876 4190 investigari
1923 4109 2158 4170 fundus
2199 4111 2337 4190 ejus
2445 4133 2582 4172 sam
2601 4113 3069 4190 judiciumque
3095 4111 3363 4186 recipies
3393 4131 3416 4168 .·
3456 4109 3518 4170 id
3549 4116 3664 4184 est,
3703 4108 3757 4168 si
3787 4127 3937 4171 vere

850 4227 975 4270 non
1030 4207 1241 4281 valet3
1295 4208 1385 4269 sic
1446 4208 1611 4269 mala
1670 4227 1812 4288 quae
1872 4208 2099 4270 incidit
2147 4209 2338 4271 homo
2366 4216 2417 4278 D
2449 4208 2844 4291 poenitueris,
2883 4208 3174 4270 restituet
3207 4206 3318 4268 tibi
3353 4208 3517 4269 Deus
3547 4225 3802 4269 causam
3835 4205 3938 4268 bo—

851 4306 1155 4388 paulatim
1200 4328 1274 4370 ex
1314 4308 1529 4388 aliqua
1572 4309 1778 4388 prima
1825 4326 1940 4369 sua
1981 4308 2339 4371 tribulatio·
2449 4327 2592 4368 nam
2638 4307 2715 4368 de
2761 4315 2994 4382 ceter0,
3029 4314 3090 4368 et
3129 4305 3304 4386 pium
3345 4305 3459 4367 tibi
3500 4303 3813 4385 judicium
3847 4305 3936 4365 l'a-

851 4424 952 4472 ne,
988 4414 1315 4487 nequeunt.
1343 4405 1687 4482 numerari,
1713 4405 1862 4466 dum
1896 4407 2039 4487 quis
2071 4406 2137 4468 in
2171 4406 2337 4468 mala
2447 4406 2572 4468 ciet
2608 4424 2621 4466 :
2663 4414 2735 4466 ut
2774 4404 3233 4486 poenitentibus
3276 4402 3419 4464 fieri
3461 4403 3642 4475 solet,
3685 4403 3798 4482 qui
3840 4403 3936 4463 di-

851 4521 1055 4584 poenae
1085 4522 1195 4565 seu
1228 4502 1451 4584 culpae,
1488 4504 1789 4565 continue
1828 4512 2019 4585 atque
2051 4506 2338 4585 quotidie
2449 4505 2600 4566 vino
2655 4503 2898 4583 judicio
2959 4503 3035 4564 ad
3094 4502 3262 4564 bona
3319 4501 3639 4582 peccando
3689 4499 3934 4580 perdita

850 4601 1232 4683 profundius
1263 4602 1591 4682 mergitur.
1618 4603 1781 4678 ldeo,
1807 4622 1876 4665 os
1910 4603 2077 4664 istud
2103 4603 2339 4666 dicitur
2449 4604 2859 4676 reducuntur,
2908 4600 3440 4681 quemadmodum
3488 4617 3599 4679 per
3645 4598 3934 4660 Ezechie-

850 4700 988 4762 sine
1012 4699 1422 4762 fundamento
1445 4709 1509 4762 et.
1531 4699 1745 4776 fundo,
1762 4701 2113 4782 praesertim
2137 4721 2334 4783 quum
2449 4701 2572 4763 lem
2607 4699 2908 4761 Dominus
2953 4707 3336 4780 protestatur
3372 4715 3386 4759 :
3423 4697 3484 4758 Si
3527 4696 3762 4778 impius
3800 4713 3936 4775 ege-
4017 4715 4176 4756 Emi.

850 4799 1063 4860 stabili
1099 4798 1232 4860 basi
1266 4817 1391 4861 non
1428 4798 1755 4860 innitatur.
1790 4798 1971 4860 Juxta
2008 4799 2180 4861 hunc
2211 4819 2338 4862 mo·
2448 4800 2527 4860 rit
2561 4795 3319 4880 poenitentiam,omnium
3352 4795 3760 4875 iniquitatum
3791 4795 3934 4874 ejus
3961 4780 4209 4822 “¹¹¹·²¹·²²·

850 4898 999 4959 dum
1045 4897 1233 4960 etiam
1277 4896 1589 4960 voracitas
1630 4896 2073 4977 cupiditasque
2115 4915 2340 4978 pravo·
2451 4916 2573 4959 non
2620 4894 2996 4958 recordabor
3029 4893 3326 4974 ampliuS.
3363 4893 3437 4954 Et
3476 4892 3804 4954 Psalmista
3841 4892 3935 4954 lo-

855 5015 995 5056 rum
1026 4995 1259 5057 dicitur
1286 4994 1529 5076 absque
1564 4994 1763 5057 fundo
1794 5003 1853 5056 et
1888 4995 2341 5058 termino.Pro-
2449 4995 2666 5075 quit-ur
2725 4994 2848 5054 Deo
2909 5013 2924 5056 :
2986 4991 3292 5065 Quoniam
3355 4990 3560 5054 fecisti
3618 4991 3930 5072 judicium
3988 5010 4176 5052 maxx,

582 5105 757 5148 nahae.
780 5119 823 5156 ιι.
856 5101 1070 5173 pterea
1100 5092 1385 5155 Habacue
1419 5092 1605 5155 habet
1634 5091 1785 5156 :Vir
1816 5093 2131 5174 superbus
2154 5095 2338 5174 quasi
2451 5111 2660 5154 meum
2713 5101 2774 5152 et.
2825 5110 3078 5153 causam
3129 5109 3356 5152 meam.
3401 5089 3489 5151 lta
3527 5089 3788 5170 exponit
3831 5088 3934 5149 ΑΙ-

590 5199 600 5209 ·
858 5189 1150 5251 inl'ernus
1209 5190 1431 5253 dilatat
1490 5191 1768 5253 animam
1822 5209 2041 5264 suam3
2094 5201 2158 5254 et.
2207 5193 2344 5273 ipse
2453 5191 2692 5252 bertus,
2718 5189 2988 5252 Thomas
3022 5207 3172 5251 vero
3203 5187 3462 5269 exponit
3497 5205 3510 5248 :
3544 5187 3808 5249 Causam
3841 5189 3934 5268 ju-

856 5288 1039 5367 quasi
1072 5306 1265 5364 morS,
1298 5299 1360 5350 et
1400 5307 1525 5350 non
1560 5288 1954 5370 implebitur.
1990 5289 2055 5350 ln
2086 5290 2345 5352 Prover-
2456 5289 2826 5368 diciumque
2865 5287 3158 5368 recipies,
3194 5286 3258 5348 id
3298 5295 3413 5361 est,
3449 5304 3637 5348 causa
3667 5293 3732 5346 et
3767 5285 3936 5364 judi-
