4309 6259
74 1473 329 1522 Krofflxxix,

74 1613 205 1648 unu,
226 1601 315 1642 3-8.

768 503 1119 550 mammo
1160 505 1223 550 IN
1265 504 1402 550 CAP-
1448 504 1577 550 xvu
1617 504 1775 550 unm
1816 503 1985 550 mum
2026 504 2556 552 PARALIPOMENON.
2601 525 2682 534 —
2721 505 2866 551 ΛΒΤ.
2911 505 3042 551 xvn

3339 487 3454 550 157

356 689 579 732 coram
622 676 1031 736 tabernaculo
1062 677 1357 745 Domini,
1398 675 1569 756 quod
1612 674 1853 756 Moyses
1885 673 1936 735 A
1964 673 2244 736 nominis
2275 673 2342 736 in
2384 681 2612 756 quarto
2654 674 2955 737 milliario
3000 693 3037 737 a
3075 673 3448 738 Bethlehem

357 767 505 831 fieri
548 769 767 850 jussit,
803 775 876 834 in
917 779 1187 844 eme-3280,
1215 777 1387 854 quod
1431 785 1572 836 erat
1618 776 1690 834 in
1740 776 1859 834 Ga-

358 869 547 930 baon.
580 869 673 931 Ex
720 871 843 934 hoc
888 871 1089 954 aliqui
1139 872 1386 948 dicunt,
1418 873 1591 953 quod
1636 872 1702 933 in
1752 872 1861 934 de-

356 966 725 1046 portatione
770 987 933 1032 arcae
974 970 1051 1032 ad
1080 969 1453 1046 Jerusalem,
1487 968 1863 1032 tabernacu-

358 1063 497 1126 lum
527 1065 757 1148 Moysis
788 1076 853 1130 et
882 1068 1079 1130 altare
1106 1068 1464 1131 holocausti
1493 1076 1863 1130 manserunt

360 1162 433 1224 in
478 1162 623 1227 loco
669 1164 933 1228 sublimi
972 1165 1039 1228 in
1079 1165 1333 1230 Gabaon
1385 1167 1681 1240 civitatc3
1717 1166 1861 1230 ideo

360 1261 573 1324 voluit
602 1263 825 1342 David,
863 1273 932 1327 ut
962 1263 1051 1327 ibi
1093 1283 1351 1347 quoque
1380 1265 1623 1345 vigeret
1651 1265 1862 1328 cultus

360 1360 655 1438 divinus,
688 1372 753 1425 et
782 1363 1138 1426 oblationes
1175 1363 1371 1445 jussae
1402 1364 1467 1426 in
1514 1363 1676 1443 lege,
1706 1381 1865 1446 prae-

362 1459 589 1521 sertim
620 1460 774 1540 juge
803 1460 1221 1538 sacrificium,
1255 1463 1427 1542 quod
1460 1461 1661 1525 fiebat
1687 1459 1863 1524 omni

362 1576 559 1620 mane
585 1567 653 1620 et
684 1578 947 1641 vespere
973 1560 1090 1623 :ad
1112 1579 1257 1641 quae
1277 1559 1493 1623 omnia
1522 1577 1866 1641 exsequen-

360 1655 449 1716 da
477 1656 813 1738 deputavit
842 1657 1042 1721 Sadoc
1073 1666 1137 1721 ct
1166 1657 1303 1740 ejus
1333 1666 1635 1740 cognatos
1667 1677 1867 1722 sacer-

1965 772 2044 834 ad
2076 771 2467 836 occidentem
2489 771 2667 853 juxta
2693 773 2886 836 Rama
2908 779 2971 835 et
2989 773 3317 848 Remmon,
3343 771 3457 834 ubi

1968 869 2266 933 Salomon
2325 870 2549 934 hostiis
2599 870 2966 948 immolatiS,
3019 865 3252 933 meru‘it
3299 868 3462 932 divi·
3488 887 3754 994 4¹Jf5⁸⁶⁰⁶¹¹¹'

1971 988 2123 1030 num
2155 969 2506 1032 oraculum.
2541 969 2686 1032 Fuit
2715 978 2928 1033 autem
2961 977 3248 1052 separata
3279 967 3462 1032 Levi-

1970 1067 2075 1130 tis,
2108 1068 2252 1131 Haec
2281 1068 2522 1131 Glossa.

2050 1169 2137 1228 Et
2161 1177 2300 1245 post
2327 1189 2476 1229 eum
2495 1171 2773 1240 Heman,
2807 1178 2868 1228 et
2887 1169 3188 1238 Idithun,
3221 1176 3281 1228 et
3311 1167 3462 1226 reli-

1970 1285 2125 1344 quos
2154 1270 2398 1336 electos,
2429 1286 2956 1347 unumquemque
2987 1269 3289 1326 vocabulo
3320 1283 3462 1333 sue,

1972 1366 2059 1424 ad
2113 1367 2550 1441 confitendum
2598 1367 2876 1426 Domino
2927 1383 2950 1426 .·
3009 1364 3328 1433 Quoniam
3387 1364 3461 1422 in

1971 1470 2284 1522 aeternum
2330 1464 2772 1524 misericordia
2811 1464 2973 1540 ejaS.
3011 1465 3264 1523 Heman
3312 1480 3465 1540 quo-

1973 1579 2096 1639 que
2123 1570 2184 1620 et
2211 1563 2515 1634 Idithun,
2547 1572 2840 1622 canentes
2873 1563 3052 1631 tuba,
3079 1569 3139 1621 et
3169 1562 3465 1640 quatien-

1976 1667 2062 1718 tes
2091 1661 2411 1736 cymbala,
2430 1670 2490 1720 et
2518 1663 2742 1720 omnia
2771 1662 3162 1721 musicorum
3189 1679 3464 1736 organa,

358 1755 571 1818 dotes,
602 1755 785 1819 Unde
813 1756 1247 1838 subjungitur,
1280 1767 1355 1819 ut
1371 1760 1671 1835 offerrent
1698 1761 1869 1818 holo-
1974 1761 2061 1817 ad
2102 1761 2466 1819 canendum
2494 1761 2792 1820 Domino.
2827 1761 3032 1820 Filios
3075 1767 3291 1820 autem
3329 1757 3465 1818 Idi-

356 1863 593 1914 causta
620 1856 899 1916 Domino
926 1875 1123 1934 super
1152 1859 1361 1916 altare
1400 1859 1866 1917 holocautoma·
1900 1853 1946 1914 B
1976 1857 2137 1916 thun
2165 1856 2322 1932 fecit
2362 1876 2488 1916 esse
2523 1858 2869 1935 portarios,
2903 1859 3340 1935 Reversusque
3371 1863 3462 1914 est

360 1955 473 2024 tia,
490 1953 757 2030 jugiter
783 1975 975 2014 mane
1011 1964 1073 2016 et
1110 1974 1384 2034 vespere,
1401 1955 1611 2032 juxta
1641 1956 1865 2016 omnia

356 2073 509 2131 quoe
548 2053 795 2130 scripta
836 2063 991 2114 sunt
1034 2054 1109 2114 in
1157 2057 1289 2132 leye
1327 2055 1623 2125 Domini,
1667 2074 1865 2134 quam

346 2153 671 2228 praecepit
696 2153 957 2213 Israeli.

444 2247 570 2310 Alii
590 2249 967 2331 opinantur,
993 2268 1107 2331 per
1128 2249 1451 2313 excelsum
1483 2248 1549 2312 in
1580 2248 1859 2327 Gabaon,

354 2347 691 2428 designari
722 2348 936 2411 locum
980 2347 1359 2429 praeclarum
1390 2347 1457 2410 in
1486 2347 1859 2424 Jerusalem,

354 2445 557 2508 etiam
596 2445 964 2510 sublimiter
1008 2447 1205 2510 situm
1238 2447 1303 2510 in
1349 2446 1513 2510 colle
1540 2447 1716 2528 (nam
1748 2446 1865 2510 Ga-

354 2543 557 2620 baon,
578 2545 769 2608 collis
790 2546 1287 2628 interpretatur),
1312 2554 1375 2610 et
1407 2546 1494 2609 ibi
1533 2545 1699 2610 facta
1727 2546 1863 2610 haec

353 2662 527 2706 oese.
562 2643 847 2726 Apparet
892 2645 1214 2725 equidem,
1259 2645 1431 2726 quod
1480 2645 1677 2707 David
1726 2664 1865 2708 san-

352 2749 467 2804 cta
497 2741 611 2802 illa
641 2739 713 2803 in
739 2741 1089 2805 Jerusalem
1120 2761 1259 2806 esse
1288 2743 1583 2820 volucrit,
1609 2743 1775 2806 sicut
1802 2752 1863 2806 et

350 2859 601 2902 arcam.
632 2839 795 2902 Hinc
825 2839 1029 2902 fertur
1060 2841 1126 2902 in
1158 2840 1381 2904 Glossa
1413 2857 1427 2902 :
1458 2840 1726 2915 Quidam
1769 2842 1866 2904 di-

1972 1955 2182 2014 omnis
2203 1959 2486 2032 populus
2505 1957 2578 2016 in
2598 1958 2862 2017 domum
2879 1975 3068 2016 suam
3083 1979 3111 2026 ,·
3135 1963 3196 2016 et
3215 1955 3458 2025 David,

1970 2062 2045 2114 ut
2072 2054 2458 2116 benediceret
2487 2056 2685 2115 etiam
2714 2056 2942 2116 domui
2975 2075 3130 2115 suoe.
3165 2053 3288 2115 Ista
3327 2051 3460 2134 pla-

1972 2169 2054 2213 na
2083 2159 2256 2213 sunt.

2066 2249 2412 2326 Postrem0‚
2463 2269 2540 2314 ex
2598 2250 2720 2314 isto
2770 2249 3050 2333 capitulo
3096 2250 3458 2314 declaratur

1971 2348 2157 2412 nobis
2189 2349 2394 2415 divini
2425 2357 2488 2412 et
2517 2349 2834 2432 praeelecti
2865 2349 3061 2414 David
3105 2349 3271 2430 regis
3299 2348 3460 2411 mira

1970 2447 2048 2509 ad
2078 2449 2278 2512 Deum
2310 2449 2584 2526 devoti0,
2618 2447 2942 2512 indefessa
2979 2447 3296 2525 alacrita3‚
3335 2446 3462 2510 fer-

1970 2547 2158 2610 vidus
2199 2547 2394 2625 zeluS,
2436 2547 2823 2611 desiderium
2867 2547 3166 2610 fraternae
3211 2546 3458 2624 salutiS,

1970 2664 2151 2708 amor
2189 2645 2340 2709 boni
2385 2646 2766 2723 communis,
2801 2645 2912 2727 qui
2955 2645 3021 2707 in
3052 2653 3146 2708 tot
3173 2653 3238 2709 et
3267 2645 3460 2708 tantis

1971 2744 2496 2827 occupationibus
2539 2744 2741 2825 regni,
2788 2745 2954 2807 inter
2995 2752 3086 2807 tot
3122 2743 3363 2827 praelia,
3399 2752 3462 2806 et

1974 2842 2039 2905 in
2084 2851 2259 2906 tanta
2302 2862 2570 2906 uxorum
2617 2862 2689 2906 ac
2728 2842 2967 2906 sobolis
3006 2844 3462 2906 numerositate

350 2947 519 3001 cunt
548 2946 699 3021 post
729 2938 1087 3018 ingressum
1112 2938 1399 3002 filiorum
1420 2939 1611 3002 Israel
1643 2939 1709 3002 in
1742 2947 1867 3002 ter·
1972 2941 2408 3005 indesinenter
2438 2942 2728 3007 fervebat
2760 2942 2936 3006 circa
2963 2941 3206 3020 divina,
3241 2949 3306 3006 et
3339 2943 3464 3024 spi-

352 3057 501 3100 ram
542 3037 1017 3120 promissioniS,
1051 3037 1536 3101 tabernaculum
1579 3038 1689 3101 Dei
1736 3038 1865 3120 pri·
1894 3047 1938 3111 C
1973 3040 2190 3103 rituali
2221 3039 2534 3135 flagrabat
2563 3059 2800 3120 amore,
2824 3041 3063 3123 Deique
3091 3041 3334 3105 cultum
3365 3059 3464 3104 co-

346 3156 541 3198 mum
562 3135 769 3200 fuisse
799 3137 867 3199 in
890 3136 1043 3214 Silo,
1067 3137 1301 3200 deinde
1331 3137 1397 3200 in
1420 3137 1619 3215 Nobe‚
1640 3146 1861 3219 postea

348 3235 423 3298 in
474 3235 760 3314 Gabaon,
814 3237 1073 3299 tandem
1120 3235 1188 3298 in
1243 3236 1417 3299 Sion.
1459 3235 1584 3298 Alii
1630 3235 1855 3299 dicunt

348 3335 575 3400 locum
614 3353 759 3398 esse
803 3334 871 3396 in
914 3335 1285 3412 Jerusalem,
1320 3334 1713 3416 appellatum
1753 3334 1865 3398 Ga-

346 3433 555 3510 baon,
582 3433 809 3515 ibique
830 3433 1026 3498 David
1058 3432 1541 3497 tabernaculum
1562 3441 1625 3496 et
1650 3453 1863 3497 arcam

348 3532 737 3597 collocasse.
782 3531 1039 3595 Gabaon
1083 3531 1279 3608 enim,
1327 3531 1511 3595 collis
1557 3531 1867 3614 interpre-

352 3641 533 3694 tatur
576 3649 592 3693 :
628 3649 825 3713 quem
882 3630 1094 3694 locum
1150 3639 1378 3713 putant
1426 3629 1667 3693 dictum
1726 3649 1866 3694 esse

348 3731 713 3808 excelsum,
747 3737 1009 3811 propter
1047 3729 1423 3808 dignitatem
1464 3729 1673 3792 cultus
1704 3729 1867 3794 divi-

352 3830 446 3892 ni.
474 3829 603 3892 Sed
634 3829 701 3890 in
734 3828 903 3892 libro
930 3828 1240 3892 Locorum
1276 3827 1569 3909 legimus,
1604 3827 1861 3890 Gabaon

350 3927 775 4011 metropolim
808 3927 1007 3990 fuisse
1028 3927 1399 3991 Hevaeorum
1426 3927 1493 3988 in
1526 3927 1698 3988 tribu
1720 3927 1868 3991 Ben-

349 4027 591 4110 jamin,
638 4036 705 4090 et
748 4045 923 4090 nunc
971 4026 1330 4090 ostenditur
1376 4025 1531 4089 villa
1578 4027 1863 4107 ejusdem

1972 3138 2334 3221 piosissime
2363 3139 2556 3217 auxit,
2581 3148 2644 3203 et
2663 3140 2824 3204 alios
2853 3140 2945 3203 sic
2967 3139 3157 3202 traxit
3185 3140 3263 3203 ad
3284 3139 3456 3203 viam

1970 3237 2217 3300 salutis,
2269 3239 2460 3321 Cujus
2519 3239 2811 3321 exemplo
2870 3239 3115 3301 utinam
3166 3255 3346 3320 reges
3394 3246 3458 3301 et

1970 3336 2294 3419 principes
2331 3337 2666 3401 christiani
2711 3336 3232 3415 informarentur,
3265 3345 3458 3419 atque

1972 3436 2039 3498 in
2069 3436 2432 3500 consimilia
2450 3436 2915 3500 excitarentur:
2942 3436 3073 3499 imo
3093 3455 3208 3500 nos
3239 3455 3461 3500 omnes

1971 3535 2132 3597 tanti
2164 3535 2328 3614 regis
2371 3535 2795 3598 accendamur
2837 3533 3170 3617 exempliS,
3203 3543 3276 3598 ut
3319 3555 3464 3598 eru-

1970 3633 2305 3696 bescamus
2336 3634 2505 3714 quod
2537 3641 2666 3696 tam
2699 3632 2974 3696 faciliter
3003 3651 3080 3696 ex
3121 3631 3464 3696 immodica

1973 3730 2391 3813 occupatione
2431 3731 2601 3795 circa
2637 3731 2969 3808 exteriora,
3007 3730 3362 3811 refrigescit
3399 3741 3466 3795 et

1974 3837 2276 3911 evagatur
2304 3848 2413 3892 cor
2453 3837 2764 3892 nostrum.
2799 3829 3057 3892 Constat
3092 3848 3346 3911 quoque
3383 3849 3462 3892 ex

1974 3928 2097 4006 his,
2130 3946 2323 4009 quam
2357 3935 2705 4010 temperate
2735 3928 2834 3990 vir
2873 3935 3130 3990 sanctus
3162 3928 3295 3991 suis
3327 3938 3460 3993 ute-

1974 4027 2164 4090 batur
2191 4026 2596 4108 conjugibus,

1438 4451 2089 4542 ARTICULUS
2167 4449 2413 4539 XVII

764 4727 1079 4773 Exposl‘rlo
1130 4727 1407 4774 carl'ruu
1460 4728 1903 4776 smlmmzcml
1948 4727 1963 4774 2
2017 4727 2183 4783 Qum!
2233 4729 2437 4775 Au'rlffl
2490 4729 2836 4775 HABITARET
2887 4730 3079 4776 DAvm

1672 4828 1735 4872 IN
1792 4827 1955 4873 DOMO
2016 4827 2155 4873 suA.

519 5109 581 5170 U
584 5107 727 5170 ΠΜ
744 5114 964 5166 autem
984 5105 1307 5165 habitaret
1324 5106 1545 5166 David
1574 5107 1647 5165 in
1676 5107 1861 5166 domo
1890 5105 1941 5166 D
1971 5115 2188 5166 autem
2212 5107 2474 5184 foederis
2492 5109 2763 5168 Domini
2791 5110 2909 5167 sub
2931 5110 3208 5185 pellibus
3237 5117 3346 5169 est.
3375 5071 3460 5170 Εἰ

538 5225 689 5275 sua,
727 5205 907 5264 dixit
956 5205 1043 5263 ad
1090 5203 1363 5263 Nathan
1410 5206 1795 5282 prophetam
1838 5224 1860 5263 .·

352 5308 527 5367 Eece
570 5321 685 5380 eqo
734 5301 954 5362 habito
1010 5303 1086 5361 in
1124 5303 1309 5362 domo
1360 5303 1655 5372 cedrina,
1705 5321 1858 5362 arca

1969 5207 2067 5264 ait
2082 5206 2352 5264 Nathan
2374 5207 2461 5264 ad
2477 5207 2698 5266 David
2719 5225 2742 5264 :
2768 5208 3002 5266 Omnia
3020 5227 3162 5284 quoe
3182 5207 3256 5266 in
3274 5211 3460 5268 corde

1972 5312 2078 5362 tuo
2104 5311 2282 5376 sunt,
2313 5303 2461 5379 fac,·
2487 5304 2806 5364 Dominus
2834 5305 3009 5364 enim
3042 5315 3244 5366 tecum
3275 5315 3386 5367 est.
