4309 6259
591 1879 831 1927 Ioann.nn

567 1944 634 1983 20.

579 2075 832 2125 lb.xxvn,1.

861 494 979 559 358
1235 539 1245 549 -
1725 510 2071 555 umnam-10
2114 510 2175 554 ιΝ
2219 510 2354 555 CAP.
2402 509 2468 554 111
2506 508 2631 553 soa.
2678 528 2758 537 —
2800 510 2942 554 Aur.
2987 509 3073 554 xn

855 684 1198 766 piscatores
1227 684 1527 765 grandem
1562 683 1822 764 piscem,
1847 682 1960 762 qui
1992 681 2339 743 secundum
2371 678 2421 740 A
2454 680 2606 741 hinc
2637 679 2911 742 ostendit
2944 678 3194 755 inutile,
3233 679 3361 741 imo
3390 685 3454 739 et
3484 677 3781 739 nocivum
3814 673 3937 737 sibi

855 802 1047 845 unam
1089 784 1522 864 acceptionem
1563 789 1824 845 vocatur
1859 780 2227 857 Leviathan‚
2275 782 2339 842 in

856 880 1060 942 noetis
1097 880 1380 943 tenebris
1422 887 1751 942 moventes
1792 898 1862 940 ac
1901 897 2128 959 capere
2167 878 2343 959 cupi-

856 986 1034 1041 entes
1070 996 1082 1040 :
1117 978 1227 1060 qui
1261 986 1606 1059 apparente
1636 976 1740 1039 die
1770 976 2122 1052 tristantur,
2158 976 2346 1037 male-

857 1077 1206 1159 dieuntque
1248 1076 1328 1154 ei,
1365 1076 1432 1139 in
1472 1083 1781 1158 quantum
1823 1094 1935 1156 per
1968 1075 2173 1137 lucem
2216 1074 2342 1137 diei

857 1194 1018 1258 opus
1047 1195 1262 1239 eorum
1286 1174 1804 1257 impeditur.Vel‚
1826 1172 1941 1247 Qui
1963 1173 2164 1254 parati
2198 1181 2346 1235 sunt

857 1274 1163 1337 suscitare
1192 1273 1560 1349 Leviathan,
1593 1273 1657 1334 id
1706 1281 1802 1334 est
1847 1272 2137 1335 homines
2166 1271 2347 1334 vitio-

857 1374 933 1449 si,
959 1373 1068 1454 qui
1102 1372 1451 1448 diabolum,
1483 1372 1723 1433 dietum
1756 1370 2121 1447 Leviathan,
2149 1370 2347 1431 susci—

857 1480 1014 1548 tant,
1047 1472 1185 1552 ejus
1225 1471 1614 1533 voluntatem
1662 1469 1986 1551 implendo
2021 1487 2034 1530 τ
2071 1488 2185 1550 per
2227 1468 2345 1530 hoe

857 1570 1028 1632 enim
1063 1568 1372 1632 suscitant
1395 1587 1538 1630 eum
1563 1568 1637 1629 ad
1661 1568 2116 1630 dominandum
2149 1567 2264 1643 eiS,
2284 1576 2348 1629 et

861 1669 937 1729 ad
974 1667 1368 1749 puniendum
1401 1684 1507 1728 eos
1538 1666 1605 1727 in
1638 1674 1985 1748 posterum.
2010 1665 2191 1727 Tales
2223 1685 2349 1727 ma-

861 1766 1146 1829 ledicunt
1175 1764 1324 1841 diei,
1351 1766 1499 1827 dum
1537 1765 1599 1826 in
1632 1784 1706 1827 eo
1738 1783 1998 1846 peccare
2025 1772 2343 1827 vetantur.

2452 798 2611 855 esse,
2646 778 2817 860 quod
2862 786 3273 841 conservatus
3320 783 3414 839 est
3451 777 3516 838 in
3556 775 3710 839 vita.
3746 777 3941 836 Nunc

2452 882 2626 939 enim
2665 880 2992 939 dormiens
3031 880 3311 938 silerem.
3356 876 3610 947 Mortem
3653 874 3941 936 nominat

2453 996 2770 1053 somnum,
2797 984 3055 1059 propter
3083 994 3259 1056 spem
3292 972 3795 1036 resurrectionis,
3826 972 3941 1034 Per

2454 1075 2781 1137 silentium
2806 1094 2952 1137 vcro
2984 1074 3285 1154 intelligit
3305 1073 3585 1154 quietem
3615 1071 3695 1133 ab
3723 1072 3945 1133 adver-

2454 1173 2750 1236 sitatibus
2781 1193 2939 1255 quas
2963 1173 3343 1254 patiebatur.
3359 1170 3544 1245 Quasi
3574 1170 3850 1233 diceret:
3876 1168 3939 1231 Si

2456 1272 2669 1334 statim
2719 1280 2862 1353 post
2909 1280 3116 1334 ortum
3170 1279 3458 1333 mortuus
3512 1268 3797 1343 fuissem,
3839 1268 3943 1330 his

2454 1371 2738 1433 adversis
2781 1389 2907 1432 non
2954 1368 3367 1452 inquietarer.
3401 1371 3487 1429 Et
3525 1387 3738 1427 somno
3780 1387 3938 1438 meo,

2456 1468 2519 1529 id
2550 1476 2646 1530 est
2675 1476 2900 1543 morte,
2924 1469 3399 1547 requiescerem,
3433 1466 3513 1528 ab
3545 1464 3945 1547 inquietatio-

2458 1567 2649 1629 nibus
2670 1566 2816 1629 vitae
2838 1565 3041 1641 istiuS,
3056 1587 3203 1626 cum
3224 1568 3479 1642 reyibus
3498 1575 3557 1625 et
3576 1567 3944 1626 consulibus

2460 1678 2644 1728 cerrae
2678 1687 2699 1724 .·
2730 1665 2842 1747 qui
2873 1664 2975 1728 vel
3008 1664 3255 1727 deliciis
3288 1664 3387 1728 vel
3420 1664 3661 1727 divitiis
3690 1672 3941 1727 vacant.

2459 1764 2603 1826 Ideo
2634 1764 2928 1827 subditur
2953 1782 2967 1825 t
3000 1766 3126 1833 Qui
3151 1766 3481 1839 (edificant
3500 1766 3625 1824 sibi
3650 1766 3946 1824 solitudi-

861 1866 1003 1928 ldeo
1024 1864 1254 1927 dicitur
1275 1866 1442 1946 apud
1457 1863 1755 1926 Joannem
1779 1862 2030 1926 :Omnis
2049 1863 2160 1943 qui
2184 1863 2348 1925 male
2386 1868 2431 1929 B
2460 1884 2629 1935 nem,
2666 1882 2855 1926 causa
2883 1862 3241 1926 venationis
3270 1871 3333 1925 et
3362 1861 3631 1925 aliarum
3662 1863 3949 1945 volupta-

863 1964 1012 2044 agit,
1048 1963 1182 2025 odit
1225 1962 1454 2026 lucem.
1494 1962 1794 2025 Diabolus
1838 1970 2045 2024 autem
2088 1970 2350 2024 vocatur

861 2062 1206 2125 Leviathan
1239 2061 1303 2123 in
1327 2061 1504 2138 lsaia,
1541 2079 1669 2141 quo
1699 2059 2032 2123 scribitur:
2054 2059 2353 2122 visitabit

863 2160 1170 2223 Dominus
1213 2179 1404 2241 super
1435 2158 1778 2221 Leviathan
1828 2166 2187 2240 serpentem
2232 2167 2353 2221 tor-

861 2268 1141 2335 tuosum,
1178 2266 1298 2321 etc.

943 2357 1181 2420 Deinde
1213 2355 1491 2419 excludit
1521 2375 1556 2417 a
1589 2364 1773 2418 nocte
1812 2354 1929 2418 hac
1969 2354 2357 2437 pertinentia

865 2456 940 2518 ad
983 2455 1222 2518 bonum
1265 2455 1426 2535 ejus,
1462 2452 1740 2527 Quorum
1791 2472 1988 2514 unum
2033 2462 2149 2529 est,
2186 2454 2356 2534 quod

866 2551 1197 2618 decoratur
1226 2553 1530 2634 adspectu
1560 2560 1624 2613 et
1656 2552 1796 2613 luce
1829 2552 2154 2614 stellarum
2193 2568 2205 2613 :
2243 2571 2358 2612 un-

866 2655 944 2716 de
965 2653 1179 2715 subdit
1204 2670 1216 2713 :
1241 2656 1551 2715 Obscuren
1564 2660 1669 2711 tur
1687 2654 1882 2712 stellae
1901 2654 2183 2729 caligine
2200 2652 2357 2728 eju-3,

867 2762 939 2815 ut
968 2752 1212 2815 scilicet
1254 2769 1380 2812 non
1411 2757 1779 2831 appareant.
1818 2748 2003 2810 Aliud
2036 2758 2152 2825 est,
2189 2751 2358 2830 quod

869 2870 993 2914 nox
1039 2851 1372 2913 decoratur
1415 2867 1526 2930 spe
1566 2848 1692 2911 diei
1730 2866 1743 2909 :
1776 2849 1948 2929 quod
2000 2867 2355 2925 removens,

869 2948 1048 3013 addit
1075 2967 1087 3010 ε
1115 2952 1448 3026 Eoespectet
1481 2952 1710 3018 lucem,
1733 2958 1792 3008 et
1822 2969 1946 3009 non
1975 2950 2205 3009 videat.
2233 2951 2363 3007 Nec

2466 1972 2624 2038 tum,
2651 1962 2918 2024 solitarii
2952 1982 3092 2024 esse
3122 1961 3430 2025 volentes,
3450 1966 3585 2023 Αιιι
3604 1963 3950 2041 camprin-

2460 2064 2710 2139 cipibus
2731 2064 2847 2141 qui
2856 2064 3183 2139 possident
3199 2082 3441 2122 aurum.
3454 2060 3640 2135 Quasi
3661 2061 3831 2124 dicat
3850 2079 3864 2121 :
3880 2060 3948 2123 Si

2463 2160 2677 2222 statim
2722 2169 3012 2222 mortuus
3052 2178 3278 2235 essem,
3323 2158 3484 2222 nihil
3526 2180 3696 2223 nunc
3733 2159 3950 2222 minus

2462 2259 2762 2322 haberem
2796 2278 2987 2341 quam
3020 2258 3256 2322 habent
3288 2258 3405 2335 illi,
3431 2259 3541 2340 qui
3574 2259 3678 2323 hie
3708 2260 3775 2321 in
3796 2258 3953 2321 mul-

2469 2359 2547 2419 tis
2579 2358 3140 2440 prosperabantur.
3166 2358 3254 2418 Ex
3283 2357 3385 2419 his
3408 2358 3618 2421 verbis
3639 2358 3745 2420 dat
3766 2358 3953 2421 intel-

2470 2457 2688 2537 ligere,
2726 2456 3048 2520 hominem
3091 2456 3441 2519 secundum
3490 2457 3767 2518 animam
3808 2468 3953 2539 post.

2467 2562 2734 2617 mortem
2795 2554 3162 2617 subsistere.
3222 2554 3413 2617 Porro
3470 2556 3522 2616 si
3580 2556 3947 2637 objiciatur,

2467 2654 2638 2734 quod
2698 2652 3064 2733 hujusmodi
3120 2670 3294 2731 reges
3341 2659 3406 2713 et
3454 2652 3773 2734 principes
3821 2671 3950 2715 non

2469 2752 2828 2833 quiescunt,
2873 2751 2980 2813 sed
3030 2752 3094 2813 in
3148 2750 3401 2813 inferno
3450 2760 3845 2834 torquentur,
3888 2762 3953 2814 et

2470 2851 2639 2931 quod
2670 2850 2827 2911 utile
2858 2848 2979 2911 fuit
3010 2850 3196 2913 beato
3214 2848 3329 2912 Job
3350 2849 3714 2913 conservari
3736 2848 3801 2911 in
3822 2850 3957 2912 vita

2470 2950 2552 3011 ob
2576 2949 2871 3011 meritum
2898 2948 3356 3029 acquirendum
3379 2966 3393 3009 :
3413 2949 3956 3031 dicendum‚quod

870 3058 1084 3110 ortum
1105 3048 1426 3123 sur-qenais
1446 3064 1724 3113 auroroe,
1749 3054 2060 3127 quatenus
2085 3047 2361 3109 tenebra*
2392 3046 2437 3109 C
2472 3048 2755 3129 loquitur
2786 3048 2906 3109 ista
2934 3068 3008 3110 ex
3039 3055 3221 3130 parte
3258 3046 3571 3110 sensualis
3605 3048 3826 3131 partis,
3858 3068 3959 3110 ex-

871 3148 1012 3229 ejus
1043 3166 1158 3209 nee
1205 3144 1515 3206 finiantur
1545 3163 1660 3226 per
1696 3144 1887 3221 diem,
1924 3164 2040 3207 nec
2069 3146 2363 3207 minuan-

873 3254 976 3307 tur
1007 3264 1119 3326 per
1148 3261 1440 3305 auroram
1469 3262 1481 3305 :
1518 3243 1688 3325 quod
1724 3243 2209 3323 intelligendum
2242 3252 2357 3318 est,

875 3344 1039 3406 sieut
1065 3344 1144 3405 de
1175 3342 1278 3405 die
1311 3342 1681 3424 praedictum
1713 3351 1828 3405 est.
1867 3346 2036 3412 Quia
2063 3364 2189 3403 non
2224 3365 2364 3403 con-

875 3444 1066 3502 clusit
1097 3444 1258 3501 ostia
1284 3443 1525 3500 ventris
1555 3444 1672 3518 qui
1691 3443 1981 3518 portavit
2003 3462 2126 3511 me,
2149 3441 2213 3502 id
2243 3450 2358 3517 est,

874 3540 1107 3622 quiain
1125 3560 1198 3601 ea
1214 3558 1340 3602 non
1361 3547 1508 3601 sunt
1528 3539 1689 3602 ostia
1708 3539 1829 3601 ista
1849 3540 2175 3603 conclusa:
2193 3541 2361 3621 quod

875 3640 1049 3716 dicit,
1102 3640 1178 3702 ad
1239 3638 1630 3700 innuendum
1682 3639 1850 3718 quod
1908 3639 2366 3701 desideraverit

875 3758 1060 3801 suum
1093 3746 1472 3818 conceptum
1507 3756 1632 3799 non
1677 3736 1927 3799 venisse
1970 3738 2049 3798 ad
2087 3747 2361 3818 partum,

876 3855 1084 3919 neque
1129 3837 1206 3899 ad
1251 3835 1613 3917 pueritiam,
1647 3854 1787 3916 quae
1833 3835 2214 3915 intelligitur
2253 3855 2366 3917 per

875 3955 1190 4011 auroram,
1237 3954 1444 4016 neque
1487 3936 1565 3996 ad
1605 3935 2027 4015 juventutem,
2060 3953 2204 4015 quae
2254 3954 2365 4016 per

878 4036 1132 4118 plenam
1177 4035 1384 4097 lucem
1431 4034 1736 4112 signatur.
1773 4036 1904 4096 Nec
1939 4036 2205 4094 abstulit
2235 4055 2366 4093 ma-

879 4139 1016 4195 lum
1045 4136 1124 4193 ab
1153 4134 1354 4193 oculis
1385 4135 1560 4193 meis.
1585 4131 1771 4203 Quasi
1801 4131 1970 4193 dieat
2005 4151 2018 4194 :
2055 4132 2258 4214 Ipsam
2282 4133 2367 4193 vi·

2474 3147 2756 3229 primens
2799 3147 2938 3227 ejus
2972 3146 3302 3222 affectum,
3346 3166 3489 3228 quae
3532 3166 3658 3209 non
3700 3147 3959 3228 respicit

2474 3246 2597 3306 nisi
2651 3247 2727 3309 ad
2775 3244 3131 3326 corporalia
3177 3254 3367 3326 atque
3414 3245 3752 3327 praesentia
3790 3245 3961 3309 bona

2474 3346 2573 3407 vel
2606 3346 2793 3407 mala.

2553 3447 2688 3505 Aut
2730 3446 2897 3504 sicut
2938 3445 3306 3503 abortivum
3347 3446 3789 3503 absconditu-m.
3826 3464 3955 3505 non

2472 3546 2893 3603 subsisterem.
2927 3542 3054 3603 Hoc
3084 3541 3261 3618 dicit,
3296 3542 3502 3622 quoad
3548 3560 3653 3604 eos
3682 3542 3793 3625 qui
3824 3560 3961 3605 mo—

2475 3640 2726 3702 riuntur
2753 3648 2900 3701 ante
2929 3639 3316 3703 infusionem
3340 3640 3569 3702 animae
3590 3639 3955 3702 rationalis:

2476 3759 2511 3800 a
2544 3738 2782 3801 fetibus
2812 3738 3051 3819 quippe
3090 3738 3395 3801 abortivis
3436 3747 3583 3801 ante
3632 3739 3959 3802 rationalis

2476 3837 2705 3899 animae
2738 3836 3127 3899 infusionem
3164 3836 3603 3911 morientibuS‚
3630 3837 3722 3899 nil
3750 3847 3961 3899 manet

2476 3944 2876 4017 perpetuum.
2897 3939 3031 3996 Aut
3060 3937 3177 4015 qui
3194 3939 3478 4012 concepti
3503 3956 3633 3996 non
3656 3938 3963 3997 videntne

2478 4039 2680 4094 lucem
2703 4056 2724 4093 .·
2746 4035 2855 4115 qui
2890 4034 3251 4097 moriuntur
3284 4034 3347 4095 in
3372 4044 3550 4097 utero
3573 4042 3714 4116 post
3734 4036 3961 4097 animae

2477 4132 2803 4195 rationalis
2838 4132 3246 4196 infusionem.
3268 4135 3397 4203 Ibi,
3424 4132 3669 4196 scilicet
3699 4134 3761 4194 in
3792 4142 3959 4195 statu

879 4242 1006 4295 tam
1045 4251 1172 4294 non
1214 4240 1472 4312 propter
1517 4248 1583 4293 se
1629 4230 1831 4310 ipsam
1875 4231 2208 4307 abhorreo,
2256 4233 2362 4293 sed
2398 4233 2448 4293 D
2476 4251 2665 4313 quem
2718 4233 2955 4294 habent
2999 4232 3107 4313 qui
3150 4232 3443 4314 concepti
3487 4251 3613 4295 non
3666 4231 3963 4295 viderunt

877 4332 959 4394 ob
1013 4331 1182 4393 mala
1229 4328 1505 4410 poenalia
1562 4328 1798 4409 quibus
1857 4329 2137 4410 affligor.
2190 4331 2367 4393 Unde

878 4429 1097 4493 omnia
1143 4447 1286 4509 quae
1323 4446 1515 4509 supra
1561 4426 1902 4507 figurative
1949 4430 2197 4491 locutus
2245 4438 2361 4505 est,

879 4527 997 4589 hac
1029 4525 1313 4589 clausula
1345 4525 1711 4607 exposuisse
1743 4527 2014 4590 videtur.

964 4630 1175 4695 Quare
1204 4646 1334 4686 non
1365 4628 1438 4686 in
1469 4631 1665 4686 vulva
1696 4636 1990 4686 mortuus
2018 4648 2161 4686 sum
2182 4630 2211 4688 ‚2
2240 4628 2367 4690 Hoc

880 4724 1036 4786 dicit
1067 4732 1375 4804 quantum
1407 4725 1483 4786 ad
1515 4732 1748 4786 statum
1781 4725 1949 4796 vitae‚
1987 4744 2115 4807 quo
2143 4744 2368 4789 eonce—

881 4823 972 4904 pti
1004 4821 1214 4904 primo
1247 4822 1471 4886 vivunt
1517 4823 1580 4883 in
1623 4830 1823 4884 utero.
1857 4823 2170 4896 Quantum
2217 4843 2367 4887 vero

879 4922 958 4983 ad
996 4928 1229 4982 statum
1261 4920 1430 4997 vitm,
1468 4940 1596 5002 quo
1629 4920 1853 4983 vivunt
1895 4928 2038 5002 post
2081 4922 2369 4984 nativita-

878 5028 1004 5082 tem
1037 5039 1112 5082 ex
1145 5027 1346 5095 utero,
1369 5018 1604 5093 subdit,
1629 5039 1913 5096 egressus
1929 5040 2010 5077 eoe
2038 5028 2217 5079 utero
2238 5041 2366 5080 non

875 5121 1096 5179 statim
1129 5120 1353 5196 perii?
1383 5116 1458 5177 Et
1500 5117 1652 5198 quia
1693 5136 1890 5197 quum
1921 5117 2152 5197 aliquis
2185 5118 2362 5193 dicit,

876 5214 1077 5289 Quare
1109 5215 1226 5278 hoc
1259 5214 1498 5277 factum
1525 5218 1664 5277 est?
1697 5216 1801 5276 dat
1836 5214 2215 5295 intelligere,
2250 5216 2367 5277 sal—

880 5321 1002 5375 tem
1036 5312 1400 5392 aliquande,
1437 5313 1605 5393 quod
1641 5311 1951 5374 inutiliter
1986 5310 2225 5373 factum
2258 5314 2359 5387 sit,

2474 4331 2704 4407 lucem,
2734 4332 2924 4405 impii
2949 4341 3353 4391 cessaverunt
3370 4352 3409 4391 a
3435 4334 3742 4401 tumultu,
3768 4349 3959 4411 quem

2476 4430 2617 4491 aliis
2650 4428 3032 4506 inferebant,
3058 4448 3219 4510 quos
3251 4428 3669 4491 afflixerunt:
3701 4429 3871 4509 qnod
3894 4428 3959 4489 in

2476 4535 2641 4589 statu
2674 4527 2784 4590 illo
2818 4527 3100 4589 nondum
3127 4525 3334 4589 facere
3365 4533 3729 4607 potuerunt,
3756 4526 3959 4589 necin

2476 4627 2668 4688 simili
2724 4626 2932 4689 facere
2976 4634 3281 4708 possunt3
3316 4636 3375 4685 et
3412 4627 3530 4694 ibi,
3560 4624 3855 4688 videlicet
3893 4624 3961 4686 in

2477 4734 2642 4787 statu
2675 4734 3093 4800 mortuorum,
3124 4726 3578 4803 requieverunt
3602 4726 3758 4800 fessi
3796 4726 3963 4783 robo-

2477 4846 2565 4895 re,
2621 4824 2682 4884 id
2735 4832 2849 4897 est,
2904 4822 3012 4903 qui
3069 4821 3409 4904 pugnando
3458 4832 3566 4884 aut
3612 4822 3961 4885 laborando

2476 4929 2625 4984 sunt
2658 4921 2902 5001 fatigati
2950 4939 2963 4982 :
3008 4940 3134 4983 non
3166 4929 3374 4982 autem
3411 4921 3694 5003 loquitur
3726 4920 3851 4982 nisi
3882 4922 3964 4983 de

2474 5020 2690 5100 quiete
2720 5038 2755 5081 a
2788 5019 2973 5081 malis
3004 5018 3151 5083 vitae
3196 5020 3551 5100 praesentis,
3586 5023 3669 5081 Ec
3718 5018 3810 5080 illi
3846 5018 3959 5099 qui

2477 5117 2735 5179 fuerunt
2766 5122 3092 5195 quondam
3116 5118 3375 5195 pariter
3394 5119 3619 5184 vincti,
3653 5125 3837 5179 erunt
3870 5116 3961 5177 ibi

2472 5217 2611 5275 sine
2643 5216 2956 5284 molestia,
2989 5214 3050 5275 id
3095 5223 3191 5277 est
3222 5212 3419 5295 priori
3464 5215 3776 5293 angustia,
3812 5234 3959 5277 eum

2475 5312 2567 5374 eis
2598 5313 2708 5395 qui
2740 5312 2988 5375 vinctos
3019 5331 3125 5375 eos
3158 5312 3495 5387 tenebant3
3543 5320 3602 5375 et
3635 5311 3725 5373 ibi
3754 5312 3961 5374 homi-
