4309 6259
643 2085 756 2130 nist.
781 2084 855 2128 lib.

591 2148 644 2192 1v
655 2148 795 2205 Regae.
801 2150 863 2190 25.

891 490 1010 555 250

1190 507 1536 556 numano
1577 508 1641 553 IN
1683 508 1820 553 cAP.
1865 509 2062 556 XXVIII
2099 508 2261 554 unm
2302 508 2553 555 81:06an
2593 508 3120 557 PARALIPOUENON.
3163 528 3244 538 —
3283 509 3427 555 ΛΒΤ.
3471 511 3663 557 xxvtu

883 684 1091 743 Israel
1121 682 1450 743 bellatores
1471 683 1874 758 proedam,et
1904 682 2207 741 universa
2230 700 2372 759 quoe
2400 678 2451 740 A
2561 682 2837 757 Insuper
2865 690 2925 742 et
2956 691 3229 758 tempore
3258 683 3573 759 anqustioe
3600 702 3732 743 suoe
3768 683 3953 742 auoeit

885 790 1208 857 ceperant,
1238 800 1452 841 coram
1473 782 1885 858 principibus
1911 790 1971 839 et
1999 782 2181 839 omni
2208 782 2373 839 mul-

889 880 1192 941 titudine.
1252 882 1702 959 Steteruntque
1759 880 1919 948 viri,
1968 898 2122 956 quos
2170 897 2372 956 supra

885 980 1406 1050 memoravimus,
1429 988 1488 1038 et
1518 981 2060 1055 apprehendentes
2087 978 2372 1054 captivos

887 1096 1102 1137 omnes
1143 1078 1263 1157 qui
1299 1078 1470 1137 nudi
1507 1085 1719 1145 erant,
1749 1077 2100 1136 vestierunt
2136 1078 2217 1135 de
2241 1095 2374 1153 spo-

884 1177 1018 1237 liis.
1072 1179 1408 1255 Quumque
1455 1177 1810 1237 vestiissent
1855 1196 1954 1235 eos
2001 1184 2059 1235 et
2105 1178 2374 1235 calceas-

883 1284 1048 1345 sent,
1067 1283 1128 1333 et
1157 1275 1523 1352 refecissent
1551 1276 1686 1333 cibo
1707 1294 1784 1335 ac
1799 1284 1980 1351 potu,
2007 1274 2315 1333 unxissen
2324 1282 2371 1333 t-

882 1394 1006 1454 que
1039 1382 1306 1451 propter
1353 1374 1656 1443 laborem,
1695 1382 1756 1433 et
1793 1374 2239 1433 adhibuissent
2282 1373 2372 1431 eis

883 1492 1136 1542 curam,
1150 1473 1537 1552 quicumque
1556 1476 1890 1533 ambulare
1903 1492 2034 1533 non
2053 1480 2371 1548 poterant,

884 1580 944 1631 et
963 1578 1151 1630 erant
1171 1571 1487 1630 imbecillo
1507 1588 1790 1647 corpore,
1812 1571 1839 1627 i
1843 1580 2257 1647 inposuerunt
2274 1588 2373 1629 eos

873 1670 1223 1747 jumentis,
1243 1678 1303 1729 et
1330 1672 1752 1730 addua-erunt
1780 1688 1879 1729 eos
1909 1670 1984 1731 in
2010 1670 2263 1729 Iericho
2293 1671 2373 1729 ci-

889 1770 1152 1829 vitatem
1183 1770 1595 1840 Palmarum,
1621 1771 1708 1828 ad
1734 1769 1974 1844 fratres
2001 1788 2249 1838 eorum,
2277 1770 2375 1845 ip-

886 1868 1068 1945 sique
1095 1867 1334 1926 reversi
1361 1876 1514 1926 sunt
1543 1867 1616 1926 in
1647 1868 2048 1927 Samariam.

979 1968 1272 2041 Tempore
1301 1966 1415 2023 illo
1447 1966 1625 2024 misit
1655 1985 1772 2023 rex
1797 1967 2016 2025 Achaz
2049 1968 2136 2025 ad
2166 1985 2374 2042 reyem

887 2063 1334 2139 Assyriorum,
1345 2067 1680 2139 postulans
1701 2064 2057 2123 auxilium.
2079 2063 2206 2125 Hoc
2231 2082 2375 2125 con·

887 2169 1069 2223 sonat
1099 2159 1380 2241 prael'atae
1412 2161 1756 2224 narrationi
1779 2160 2052 2240 Magistri
2085 2162 2152 2223 in
2184 2161 2377 2225 histo-

887 2258 1021 2333 riiS,
1049 2259 1217 2339 quod
1250 2258 1495 2321 scilicet
1515 2267 1659 2340 post
1679 2259 1952 2340 primam
1974 2259 2372 2322 obsidionem

885 2366 948 2420 et
973 2356 1465 2420 debellationem
1499 2376 1678 2418 suam
1719 2357 1923 2419 Achaz
1963 2358 2312 2438 postulavit
2339 2377 2377 2420 a

811 2466 814 2471 '
886 2472 1032 2535 rege
1072 2456 1474 2538 Assyriorum
1517 2456 1898 2518 subsidium.
1933 2459 2375 2536 Veneruntque

594 4443 647 4487 lv
657 4444 764 4499 Req.
777 4457 857 4497 xvi,

594 4510 635 4557 7,
657 4510 698 4549 8.

885 2557 1192 2625 Idumoei,
1221 2566 1281 2617 et
1307 2565 1763 2632 percusserunt
1805 2560 2037 2616 multos
2065 2577 2147 2615 ex
2172 2558 2373 2626 Juda,

883 2664 943 2715 et
973 2663 1278 2731 ceperunt
1307 2657 1605 2731 proedam
1643 2675 1970 2731 maynam.
2004 2656 2375 2717 Philistiim

884 2774 1132 2833 quoque
1160 2756 1395 2831 diffusi
1421 2763 1574 2814 sunt
1591 2774 1714 2831 per
1753 2756 1938 2814 urbes
1973 2767 2371 2832 campestres,

883 2862 943 2913 el
986 2856 1074 2913 ad
1115 2854 1452 2913 meridiem
1486 2854 1685 2923 Juda,
1719 2852 1782 2915 id
1820 2859 1936 2927 est,
1988 2853 2177 2915 urbes
2218 2854 2377 2916 Juda

887 2951 1040 3013 sitas
1074 2950 1139 3012 in
1181 2949 1423 3032 campis
1461 2951 1640 3031 juxta
1679 2949 1966 3015 confinia
2002 2951 2370 3029 Palaestinen,

2480 789 2915 856 contemptum
2947 782 3018 839 in
3050 783 3403 841 Dominum
3432 798 3455 841 .·
3487 779 3638 859 quia
3667 778 3731 841 in
3762 778 3955 841 tribu-

2481 876 2829 940 lationibus
2872 877 3062 941 tantis
3102 896 3230 941 non
3268 887 3365 941 est
3402 897 3689 941 reversus
3718 878 3795 939 ad
3824 896 3951 955 cor,

2482 996 2599 1039 nec
2628 976 2802 1039 lsaiae
2832 977 3315 1059 obtemperavit,
3352 978 3461 1040 sed
3494 978 3645 1041 deos
3676 976 3887 1059 Syriae,
3920 996 3955 1038 a

2479 1075 2715 1157 quibus
2758 1074 2882 1138 fuit
2922 1096 3282 1158 percussuS‚
3316 1076 3601 1139 adoravit
3638 1084 3703 1139 et
3737 1075 3951 1139 coluit.

2480 1175 2807 1256 Siquidem
2842 1174 2979 1257 Syri
3016 1176 3093 1237 ad
3134 1175 3663 1239 consultationem
3698 1176 3954 1239 deorum

2480 1282 2545 1337 et·
2600 1273 3059 1336 daemoniorum
3117 1292 3375 1337 suorum
3434 1274 3959 1355 impugnaverunt

2481 1371 2752 1454 impium
2782 1370 3007 1448 Achaz‚
3045 1372 3263 1453 sicque
3295 1390 3632 1453 percussus
3662 1371 3959 1434 asseritur

2481 1489 2518 1533 a
2538 1470 2661 1532 diis
2680 1470 2997 1552 Syrorum.
3013 1474 3157 1548 Ipse
3166 1490 3286 1549 per
3298 1492 3363 1531 se
3382 1492 3499 1530 γεω
3510 1473 3728 1532 Acleaz
3746 1472 3962 1530 immo-

2483 1571 2646 1631 lavit
2676 1571 2808 1629 diis
2839 1570 3145 1630 Damasci
3176 1570 3468 1629 victimas
3488 1570 3963 1647 percussoribus

2478 1670 2638 1739 suis,
2660 1678 2720 1729 et
2747 1669 2924 1728 dimit
2945 1689 2967 1727 .·
2989 1670 3106 1728 Dii
3134 1688 3359 1745 requm
3388 1670 3605 1745 Syrioe
3632 1668 3964 1729 auxilian-

2487 1777 2595 1827 tur
2636 1770 2767 1839 eis,·
2804 1787 2959 1847 quos
2999 1786 3109 1843 eqo
3138 1768 3407 1844 placabo
3446 1768 3691 1835 hostiis,
3721 1776 3782 1827 et
3820 1770 3965 1827 ade-

2412 1866 2456 1926 B
2485 1874 2643 1926 runt
2671 1867 2839 1926 milti
2866 1887 2889 1925 .·
2919 1886 3125 1944 quum
3162 1866 3519 1926 econtrario
3558 1866 3688 1943 ipsi
3713 1866 3964 1944 fuerint

2487 1966 2687 2024 ruina
2715 1964 2799 2035 ei,
2832 1974 2891 2024 et
2931 1966 3231 2025 universo
3267 1967 3493 2026 Israel.
3530 1965 3814 2041 Direptis
3846 1964 3967 2023 ita-

2487 2084 2609 2142 que
2625 2064 2849 2123 Ackaz
2868 2064 3161 2123 omnibus
3182 2064 3353 2123 vasis
3371 2066 3599 2123 domus
3620 2063 3762 2132 Dei,
3778 2071 3969 2140 atque

2482 2163 2835 2240 confractis
2866 2182 2888 2220 .·
2918 2160 3186 2242 diripuit
3214 2161 3385 2223 enim
3428 2180 3501 2223 ea
3538 2170 3603 2223 ct
3634 2159 3847 2239 fregit,
3880 2170 3969 2223 at-

2482 2279 2611 2341 que
2643 2260 2707 2321 in
2740 2258 2899 2321 alios
2932 2277 3083 2321 usus
3115 2259 3451 2335 convertit,
3484 2279 3557 2322 ac
3588 2278 3853 2321 munera
3882 2259 3970 2321 in-

2484 2358 2563 2419 dc
2584 2356 2845 2419 donavit
2866 2355 2995 2437 regi
3018 2356 3420 2438 Assyriorum
3440 2381 3455 2431 ς
3478 2359 3711 2417 clausit
3714 2358 3969 2435 januas

2487 2458 2708 2533 templi
2739 2458 2882 2527 Dei,
2918 2464 2987 2518 ut
3017 2456 3225 2518 cultus
3255 2455 3365 2518 Dei
3396 2456 3657 2519 omnino
3694 2467 3969 2519 cessaret

2485 2553 2548 2615 in
2586 2553 2844 2635 templo,
2868 2564 2927 2615 et
2944 2555 3100 2631 fecit
3126 2555 3253 2614 sibi
3279 2556 3523 2615 altaria
3550 2556 3623 2615 in
3649 2555 3971 2615 universis

2483 2655 2747 2730 anyulis
2763 2657 3142 2715 Jerusalem.
3166 2656 3250 2715 In
3270 2655 3565 2715 omnibus
3584 2674 3835 2733 quoque
3865 2676 3973 2714 ur-

2486 2754 2667 2812 bibus
2692 2755 2867 2812 Juda
2894 2754 3219 2812 exstruxit
3250 2773 3403 2813 aras
3435 2754 3523 2812 ad
3546 2754 3973 2813 cremandum

2486 2854 2659 2919 thus,
2680 2861 2871 2929 atque
2898 2853 2987 2910 ad
3014 2852 3435 2912 iracundiam
3451 2853 3829 2929 provocavit
3856 2855 3975 2913 Do-

2486 2953 2741 3010 minum
2772 2953 2977 3011 Deum
2996 2960 3269 3027 patrum
3294 2970 3580 3011 suorum.

887 3057 950 3113 et
995 3050 1061 3112 in
1107 3049 1459 3111 meridiana
1499 3050 1685 3132 plaga
1715 3050 1894 3132 regni
1924 3050 2084 3113 Juda
2113 3051 2377 3133 respici-
2411 3046 2454 3109 C
2564 3051 2843 3129 Reliqua
2890 3060 3107 3111 autem
3148 3070 3513 3110 ser-monum
3549 3049 3711 3126 ejuS,
3742 3060 3803 3110 et
3848 3070 3977 3111 om·

887 3157 1032 3213 ente
1062 3156 1294 3211 terram
1321 3148 1827 3227 Philistinorum,
1850 3149 2244 3212 invaserunt.
2270 3149 2375 3212 lsti

886 3266 962 3309 cx
991 3247 1258 3328 antiquo
1288 3248 1560 3309 oderunt
1588 3247 1834 3311 Judaeos
1871 3264 1884 3309 :
1921 3248 2063 3311 ideo
2096 3248 2233 3310 visa
2273 3267 2378 3311 eo-

886 3365 1029 3407 rum
1079 3344 1540 3421 debilitatione,
1589 3353 1902 3409 auxerunt
1950 3346 2377 3410 calamitatem

887 3443 1194 3524 ipsorum.
1235 3447 1674 3524 Ceperuntque
1720 3448 2084 3506 Bethsames
2121 3456 2182 3507 et
2218 3449 2380 3508 Aia-

891 3545 1018 3613 lon,
1046 3553 1105 3602 et
1150 3546 1492 3614 Gaderoth,
1529 3545 1730 3604 Soclio
1769 3564 2017 3623 quoque
2052 3554 2112 3604 et
2148 3548 2380 3605 Tham-

885 3660 1021 3701 nan
1041 3650 1100 3701 et
1128 3644 1368 3701 Gamzo
1398 3662 1546 3701 cum
1571 3643 1826 3711 viculis,
1839 3651 1898 3701 et
1918 3644 2378 3702 habitaverunt

887 3741 959 3799 in
987 3741 1100 3799 eis.
1131 3740 1619 3799 Humiliaverat
1649 3741 1826 3798 enim
1855 3742 2174 3799 Dominus
2201 3742 2378 3800 Juda

877 3847 1144 3915 propter
1183 3840 1406 3897 Achaz
1448 3857 1660 3914 reyem
1696 3840 1894 3905 Juda,
1933 3856 2000 3895 eo
2044 3840 2217 3916 quod
2258 3858 2379 3897 nu-

883 3938 1094 3998 dasset
1122 3957 1272 3997 eum
1304 3938 1585 4007 auxilio,
1618 3946 1678 3997 et
1706 3938 2100 4014 contemptui
2128 3940 2381 3998 habuis-

885 4044 974 4095 set
1027 4036 1402 4095 Dominum.
1458 4037 1886 4114 Adduxitque
1945 4046 2171 4097 contra
2230 4057 2379 4096 eum

893 4134 1512 4209 Theylatkphalasar
1543 4152 1748 4209 reqem
1782 4135 2233 4209 Assyriorum,
2262 4136 2381 4214 qui

2486 3150 2676 3209 nium
2705 3169 2970 3227 operum
2998 3168 3265 3209 suorum
3288 3150 3591 3225 priorum
3618 3158 3677 3207 et
3708 3151 3979 3209 novissi·

2487 3267 2762 3318 morum,
2786 3250 3029 3324 scripta
3056 3256 3211 3307 sunt
3240 3247 3313 3305 in
3346 3248 3507 3307 libro
3526 3248 3775 3323 Reyum
3796 3250 3975 3307 Juda

2486 3356 2545 3405 et
2566 3348 2788 3407 Israel.
2804 3347 3034 3406 Dormi
3040 3348 3255 3424 vitque
3276 3347 3491 3405 Achaz
3512 3366 3659 3404 cum
3671 3347 3979 3421 patribus

2486 3445 2644 3515 suis,
2677 3454 2737 3503 et
2773 3444 3162 3520 sepelierunt
3200 3462 3348 3503 eum
3386 3445 3453 3503 in
3494 3444 3758 3503 civitate
3793 3446 3980 3503 Jeru-

2486 3546 2739 3603 salem:
2769 3559 2897 3604 non
2938 3540 3004 3602 in
3045 3540 3304 3603 civitate
3335 3540 3552 3615 David,
3586 3540 3649 3602 id
3690 3548 3808 3617 est,
3846 3560 3976 3603 non

2490 3640 2555 3701 in
2587 3658 2661 3702 ea
2691 3648 2867 3721 parte
2897 3639 3266 3715 Jerusalem,
3301 3659 3444 3721 quae
3483 3638 3653 3702 dicta
3690 3648 3789 3701 est
3826 3639 3981 3702 civi-

2490 3748 2582 3800 tas
2603 3737 2821 3813 David,
2840 3737 2951 3800 ubi
2982 3745 3117 3799 erat
3148 3755 3297 3817 ager
3327 3736 3631 3817 regalium
3662 3738 3983 3818 sepulcro-

2488 3856 2662 3911 rum;
2693 3836 2801 3899 sed
2833 3834 2901 3897 in
2931 3836 3057 3897 alia
3086 3844 3266 3917 parte
3285 3835 3652 3911 Jerusalem,
3672 3844 3980 3917 tanquam

2490 3936 2822 4015 indignum
2867 3934 2962 3996 uti
3011 3935 3333 3997 consortio
3373 3934 3717 4016 sepulturae
3754 3953 3979 4015 regum

2490 4034 2824 4096 bonorum.
2860 4032 3004 4095 Ideo
3044 4032 3341 4095 subditur
3376 4050 3389 4095 ε
3430 4036 3647 4113 Neque
3683 4035 3863 4093 enim
3892 4054 3987 4093 re—

2488 4141 2791 4209 ceperunt
2831 4153 2981 4191 eum
3022 4133 3095 4191 in
3134 4133 3445 4209 sepulcris
3483 4152 3707 4208 reyum
3744 4134 3985 4200 Israel,

886 4240 944 4289 et
985 4232 1226 4305 afflixit
1273 4250 1444 4296 eum,
1485 4240 1544 4291 et
1583 4234 1764 4289 nullo
1805 4233 2131 4292 resistente
2170 4242 2381 4293 vasta·
2412 4230 2459 4291 l)
2490 4230 2552 4292 id
2588 4237 2704 4305 est,
2731 4248 2859 4293 non
2891 4228 3321 4311 permiserunt
3352 4248 3581 4311 corpus
3610 4228 3749 4309 ejus
3782 4229 3985 4292 locari

885 4329 1003 4387 vit.
1058 4326 1178 4388 Iste
1222 4324 1346 4387 fuit
1391 4345 1519 4401 rex,
1569 4346 1606 4387 a
1646 4346 1775 4408 quo
1816 4328 2019 4391 Achaz
2053 4330 2188 4411 jam
2233 4338 2379 4392 ante

887 4424 1159 4505 petierat
1189 4442 1398 4505 opem,
1431 4433 1494 4487 et
1537 4444 1804 4487 munera
1841 4426 1900 4487 ei
1942 4426 2203 4490 miserat
2240 4448 2381 4510 pre-

891 4522 1072 4584 tiosa.
1123 4522 1333 4585 Nihilo
1383 4522 1592 4585 minus
1643 4532 1926 4606 tempore
1970 4528 2375 4607 procedente,

889 4621 1058 4683 idem
1101 4640 1208 4683 rex
1249 4622 1423 4685 venit
1462 4630 1524 4684 et
1571 4623 1925 4687 devastavit
1967 4643 2231 4704 regnum
2272 4626 2381 4687 im-

887 4718 1164 4800 piissimi
1224 4720 1450 4791 Achaz,
1507 4729 1571 4783 et
1627 4722 1947 4803 oppressit
2005 4724 2379 4786 muneribus

886 4835 1032 4897 quae
1068 4816 1126 4879 ei
1167 4817 1439 4880 contulit
1478 4818 1704 4881 Achaz.
1738 4822 1959 4896 Iyitur
1989 4824 2212 4881 Achaz
2250 4842 2381 4899 spo-

889 4917 1055 4975 liata
1099 4919 1285 4976 domo
1335 4917 1625 4987 Domini,
1677 4928 1736 4977 et
1792 4920 1978 4978 domo
2031 4939 2256 4996 reyum
2306 4942 2382 4982 ac

880 5015 1290 5091 principum,
1319 5017 1500 5076 dedit
1530 5018 1670 5093 reyi
1697 5018 2120 5093 Assyriorum
2162 5040 2382 5080 mune-

889 5132 994 5181 ra,
1022 5121 1082 5172 et
1115 5122 1328 5174 tamen
1357 5116 1533 5175 nihil
1562 5116 1624 5173 ei
1645 5116 1928 5193 profuit.

2490 4328 2557 4390 in
2587 4328 2804 4409 aliquo
2835 4328 3141 4407 regalium
3174 4327 3628 4410 sepulcrorum,
3649 4327 3715 4390 in
3737 4328 3983 4409 quibus

2488 4426 2911 4490 communiter
2940 4426 3414 4508 sepeliebantur
3454 4446 3632 4509 reges
3664 4427 3875 4498 lsrael,
3912 4428 3984 4489 id

2490 4535 2584 4590 est
2624 4544 2803 4605 reges
2841 4527 3001 4588 Juda
3039 4526 3173 4589 nati
3211 4545 3286 4589 ex
3323 4525 3534 4603 Jacob,
3569 4526 3681 4607 qui
3712 4526 3840 4589 alio
3866 4546 3985 4589 no-

2488 4625 2662 4687 mine
2694 4625 2899 4687 dictus
2932 4634 3029 4687 est
3060 4624 3270 4701 Israel,
3306 4625 3416 4706 qui
3454 4624 3844 4707 praefuerunt
3876 4626 3987 4687 tri-

2490 4722 2698 4785 bubus
2737 4723 2895 4785 Juda
2933 4732 2996 4787 et
3032 4723 3183 4786 Levi
3225 4742 3299 4787 ac
3330 4723 3655 4805 Benjamin
3698 4724 3863 4785 natis
3902 4744 3985 4787 ex

2490 4822 2677 4885 Israel
2715 4840 2728 4884 :
2765 4822 2985 4903 sicque
3014 4840 3192 4902 reges
3223 4822 3413 4885 lsrael
3442 4821 3843 4905 accipiuntur
3872 4822 3987 4887 hic

2492 4940 2621 4984 non
2653 4940 2769 5003 pro
2813 4920 3069 5000 regibus
3109 4921 3327 4985 decem
3370 4922 3673 4998 tribuum,
3710 4930 3779 4984 ut
3810 4941 3989 4985 com-

2491 5019 2771 5081 muniter
2801 5019 2870 5082 in
2902 5018 3085 5081 libris
3116 5020 3356 5100 Regum
3388 5020 3589 5102 accipi
3622 5020 3847 5085 solent.
3866 5024 3991 5083 Re-

2485 5120 2842 5198 qnavilque
2872 5120 3183 5180 Ezechias
3208 5124 3286 5195 fil
3292 5122 3391 5179 ius
3418 5120 3557 5196 ejus
3576 5138 3699 5197 pro
3726 5141 3817 5181 e0.

3982 1126 3999 1166 1

4010 998 4065 1040 12.
4074 1012 4117 1039 vu
4128 1014 4136 1043 ;
4150 996 4187 1039 n·

3976 1060 4069 1165 qu.
4078 1064 4159 1106 ml
4165 1063 4195 1102 ⁸2⁸-

4034 4643 4137 4683 Gen.
4153 4652 4245 4679 nx·-

4016 4708 4083 4754 2&
4098 4706 4251 4745 nutv
