4309 6259
789 523 1138 568 manuario
1181 524 1242 567 ΙΝ
1286 524 1420 567 CAP.
1473 524 1532 566 lV
1577 523 1731 567 mum
1775 522 2026 567 SECUNDI
2071 522 2597 567 PARAmPOMENON.
2648 542 2727 551 ·—
2768 523 2909 567 ΛΒΤ.
2958 524 3017 567 lv
3328 504 3441 568 197

123 713 218 755 nist.
247 711 318 754 lib.
351 714 555 754 nium.
609 694 770 755 Haec‘
804 692 1096 772 Magister
1151 692 1216 754 in
1267 691 1551 753 historiis
1609 691 1849 772 aliique
1879 689 1928 751 A
2037 695 2207 752 Ante
2235 695 2404 771 fores
2430 694 2626 753 eciam
2658 695 2879 769 templi
2901 696 3066 753 duas
3084 697 3439 764 columnas,

87 776 318 831 ¹¹¹R⁰3·⁰·¹¹‘
349 790 659 855 Catholici
693 793 786 855 sic
816 798 1164 873 exponunt,
1190 792 1360 872 quod
1393 790 1709 852 habebant
1743 808 1850 869 pe-
1957 811 2099 869 quoe
2132 792 2406 867 tre'yinta
2436 800 2495 851 et
2539 794 2825 870 quinque
2854 793 3093 852 cubitos
3130 794 3443 852 habebant

119 3176 158 3217 lii
167 3176 252 3233 Req.
263 3194 312 3230 vt,

157 3614 292 3657 Barth.

110 3688 204 3725 nm,
230 3682 268 3720 51
291 3696 302 3729 ;

110 3737 220 3781 flare.
243 3758 302 3792 xv,

113 3802 170 3848 δεῖς
191 3804 282 3849 Lae·

113 3877 196 3910 nm.
218 3871 276 3910 45.
349 3872 510 3931 sum,
547 3853 656 3918 vel
691 3851 904 3914 simile
936 3850 1055 3912 illi.

347 891 458 953 des
500 890 866 973 obliquatos
909 890 1092 972 quasi
1131 890 1210 951 ad
1255 888 1734 964 ambulandum,
1785 897 1848 951 ct

346 990 651 1068 elevatOS,
675 991 844 1052 sicut
874 988 1170 1053 videlicet
1193 987 1256 1049 in
1281 987 1578 1069 tripudiis
1609 988 1846 1050 habent

345 1089 642 1152 homines
687 1089 978 1151 saltando
1024 1086 1395 1169 jubilantes,
1439 1086 1550 1149 Cui
1600 1087 1848 1168 exposi-

342 1188 502 1249 tioni
555 1187 783 1269 objicit
831 1186 1117 1269 quidam,
1165 1186 1337 1267 quia,
1373 1194 1444 1247 ut
1492 1185 1737 1261 asserit,
1777 1186 1843 1247 in

342 1285 606 1348 Hebraeo
638 1286 928 1362 habetur,
955 1283 1216 1347 Stabant
1236 1303 1428 1366 super
1451 1285 1644 1366 pedes
1677 1303 1842 1347 suos

341 1386 800 1447 Verumtamen
834 1392 1132 1466 praetacta
1163 1383 1274 1445 illa
1302 1384 1614 1465 expositio
1636 1383 1844 1465 aptior

341 1502 482 1547 esse
531 1493 854 1560 censetur,
907 1492 971 1546 et
1020 1481 1322 1565 mysterio
1373 1482 1646 1564 amplius
1695 1500 1845 1543 con-

341 1583 536 1664 gruit.
582 1582 762 1659 Nam,
806 1589 878 1644 ut
917 1580 1122 1644 fertur
1160 1582 1226 1643 in
1255 1580 1496 1657 Glossa,
1531 1581 1674 1643 ideo
1721 1588 1844 1642 sta—

343 1682 497 1743 bant
528 1680 809 1764 pedibus
841 1680 933 1743 sic
965 1680 1216 1753 erectiS‚
1241 1681 1319 1743 ad
1351 1680 1838 1759 designandum,

338 1780 492 1861 quia
541 1798 663 1843 nos
711 1799 750 1842 a
799 1778 1024 1842 mundi
1073 1779 1266 1861 hujus
1313 1777 1843 1861 peregrinationis

1957 891 2381 961 altitudinis;
2407 910 2603 969 porro
2634 892 2849 968 capita
2892 911 3117 951 earum
3156 893 3445 970 quinque

1955 991 2340 1051 cubitorum.
2379 992 2641 1052 Necnon
2680 1000 2739 1049 et
2778 992 2968 1069 quasi
3004 995 3335 1051 catenulas
3368 991 3441 1051 in

1954 1092 2236 1159 oracul0,
2278 1098 2337 1149 et
2378 1090 2788 1166 superposuit
2833 1109 2939 1149 eas
2978 1090 3298 1167 capitibus
3345 1110 3443 1148 co-

1955 1190 2356 1247 lumnarum.
2391 1186 2653 1261 Quidam
2687 1206 2800 1268 per
2839 1186 3166 1249 oraculum
3206 1185 3442 1249 intelli-

1952 1294 2110 1365 gunt
2151 1284 2255 1347 hic
2300 1285 2615 1366 porticum
2656 1305 2765 1347 scu
2815 1285 3045 1347 atrium
3093 1284 3336 1366 templi,
3374 1285 3439 1347 in

1951 1403 2080 1467 quo
2112 1384 2272 1447 atrio
2303 1402 2413 1447 seu
2447 1384 2697 1465 porticu
2727 1392 2907 1446 erant
2932 1384 3245 1447 columnae
3279 1401 3294 1445 :
3328 1384 3442 1446 sic·

1954 1502 2081 1563 que
2110 1502 2225 1565 per
2254 1482 2580 1545 catenulas
2626 1481 2777 1544 istas
2808 1482 3133 1563 accipiunt
3174 1501 3335 1565 opus
3367 1482 3441 1544 il-

1955 1582 2064 1643 lud
2089 1580 2491 1644 reticulatum
2514 1587 2577 1643 et
2595 1587 3099 1656 concatenatum,
3124 1580 3440 1662 capitibus

1954 1679 2398 1742 columnarum
2430 1678 2683 1740 illarum
2718 1678 3104 1760 appositum.
3140 1679 3259 1740 Sed
3283 1697 3441 1760 quo-

1955 1778 2127 1840 niam
2187 1778 2514 1840 oraculum
2565 1796 2692 1839 non
2741 1776 3074 1839 consuevit
3120 1776 3322 1859 accipi
3372 1776 3439 1839 in

339 1898 633 1942 aerumna
659 1886 928 1957 erectoS,
961 1880 1042 1941 ad
1071 1898 1257 1940 suum
1289 1877 1846 1941 desiderantveni-
1881 1874 1926 1935 B
1955 1876 2322 1959 ScripturiS,
2358 1876 2484 1938 nisi
2529 1894 2644 1957 pro
2687 1874 3151 1958 propitiatorio,
3189 1894 3265 1938 ex
3313 1894 3441 1957 quo

341 1998 408 2041 re
441 1976 885 2053 consortium3
939 1977 1089 2039 item
1133 1978 1212 2039 ad
1253 1975 1663 2056 figurandum
1713 1996 1846 2039 om-

341 2078 524 2139 nium
561 2095 990 2161 supernorum
1036 2076 1376 2159 spirituum
1418 2076 1845 2139 exuberantis-

341 2178 573 2239 simam
633 2175 1124 2259 Jucunditatem.
1176 2175 1388 2238 Potest
1444 2183 1653 2237 autem
1704 2194 1844 2238 esse

340 2275 513 2357 quod
547 2294 766 2339 sermo
796 2276 1096 2338 Hebraeus
1136 2283 1478 2355 utrumque
1511 2274 1839 2354 designet3

342 2376 448 2437 sed
469 2374 902 2458 Hieronymus
934 2374 1000 2436 in
1019 2373 1334 2437 veriorem
1354 2373 1678 2435 transtulit
1709 2392 1846 2435 sen-

343 2493 501 2550 sum,
538 2474 649 2536 cui
691 2482 755 2536 et
785 2473 926 2536 aliae
960 2472 1404 2535 translationes
1433 2473 1840 2535 concordant.

418 2574 608 2634 Fecit
640 2592 894 2651 quoque
935 2576 1150 2632 velum
1178 2592 1258 2631 ex
1288 2572 1660 2649 hyacintho,
1687 2590 1847 2649 pur—

332 2692 532 2750 pura,
585 2690 763 2731 cocco
809 2680 870 2731 et
923 2673 1126 2747 byssO,
1180 2670 1244 2731 id
1293 2676 1390 2731 est
1437 2688 1512 2731 ex
1563 2668 1846 2731 materiis

341 2769 574 2831 horum
621 2776 898 2849 quatuor
937 2766 1221 2845 colorum
1269 2764 1612 2827 subtilibus
1650 2774 1713 2828 et
1755 2765 1848 2828 in-

342 2868 576 2941 textis3
631 2876 691 2927 et
734 2868 1022 2927 inteoeuit
1067 2867 1130 2924 ei
1163 2866 1524 2926 Cherubim..
1559 2864 1727 2927 Istud
1780 2866 1845 2926 in

341 2965 528 3027 tertio
563 2964 810 3044 Regum
854 2963 1019 3025 libro
1065 2962 1399 3038 omittitur,
1437 2962 1602 3024 sicut
1648 2970 1711 3024 et
1758 2961 1846 3023 ibi

1956 1974 2383 2063 procedebant
2414 1973 2632 2037 divina
2662 1993 2986 2056 responsa,
3023 1973 3123 2036 vel
3154 1992 3270 2055 pro
3291 1974 3443 2036 San-

1953 2084 2054 2139 cto
2085 2082 2474 2151 sanctorum,
2510 2072 2577 2134 in
2607 2090 2735 2153 quo
2775 2071 3284 2154 propitiatorium
3318 2072 3443 2135 fuit

1951 2180 2316 2237 contentum
2334 2195 2349 2246 3
2372 2171 2515 2233 ideo
2540 2170 2649 2233 alii
2671 2189 2785 2253 per
2803 2170 3126 2233 catenulas
3148 2170 3215 2232 in
3233 2189 3446 2234 oracu-

1951 2273 2015 2335 lo
2041 2269 2411 2351 intelligunt
2433 2288 2592 2351 opus
2619 2268 3019 2332 reticulatum
3044 2277 3437 2351 praetactum,

1955 2370 2164 2434 simile
2187 2368 2415 2448 figuris
2445 2386 2587 2449 quae
2608 2366 2675 2429 in
2697 2365 3045 2448 parietibus
3067 2366 3280 2430 Sancti
3302 2386 3445 2430 san-

1956 2478 2204 2533 ctorum
2236 2474 2417 2530 erant
2445 2465 2679 2528 caelatae
2718 2464 2917 2526 instar
2954 2465 3351 2528 concatenati
3381 2473 3445 2528 et

1953 2566 2229 2651 plectilis
2260 2564 2493 2647 operis,
2518 2564 2965 2627 Verumtamen
2996 2564 3166 2625 istud
3194 2564 3447 2627 videtur

1955 2667 2236 2730 alienum
2260 2684 2295 2727 a
2326 2672 2521 2739 textu,
2547 2662 2614 2725 in
2645 2682 2773 2743 quo
2794 2662 3122 2725 evidenter
3151 2661 3441 2739 habetur,

1955 2763 2290 2830 Catenulas
2340 2762 2407 2824 in
2460 2760 2740 2837 oracu10‚
2795 2768 2858 2821 et
2908 2779 3058 2837 non,
3109 2760 3445 2823 Catenulas

1956 2854 2221 2928 oraculi.
2244 2862 2435 2924 Porro
2456 2859 2782 2923 oraculum
2804 2877 2933 2921 uno
2952 2860 3140 2921 modo
3159 2866 3254 2922 est
3276 2859 3445 2923 idem

1956 2964 2126 3047 quod
2186 2960 2556 3035 oratorium,
2610 2958 2675 3020 id
2734 2966 2831 3021 est
2877 2957 3052 3020 locus
3112 2958 3440 3021 orationis

340 3063 606 3139 dicitur,
649 3063 824 3143 quod
877 3062 982 3125 hic
1033 3080 1161 3124 non
1210 3060 1503 3137 habetur,
1549 3061 1848 3123 videlicet
1883 3057 1927 3120 C
1956 3063 2202 3126 Atrium
2234 3068 2443 3123 autem
2475 3076 2586 3120 seu
2618 3056 2924 3139 porticuS,
2958 3054 3083 3118 fuit
3113 3056 3289 3119 locus
3317 3076 3449 3121 ora-

343 3164 420 3225 de
453 3162 714 3226 ostiolis
756 3161 917 3243 ligni
957 3160 1295 3223 olivarum.
1327 3160 1600 3241 Fuitque
1633 3160 1848 3222 velum

345 3263 516 3325 istud
545 3261 803 3325 decoris
825 3260 1029 3341 gratia
1058 3258 1320 3335 factum,
1359 3267 1428 3321 ut.
1458 3259 1624 3321 inter
1656 3259 1850 3341 parie-

345 3371 436 3423 tes
467 3362 815 3424 deauratos
840 3358 1268 3421 holosericum
1290 3357 1412 3421 hoc
1446 3356 1739 3439 fulgeret,
1757 3378 1850 3420 se-

343 3460 630 3522 cundum
661 3458 950 3521 Glossam
989 3475 1002 3519 :
1040 3457 1211 3538 quod
1243 3455 1547 3537 pependit
1577 3456 1654 3517 ad
1687 3455 1853 3537 pari-

345 3567 530 3633 etem,
569 3558 687 3639 qui
731 3557 898 3619 inter
929 3555 1228 3618 Sanctum
1261 3562 1324 3617 et
1357 3554 1522 3617 inter
1553 3554 1851 3616 Sanctum

346 3663 722 3719 sanctorum
763 3654 1010 3717 medius
1059 3652 1264 3726 stetit3
1322 3653 1490 3734 quod
1531 3652 1738 3716 velum
1791 3659 1854 3715 et

348 3763 643 3837 tempore
694 3752 1010 3836 passionis
1052 3752 1388 3814 dominicae
1428 3750 1660 3830 legitur
1703 3750 1856 3813 scis-

1959 3161 2152 3226 tionis
2180 3178 2297 3242 pro
2326 3158 2539 3238 vulgo,
2578 3163 2641 3219 et
2670 3156 2759 3218 ita
2787 3174 2959 3218 nunc
2990 3154 3284 3218 sumitur.
3308 3158 3448 3217 Μα-

1959 3267 2299 3338 loqranaca
2320 3259 2515 3317 etiam
2537 3265 2818 3324 centum,
2837 3274 2981 3333 quoe
3009 3256 3326 3314 catenulis
3346 3256 3449 3315 in-

1963 3359 2290 3436 terposuit.
2337 3358 2520 3432 Ipsas
2568 3373 2815 3433 quoque
2856 3356 3187 3413 columnas
3224 3355 3448 3430 posuit

1961 3464 2033 3521 in.
2084 3456 2393 3517 vestibulo
2447 3452 2690 3531 templi,
2738 3471 2941 3511 unam·
2985 3471 3027 3510 a
3073 3452 3342 3523 dextris,
3388 3462 3448 3512 et

1961 3560 2233 3617 alteram
2284 3572 2323 3610 α
2363 3550 2673 3609 sinistris,
2718 3550 2886 3608 Eam
2932 3567 3075 3625 quoe
3113 3567 3153 3606 a
3200 3546 3449 3605 deoecris

1961 3662 2126 3720 erat,
2168 3650 2419 3709 vocavit
2458 3648 2738 3717 lachim·
2772 3654 2831 3705 et
2878 3665 3021 3723 quoe
3067 3647 3155 3705 ad
3193 3647 3448 3713 laevam,

1964 3750 2215 3811 vocavit
2256 3750 2451 3809 Booz.
2494 3745 2614 3807 Ista
2657 3750 2878 3826 patent
2925 3761 3001 3804 ex
3048 3740 3214 3805 libro
3264 3740 3449 3804 tertio
3478 3756 3742 3863 zingqsu,

1963 3849 2226 3929 Regum.

1490 4269 2139 4357 ARTICULUS
2214 4270 2329 4354 IV

861 4549 1243 4595 EXPLANATIO
1287 4548 1562 4594 cAPlTULl
1606 4548 1831 4603 QUAnTt
1877 4547 1890 4591 :
1937 4546 2110 4592 FECIT
2152 4544 2389 4599 QUOQUE
2430 4543 2671 4588 Aurana
2718 4541 2959 4587 AENEuu.

487 4830 659 4895 UNC
681 4829 893 4909 agitur
923 4828 1002 4889 dc
1033 4824 1476 4889 instrumentis
1507 4834 1570 4889 et
1601 4824 1767 4888 vasis
1790 4843 1862 4887 ac
1893 4821 1942 4883 D
1972 4823 2144 4904 pisse
2180 4840 2194 4885 ε
2230 4822 2444 4885 Facies
2474 4821 2672 4884 altaro
2713 4821 2792 4883 dc
2825 4818 3013 4899 lignis
3045 4818 3253 4895 setim,
3287 4816 3456 4897 quod
3539 4842 3691 4886 320³·

1972 4921 2236 4984 habebit
2265 4921 2553 5002 quinque
2584 4918 2832 4981 cubitos
2866 4918 2931 4979 in
2961 4916 3377 4996 longitudine,
3398 4923 3460 4978 et
3486 4919 3615 4957 *Μ’
3635 4908 3675 4948 ¹·

509 4928 908 4992 utensilibus
957 4924 1160 4987 divini
1211 4925 1420 4988 cultus
1473 4924 1537 4985 in
1596 4923 1857 5004 templo.

361 5031 535 5089 Fecit
587 5047 838 5108 qaoque
881 5030 1090 5086 altare
1125 5044 1374 5085 oeneum
1418 5024 1658 5101 viyinti
1695 5023 1866 5082 cubi-

364 5136 575 5187 torum
621 5123 1087 5202 lonyitudinis,
1125 5132 1184 5183 et
1225 5122 1467 5199 viyinti
1503 5122 1866 5181 cubilorum

370 5226 778 5293 latitudinis,
807 5230 866 5282 et
907 5224 1120 5281 decem
1160 5222 1524 5280 cubitorum
1568 5219 1868 5279 altitudi-

371 5326 489 5385 nis.
509 5322 578 5385 ln
602 5321 821 5384 Exodo
840 5319 1074 5400 legitur
1095 5318 1400 5381 Dominus
1421 5316 1613 5399 Moysi
1635 5334 1869 5399 praece-

1975 5020 2237 5082 totidem
2270 5019 2336 5080 in
2380 5017 2737 5092 latitudine,
2774 5016 2839 5077 id
2883 5022 2979 5077 est
3008 5015 3317 5095 quadrum
3350 5032 3461 5075 seu

1975 5116 2506 5200 quadrangulare,
2531 5125 2595 5178 et.
2617 5124 2744 5177 tres
2777 5114 2841 5176 in
2864 5112 3224 5175 altitudine.
3249 5111 3464 5193 Itaque

1975 5217 2171 5279 altare
2202 5214 2371 5276 istud
2405 5212 2639 5275 factum
2673 5232 2709 5273 a
2730 5210 3063 5274 Salomone
3094 5228 3207 5291 per
3226 5210 3461 5285 Hiram,

1977 5315 2043 5377 in
2095 5314 2216 5376 hoc
2254 5310 2557 5377 convenit
2608 5329 2753 5373 cum
2792 5308 2974 5371 altari
3026 5307 3138 5370 illo
3174 5306 3463 5385 MosaicO,
