4309 6259
93 5266 306 5371 gflequu,

641 512 992 560 mmmm
1034 514 1098 559 IN
1140 515 1278 561 GAP.
1324 514 1516 561 xxxlv
1558 514 1717 561 LIBRI
1759 516 2011 562 ssscunm
2051 518 2581 564 PARALIPOHENON.
2626 538 2707 549 —
2748 520 2890 565 ΛΒΤ.
2936 519 3129 566 XXXIV

3307 498 3425 563 267

336 687 606 745 scientes
625 688 892 763 oryanis
909 708 1150 749 canere.
1172 691 1384 765 Super
1403 709 1501 747 eos
1523 707 1695 757 vero,
1717 690 1834 767 qui
1861 686 1912 749 A
1944 707 2046 750 me
2076 697 2139 751 et
2168 708 2359 771 super
2389 691 2648 773 populo.
2672 691 2887 773 Itaque
2916 710 3143 753 sensus
3170 698 3267 752 est
3294 706 3307 751 :
3340 689 3429 752 Ite

337 788 424 845 ad
467 787 754 846 diversos
805 806 960 847 usus
1007 806 1204 847 onera
1247 790 1618 866 portabant,
1646 798 1832 848 erant

335 886 560 946 scriboe
581 895 644 945 et
667 888 973 961 maslistri
989 889 1068 945 de
1087 888 1334 947 Levitis
1351 888 1694 965 janitores.
1722 886 1832 949 Hic

339 1002 486 1063 ergo
517 984 927 1061 describitur,
959 984 1235 1067 qualiter
1278 985 1559 1067 providit
1589 994 1652 1048 et
1691 1005 1832 1067 pro-

337 1082 584 1145 curavit
617 1084 842 1165 templi
875 1084 1340 1166 reparationem
1365 1085 1430 1146 in
1463 1085 1595 1147 suis
1629 1085 1832 1148 ruinis

339 1190 446 1243 aut
489 1182 896 1263 corruptelis,
929 1182 1132 1245 Josias
1181 1202 1458 1264 namque
1504 1183 1833 1266 piissimus

341 1280 560 1342 volens
614 1281 924 1363 templum
971 1282 1347 1359 instaurare,
1386 1282 1560 1344 misit
1601 1301 1711 1365 per
1741 1302 1837 1345 re-

341 1397 535 1457 gnum
587 1398 776 1441 suum
827 1388 890 1441 et
922 1399 1037 1462 per
1085 1389 1318 1443 terram
1358 1381 1546 1443 Israel
1588 1382 1834 1444 Levitas

345 1498 414 1540 ac
451 1478 760 1559 janitores
803 1480 881 1541 ad
935 1478 1362 1559 colligendum
1414 1480 1750 1562 pecuniam
1801 1502 1836 1543 a

347 1576 581 1658 populo
631 1577 812 1657 regni
863 1578 962 1639 sui
1009 1587 1074 1641 et
1123 1578 1203 1640 ab
1243 1578 1511 1640 aliarum
1545 1579 1835 1662 reliquiis

345 1674 622 1736 tribuum
657 1693 671 1737 :
715 1694 908 1757 quam
951 1676 1283 1740 collectam
1323 1685 1386 1739 et
1426 1677 1492 1739 in
1527 1678 1834 1760 templum

344 1783 680 1855 portatam,
707 1773 862 1837 fecit
887 1775 1089 1838 Josias
1123 1776 1260 1838 dari
1301 1776 1660 1858 praepositis
1688 1795 1836 1860 ope-

1943 787 2023 849 ad
2074 787 2355 869 aliquam
2408 808 2741 870 personam
2792 798 3095 865 sanctam,
3132 788 3429 871 spiritum

1945 886 2296 969 prophetiae
2346 888 2707 964 habentem,
2754 896 2817 951 ct
2862 886 3050 950 facite
3098 887 3265 951 orari
3317 906 3433 970 pro

1945 1004 2047 1047 me
2079 994 2138 1047 ct
2173 1004 2289 1067 pro
2320 985 2557 1068 populo
2587 1005 2765 1061 me03
2810 986 3149 1049 consilium
3178 1004 3435 1067 quoque

1947 1083 2094 1146 inde
2123 1084 2414 1166 accipite,
2448 1084 2603 1166 quid
2633 1086 2949 1165 agendum
2979 1085 3061 1147 sit
3092 1085 3301 1149 nobis,

2025 1184 2207 1243 Abiit
2236 1203 2382 1260 erqo
2414 1186 2694 1253 HeleiaS,
2718 1186 2870 1245 ethi
2893 1186 3010 1263 qui
3038 1187 3239 1245 simul
3266 1204 3309 1243 a
3340 1205 3435 1244 re-

1937 1300 2017 1357 9e
2055 1283 2239 1341 missi
2284 1283 2573 1358 fuerant,
2608 1286 2695 1343 ad
2736 1286 3017 1344 Holdam
3054 1286 3433 1361 propheten,

1945 1400 2214 1440 uxorem
2236 1383 2483 1441 Sellum
2510 1383 2615 1457 fili
2622 1383 2645 1440 i
2672 1384 3016 1451 leecuath,
3034 1383 3169 1457 filii
3190 1384 3432 1450 Hasra,

1943 1481 2223 1539 custodis
2274 1479 2571 1547 vestium,
2600 1501 2744 1559 quoe
2781 1482 3113 1541 habitabat
3150 1481 3223 1541 in
3250 1483 3433 1541 Jeru-

1942 1582 2140 1637 salem
2170 1579 2243 1637 in
2272 1582 2552 1639 secunda
2573 1602 2601 1650 ,⁰
2638 1589 2697 1640 et
2740 1580 2937 1639 locuti
2963 1588 3115 1639 sunt
3157 1580 3218 1637 ei
3244 1580 3431 1639 verba

1944 1696 2088 1753 quce
2113 1696 2313 1753 supra
2352 1680 2794 1739 narravimus
2830 1680 2917 1739 At
2947 1679 3068 1737 illa
3106 1678 3434 1754 respondit

1943 1778 2034 1834 eis
2056 1792 2079 1834 .·
2102 1777 2256 1835 Hoec
2283 1777 2447 1835 dicit
2476 1778 2794 1836 Dominus
2824 1778 2995 1837 Deus
3025 1778 3232 1837 Israel
3261 1796 3283 1835 .·
3318 1776 3435 1836 Di-

345 1873 695 1947 rariorum3
751 1874 1079 1956 praepositi
1117 1893 1375 1957 quoquc
1417 1876 1654 1938 dabant
1691 1876 1837 1938 arti·
1873 1872 1916 1933 B
1945 1877 2067 1933 cite
2097 1876 2240 1933 viro
2278 1876 2396 1953 qui
2426 1876 2607 1935 misit
2646 1895 2753 1933 vos
2794 1878 2883 1934 ad
2920 1895 3039 1935 me.
3090 1877 3244 1935 Hoec
3270 1875 3434 1933 dicit

346 1970 578 2033 ficibus
629 1973 707 2035 ad
767 1973 1110 2035 emendum
1172 1973 1530 2037 necessaria
1578 1993 1695 2057 pro
1745 1993 1836 2037 re-

347 2070 673 2151 paratione
739 2078 1249 2149 sartatectorum‚
1299 2070 1836 2155 infirmarumque

345 2168 618 2250 partium
643 2170 872 2231 domus
905 2169 1037 2232 Dei.

427 2271 764 2349 Quumque
792 2274 1092 2347 efferrent
1115 2272 1490 2347 pecuniam,
1518 2291 1660 2349 quae
1690 2274 1835 2331 illa-

343 2378 412 2427 ta
432 2370 652 2446 fuerat
681 2370 753 2427 in
781 2371 1087 2444 templum
1114 2370 1411 2439 Domini,
1434 2371 1671 2446 reperit
1693 2373 1836 2431 Hel-

339 2468 476 2525 cias
502 2468 795 2525 sacerdos
825 2468 1068 2526 librum
1091 2468 1247 2543 leqis
1266 2468 1559 2537 Domini,
1587 2470 1705 2547 qui
1721 2472 1836 2527 da-

343 2574 444 2624 tus
483 2565 706 2639 fuerat
739 2585 860 2642 per
897 2586 1168 2625 manum
1197 2566 1462 2642 Moysis.
1498 2568 1584 2626 Et
1624 2569 1721 2627 ait
1749 2571 1837 2627 ad

344 2664 614 2741 Saphan
655 2664 980 2723 scribam:
1002 2666 1274 2723 Librum
1311 2665 1468 2739 leyis
1505 2666 1732 2725 inveni
1761 2668 1832 2725 in

337 2763 524 2820 domo
552 2762 846 2822 Domini.
880 2763 968 2821 Et
1015 2764 1293 2823 tradidit
1332 2763 1414 2823 ei.
1451 2767 1538 2823 At
1585 2765 1697 2823 ille
1733 2765 1836 2823 in-

341 2862 494 2919 tulit
532 2864 834 2920 volumen
875 2863 964 2920 ad
1007 2879 1239 2936 reyem,
1273 2871 1332 2921 et
1369 2864 1708 2923 nuntiavit
1748 2865 1831 2933 ei,

335 2958 556 3017 dicens
579 2974 602 3017 .·
619 2959 856 3019 Omnia
876 2978 1019 3036 quoe
1045 2960 1286 3018 dedisti
1305 2961 1378 3018 in
1399 2978 1602 3019 manu
1631 2980 1836 3020 servo-

1944 1975 2306 2033 Dominus:
2335 1975 2496 2033 Ecce
2524 1993 2633 2049 eqo
2674 1975 2985 2033 inducam
3024 1976 3201 2033 mala
3242 1992 3434 2049 super

1945 2076 2152 2131 locum
2174 2072 2369 2131 istum
2392 2081 2451 2132 et
2470 2090 2661 2148 super
2680 2073 3064 2131 habitatores
3090 2072 3254 2149 ejus,
3276 2090 3434 2131 cun-

1944 2180 2169 2250 ctaque
2203 2172 2543 2229 maledicta
2563 2190 2705 2249 quoe
2724 2172 2966 2247 scripta
2985 2180 3139 2230 sunt
3164 2171 3237 2229 in
3270 2172 3432 2229 libro

1946 2272 2082 2340 hoe,
2106 2289 2295 2347 quem
2328 2273 2617 2345 leyerunt
2635 2288 2850 2329 coram
2882 2288 3027 2345 reye
3052 2271 3250 2339 Juda,
3273 2269 3433 2347 quia

1945 2369 2432 2446 dereliquerunt
2471 2388 2596 2436 me,
2624 2377 2683 2427 et
2722 2369 3259 2443 sacrificaverunt
3301 2367 3434 2425 diis

1945 2467 2209 2535 alienis,
2236 2476 2309 2527 ut
2332 2486 2430 2526 me
2449 2468 2535 2525 ad
2567 2467 2985 2527 iracundiam
3010 2472 3433 2543 provocarent

1948 2565 2016 2623 in
2049 2567 2300 2625 cunetis
2330 2566 2625 2641 operibus
2656 2585 2971 2625 manuum
2998 2584 3293 2625 suarum.
3330 2563 3435 2622 Id-

1943 2665 2111 2724 circo
2138 2666 2413 2723 stillabit
2441 2664 2633 2739 suror
2678 2682 2853 2723 meus
2881 2682 3074 2738 super
3105 2666 3311 2723 locum
3356 2664 3435 2722 is-

1948 2772 2110 2831 tum,
2131 2772 2191 2822 et
2211 2782 2335 2823 non
2361 2764 2831 2839 eoestinyuetur.
2854 2764 2963 2821 Ad
2983 2781 3189 2838 reyem
3216 2772 3431 2823 autem

1941 2862 2141 2929 Iuda,
2173 2862 2291 2939 qui
2324 2863 2500 2920 misit
2531 2881 2638 2920 vos
2650 2880 2772 2937 pro
2791 2862 3067 2921 Domino
3096 2862 3433 2936 deprecan-

1943 2962 2050 3029 do,
2066 2962 2161 3018 sic
2183 2960 2532 3036 loquimini
2546 2980 2567 3017 .·
2581 2962 2734 3020 Ha’c
2752 2961 2914 3018 dicit
2928 2960 3247 3019 Dominus
3262 2962 3432 3019 Deus

337 3076 484 3115 rum
525 3064 814 3125 tuorum,
843 3076 976 3115 ecce
1013 3060 1435 3135 complentur.
1473 3046 1834 3133 Aryentum
1871 3055 1914 3119 C
1944 3061 2193 3119 Israel:
2216 3059 2532 3125 Quoniam
2566 3059 2816 3117 audisti
2846 3059 3032 3117 verba
3054 3059 3431 3126 voluminis,

337 3158 511 3234 quod
538 3165 864 3231 repertum
906 3164 995 3215 est
1035 3157 1108 3215 in
1142 3160 1327 3216 domo
1357 3159 1654 3226 Domini,
1691 3178 1837 3218 con-

335 3257 697 3329 flaverunt,
724 3253 786 3316 id
831 3263 949 3331 est,
985 3254 1322 3336 pecuniam
1363 3263 1722 3335 argenteam
1768 3256 1833 3318 in

339 3351 584 3432 templo
627 3360 968 3433 repertam,
1001 3352 1394 3433 collegerunt
1423 3353 1546 3415 viri
1596 3355 1673 3417 ad
1716 3354 1834 3417 hoc

337 3450 653 3533 deputati,
678 3454 1033 3531 datumque
1051 3462 1142 3513 est
1158 3453 1484 3531 proesectis
1502 3455 1638 3513 arti
1637 3457 1836 3531 ficum

331 3558 390 3609 et
418 3550 686 3609 diversa
715 3568 910 3627 opera
940 3550 1432 3625 fabricantium.
1457 3549 1722 3623 Quidam
1745 3558 1836 3612 ta-

333 3666 480 3709 mcn
513 3655 847 3727 exponunt
878 3646 992 3723 sic,
1029 3648 1199 3729 quod
1229 3646 1432 3709 Josias
1459 3648 1650 3729 jussit
1683 3650 1836 3712 resi-

333 3745 532 3807 duum
587 3744 818 3808 oblatae
867 3744 1156 3827 pecuniae
1206 3746 1281 3807 ad
1329 3746 1549 3828 templi
1597 3748 1836 3809 instau-

333 3845 678 3919 rationem,
731 3843 1028 3919 conl‘lari,
1079 3852 1150 3905 ut
1197 3845 1348 3907 inde
1397 3843 1630 3908 fierent
1686 3867 1835 3909 vasa

331 3952 558 4006 sancta
591 3942 658 4003 in
689 3943 915 4024 templi
961 3942 1292 4025 obsequio,
1329 3948 1654 4006 Proeterea
1705 3956 1835 4007 tra-

330 4044 508 4102 didit
545 4043 716 4101 mihi
755 4042 1016 4102 Heleias
1043 4044 1332 4101 sacerdos
1361 4045 1535 4102 hunc
1566 4044 1827 4105 librum.

431 4142 641 4209 Quem
690 4160 892 4219 quum
938 4159 1083 4216 reye
1123 4150 1438 4216 praisente
1487 4144 1833 4211 recitasset,

1945 3166 2136 3235 atque
2166 3157 2527 3216 emollitum
2557 3166 2645 3215 est
2664 3177 2771 3216 cor
2805 3166 3093 3226 tuum,et
3124 3157 3433 3216 humilia·

1949 3264 2050 3315 tus
2078 3275 2141 3313 es
2170 3257 2241 3314 in
2274 3264 2604 3331 conspectu
2638 3257 2925 3327 Domini,
2958 3276 3152 3333 super
3170 3256 3271 3315 his
3290 3275 3432 3332 quw

1943 3354 2122 3412 dicta
2149 3362 2303 3412 sunt
2333 3362 2558 3412 contra
2596 3356 2803 3413 locum
2832 3355 3007 3412 hunc
3033 3362 3091 3412 et
3122 3353 3433 3414 habitato-

1945 3472 2042 3511 res
2067 3454 2451 3519 Jerusalem,
2472 3452 2910 3529 reveritusque
2940 3452 3175 3529 faciem
3198 3470 3427 3523 meam,

1942 3552 2195 3610 scidisti
2240 3551 2613 3610 vestimenta
2664 3560 2802 3620 tua,
2831 3561 2891 3611 et
2938 3552 3179 3625 flevisti
3216 3572 3431 3612 coram

1945 3669 2058 3719 me,
2091 3668 2201 3725 eqo
2244 3668 2491 3727 quoque
2536 3650 2852 3709 exaudivi
2894 3659 2973 3719 te,
3003 3650 3167 3709 dicit
3212 3651 3433 3710 Domi-

1943 3768 2088 3807 nus.
2121 3751 2272 3808 Jam
2302 3749 2477 3806 enim
2507 3749 2807 3823 colliyam
2831 3757 2886 3808 te
2906 3750 2993 3807 ad
3020 3757 3235 3824 patres
3269 3756 3427 3819 tu03,

1943 3855 2001 3905 et
2033 3847 2339 3923 infereris
2387 3846 2457 3905 in
2504 3844 2882 3923 sepulcrum
2902 3856 3087 3906 tuum
3121 3847 3193 3905 in
3229 3865 3435 3923 pace,-

1943 3964 2056 4004 nec
2089 3945 2396 4005 videbunt
2426 3946 2601 4004 oculi
2623 3946 2723 4004 tui
2752 3964 2936 4004 omne
2968 3947 3240 4011 malum,
3260 3946 3433 4021 quod

1941 4063 2050 4120 eqo
2082 4045 2475 4103 inducturus
2502 4064 2645 4103 sum
2676 4064 2871 4119 super
2890 4046 3097 4102 locum
3130 4044 3353 4111 istum,
3372 4052 3431 4102 et

1941 4162 2135 4219 super
2165 4144 2554 4203 habitatores
2593 4143 2754 4219 ejus,
2792 4146 3177 4203 Retulerunt
3216 4144 3433 4222 itaque

331 4240 752 4316 audissetque
799 4241 914 4297 ille
957 4240 1144 4298 verba
1193 4240 1370 4315 leyis,
1417 4242 1612 4299 scidit
1651 4243 1835 4300 vesti-
1865 4242 1914 4303 D
1942 4242 2081 4317 reyi
2109 4251 2338 4301 cuncta
2362 4262 2505 4320 quoe
2534 4243 2818 4301 dioeerat.

333 4346 556 4397 menta
591 4356 738 4407 sua,
771 4346 832 4396 et
854 4338 1164 4414 proecepit
1197 4338 1439 4398 Heleioe
1467 4347 1528 4397 et
1555 4342 1656 4399 Ale
1669 4341 1832 4401 icam

327 4437 470 4509 filio
489 4436 795 4511 Saplzan,
810 4443 870 4494 et
890 4436 1120 4495 Abdon
1139 4436 1281 4512 filio
1298 4437 1543 4506 Micha,
1561 4438 1828 4513 Saphan

331 4554 585 4613 quoque
601 4534 827 4593 scriba’
847 4542 906 4593 et
925 4534 1140 4593 Asaioe
1160 4553 1339 4593 servo
1362 4535 1551 4610 reqis,
1575 4537 1794 4595 dicens
1810 4557 1832 4596 .·

331 4634 426 4691 Ite
455 4642 518 4692 et
549 4641 734 4691 orate
761 4633 1116 4693 Dominum
1149 4650 1272 4708 pro
1303 4651 1428 4701 mc,
1457 4641 1517 4691 et
1539 4652 1662 4709 pro
1692 4637 1834 4693 reli-

327 4732 506 4809 quiis
549 4732 760 4790 Israel
791 4739 852 4789 et
889 4732 1090 4800 Iuda,
1119 4750 1311 4807 super
1357 4732 1678 4791 universis
1711 4753 1833 4792 ser—

330 4830 633 4889 monibus
667 4830 823 4887 libri
855 4829 1070 4897 istius,
1092 4830 1211 4906 qui
1239 4838 1524 4904 repertus
1553 4839 1663 4890 est.
1693 4833 1834 4891 Ma-

323 4944 495 5002 9nus
534 4927 716 4985 enim
765 4926 959 5001 furor
1002 4927 1274 4986 Domini
1315 4929 1596 4987 stillavit
1641 4948 1834 5005 super

330 5044 468 5091 nos,
487 5044 561 5083 eo
593 5026 768 5103 quod
789 5042 918 5083 non
949 5025 1376 5083 custodierint
1389 5044 1478 5101 pa
1488 5034 1607 5084 tres
1631 5030 1834 5087 nostri

338 5124 524 5181 verba
551 5122 848 5189 Domini,
871 5132 942 5180 ut
961 5122 1250 5198 facerent
1281 5124 1500 5183 omnia
1521 5146 1663 5202 quoe
1681 5127 1831 5185 seri-

323 5228 442 5294 pta
469 5228 630 5279 sunt
660 5220 732 5277 in
768 5220 886 5279 isto
935 5221 1287 5280 volumine.
1321 5218 1552 5292 Quarto
1595 5222 1830 5302 Regum

333 5315 627 5393 habetur,
661 5316 752 5378 Ite
795 5324 857 5378 ct
896 5315 1212 5378 consulite
1257 5316 1594 5379 Dominum
1641 5340 1832 5403 super

2023 4343 2110 4402 At
2153 4342 2264 4399 ille
2304 4342 2663 4400 convocatis
2711 4342 3029 4401 universis
3078 4342 3434 4417 majoribus

1943 4449 2106 4500 natu
2149 4442 2327 4500 Juda
2362 4448 2421 4498 et
2462 4442 2847 4508 Jerusalem,
2878 4442 3165 4500 ascendit
3208 4443 3281 4501 in
3330 4444 3436 4501 do-

1945 4558 2121 4597 mum
2151 4538 2443 4609 Domini,
2480 4558 2738 4616 unaque
2766 4558 2981 4598 omnes
3012 4540 3145 4597 viri
3170 4542 3347 4599 Juda
3375 4549 3434 4599 et

1944 4637 2331 4695 habitatores
2357 4639 2736 4706 Jerusalem,
2768 4639 3118 4697 sacerdotes
3155 4645 3215 4696 et
3252 4640 3434 4697 Levi-

1947 4742 2048 4802 toe,
2067 4744 2125 4793 et
2154 4744 2421 4793 cunctus
2446 4738 2725 4810 populus
2753 4756 2793 4794 a
2826 4736 3099 4795 minimo
3120 4756 3318 4814 usque
3346 4738 3435 4795 ad

1943 4834 2331 4892 maa-imum.
2381 4833 2622 4900 Quibus
2671 4834 3084 4892 audientibus
3127 4833 3203 4892 in
3246 4836 3432 4893 domo

1940 4932 2236 4999 Domini,
2259 4932 2411 5008 leyit
2442 4951 2558 4989 rea·
2586 4952 2731 4990 omn
2744 4933 2807 4989 ia
2839 4934 3029 4990 verba
3060 4932 3427 4991 voluminis.

1943 5032 2026 5089 Et
2053 5037 2233 5087 stans
2266 5030 2331 5088 in
2371 5030 2693 5088 tribunali
2719 5048 2855 5099 ste-0,
2877 5029 3191 5105 percussit
3220 5029 3431 5103 fa’dus·

1941 5148 2159 5186 coram
2191 5129 2488 5198 Domino,
2524 5136 2594 5185 ut
2622 5128 2983 5186 ambularet
3006 5135 3149 5201 post
3176 5146 3350 5193 eum,
3370 5135 3429 5184 et

1941 5226 2287 5283 custodiret
2320 5232 2637 5299 praecepta
2669 5233 2727 5282 et
2760 5225 3047 5283 testimon
3059 5224 3122 5282 ia
3151 5232 3210 5281 et
3226 5222 3431 5299 justi-

1933 5322 2269 5399 ficationes
2308 5320 2449 5395 ejus
2478 5323 2551 5380 in
2586 5330 2705 5382 toto
2735 5323 2920 5381 corde
2946 5340 3059 5381 suo
3087 5330 3147 5381 et
3180 5322 3251 5380 in
3299 5328 3425 5381 tota
