4309 6259
901 497 1020 560 436

1734 509 2082 556 ENARRATIO
2125 509 2185 553 IN
2229 507 2365 553 CAP.
2412 506 2477 551 11
2515 505 2642 551 1013.
2688 522 2768 533 -
2807 505 2951 551 ΛΒΤ.
2997 504 3151 551 xxm

903 682 1215 745 fructuosi
1265 680 1545 757 fuerunt,
1579 688 1650 742 ut
1689 686 1921 741 sanctae
1959 676 2146 740 famae
2194 678 2389 740 odore
2418 677 2470 738 A
2495 674 2825 757 potissime
2865 692 3087 737 verum
3126 680 3243 735 est.
3287 671 3573 735 Christus
3616 688 3873 752 quoque
3916 668 3987 729 in

644 801 755 857 Sap.
773 803 872 852 m,
904 780 1198 862 respersi.
1219 779 1320 842 Sic
1351 780 1418 840 in
1439 778 1764 860 Sapientia
1785 777 2108 840 inducitur
2133 794 2146 837 :
2170 776 2391 837 Trans-

612 867 677 909 ¹⁰·
901 879 1113 941 ierunt
1143 878 1360 941 omnia
1389 877 1498 937 illa
1529 886 1831 958 tanquam
1863 874 2042 939 navis
2076 892 2219 954 quae
2250 891 2391 954 per-

905 977 1129 1039 transit
1175 974 1597 1038 fluctuantem
1635 993 1866 1054 aquam
1910 990 1923 1033 :
1959 971 2144 1053 cujus
2192 990 2389 1053 quum

903 1074 1304 1157 praeterierit,
1357 1092 1484 1136 non
1544 1081 1639 1135 est
1686 1071 2024 1151 vestigium
2075 1069 2385 1147 invenire,

901 1192 1111 1254 neque
1151 1171 1442 1235 semitam
1480 1172 1712 1235 carinae
1743 1169 1916 1232 illius
1949 1169 2013 1231 in
2056 1168 2386 1230 fluctibus,

902 1274 1089 1333 Sicut
1129 1273 1356 1349 aquila
1395 1274 1617 1330 volans
1659 1272 1746 1329 ad
1783 1289 1986 1328 escam
2017 1287 2040 1327 .·
2070 1286 2215 1347 quae
2264 1265 2391 1327 cito

905 1369 1195 1451 provolat
1243 1368 1323 1430 ad
1367 1368 1636 1430 cadaver
1680 1367 1832 1428 dum
1892 1364 2060 1427 fame
2104 1372 2387 1442 urgetur.

904 1467 1017 1530 Cui
1067 1474 1374 1529 consonat
1434 1465 1592 1527 illud
1642 1463 1958 1545 Sapientis
2013 1481 2026 1524 :
2079 1464 2204 1523 Aut
2250 1471 2391 1523 tan-

905 1585 1096 1647 quam
1128 1566 1264 1628 avis
1295 1584 1436 1646 quae
1470 1563 1816 1625 transvolat
1844 1562 1909 1624 in
1941 1580 2105 1637 aere,
2141 1560 2389 1622 nullum

907 1664 1231 1726 invenitur
1279 1670 1723 1743 argumentum
1773 1660 2020 1722 itineris
2067 1660 2264 1721 illius.
2316 1658 2392 1719 Et

903 1762 1190 1825 Christus
1221 1768 1486 1823 testatur
1521 1777 1534 1821 ε
1569 1758 1686 1821 Ubi
1719 1758 1915 1821 fuerit
1954 1776 2208 1839 corpuS,
2238 1774 2390 1819 con-

903 1858 1336 1939 gregabuntur
1365 1857 1618 1939 aquilae.

989 1959 1200 2025 Quum
1237 1959 1491 2026 dz‘oeerO,
1525 1958 1952 2035 Nequaquam
1997 1955 2090 2013 ita
2139 1957 2386 2032 loquar,

904 2055 967 2116 id
1005 2062 1122 2130 est,
1168 2072 1368 2135 quum
1412 2071 1488 2114 ex
1535 2051 1858 2132 aliquibus
1906 2050 2114 2112 causis
2155 2057 2386 2124 motuS,

903 2170 1290 2235 proposuero
1321 2170 1447 2213 non
1495 2150 1702 2212 taliter
1746 2149 1922 2230 loqui
1957 2149 2033 2210 de
2064 2167 2205 2209 mea
2234 2145 2395 2208 cala-

901 2250 1135 2325 mitate,
1154 2248 1573 2330 praesentique
1595 2248 1738 2311 vitae
1761 2245 2061 2319 molestia,
2082 2255 2391 2305 commuto

900 2350 1136 2426 faciem
1167 2370 1397 2418 meam,
1419 2347 1480 2410 id
1513 2356 1629 2423 est,
1649 2365 1876 2409 novam
1905 2345 2247 2427 quamdam
2267 2344 2392 2406 dis-

902 2446 1285 2528 positionem
1318 2446 1532 2510 vultus
1567 2445 1823 2507 incurro
1859 2461 1872 2504 :
1909 2443 2060 2524 quia
2088 2462 2164 2504 ex
2196 2442 2388 2506 variis

902 2544 1130 2607 animae
1150 2542 1787 2617 considerationibuS,
1806 2540 2280 2615 affectionibuS‚
2308 2548 2391 2601 at-

901 2662 1026 2725 que
1070 2641 1414 2724 propositis
1451 2640 1648 2702 facies
1687 2639 2113 2703 diversimode
2149 2638 2391 2701 colora-

903 2750 1026 2817 tur,
1051 2740 1432 2822 disponitur,
1458 2758 1571 2801 seu
1601 2746 1904 2813 mutatur,
1923 2755 2092 2799 nunc
2113 2736 2383 2819 pallenS,

901 2858 1070 2901 nunc
1124 2837 1380 2912 rubens,
1431 2854 1728 2917 nuncque
1772 2835 2097 2897 albescens
2149 2852 2163 2895 :
2214 2835 2386 2915 quod

899 2937 965 2999 in
1007 2936 1294 3012 afflictis,
1331 2934 1742 3010 contristatiS,
1776 2942 1839 2995 et
1885 2933 2070 3015 plura
2105 2934 2388 3012 cogitan-

637 1476 756 1520 Ibid.
789 1479 853 1519 ¹1.

663 1772 829 1815 Mami.

611 1849 722 1887 xxiv,
745 1838 812 1877 28.

2496 771 2837 851 Evangelio
2868 771 3291 835 comminatur
3325 788 3338 832 ε
3374 770 3505 832 Nisi
3539 766 3985 852 poenitentiam
4028 783 4251 828 ιαμ-..3,

2496 870 3011 948 egeritiS,omnes
3043 868 3231 931 simul
3265 868 3579 951 peribitis,
3606 868 3679 929 Et
3712 866 3777 927 in
3795 866 3989 928 Josue
4016 850 4056 889 ⁵·

2500 968 2663 1031 libro
2695 968 2964 1031 habetur
2988 986 3001 1029 :
3028 968 3189 1030 Deus
3212 976 3467 1029 sanctus
3486 975 3551 1029 et
3574 965 3777 1041 fortiS,
3794 983 3991 1027 aemu-
4016 980 4144 1023 som
4160 994 4255 1024 m.

2500 1067 2661 1130 lator
2700 1075 2817 1143 est,
2852 1085 2968 1129 nec
3013 1066 3298 1146 ignoscet
3336 1064 3682 1128 sceleribus
3728 1062 3985 1126 vestris,
4022 1046 4082 1089 ¹⁹·

2582 1167 2660 1226 Si
2678 1176 2895 1226 autem
2914 1176 2973 1225 ec
2990 1167 3085 1225 sic
3113 1166 3355 1242 impius
3383 1184 3547 1232 sum,
3574 1163 3635 1224 id
3668 1172 3762 1225 est
3794 1170 3991 1223 tantae

2500 1262 2868 1345 impietatiS,
2905 1272 2975 1325 ut
3000 1281 3115 1325 vos
3146 1261 3334 1325 amici
3368 1261 3493 1324 mei
3522 1260 3678 1322 mihi
3712 1258 3993 1341 imponi-

2504 1363 2605 1438 tis,
2636 1362 2724 1423 ita
2750 1363 2920 1443 quod
2958 1361 3333 1424 enormitate
3366 1360 3668 1423 vitiorum
3699 1376 3989 1420 meorum

2504 1468 2741 1522 tantam
2788 1459 3037 1541 plagam
3082 1460 3463 1539 meruerim3
3506 1480 3705 1539 quare
3732 1460 3990 1536 frustra

2504 1560 2843 1618 laboravi?
2872 1558 2934 1619 id
2965 1565 3083 1634 est,
3114 1556 3509 1621 infructuose
3550 1565 3741 1637 atque
3783 1554 3995 1617 inani-

2506 1664 2619 1732 ter,
2658 1664 2782 1718 tam
2815 1655 3087 1718 sollicite
3118 1675 3378 1738 peceare
3398 1655 3614 1731 vitavi,
3633 1653 3994 1735 adipiscen-

2504 1754 2729 1836 disque
2777 1754 3121 1816 virtutibus
3169 1754 3383 1816 studui
3418 1771 3431 1815 :
3465 1753 3633 1835 quod
3681 1752 3807 1815 dici
3856 1771 3991 1814 non

2427 1860 2475 1921 B
2505 1861 2731 1934 potest,
2773 1853 2925 1933 quia
2959 1852 3349 1934 quicumque
3396 1852 3673 1915 debitam
3715 1851 3995 1933 diligen-

2502 1950 2652 2013 tiam
2703 1950 2985 2028 adhibet,
3034 1950 3272 2014 faciens
3311 1951 3480 2033 quod
3530 1950 3597 2011 in
3648 1970 3715 2013 se
3764 1957 3885 2026 est,
3922 1958 3994 2010 ut

2501 2057 2757 2131 peccata
2783 2050 3044 2125 devitet,
3066 2050 3460 2132 gratiamque
3490 2048 3815 2129 suscipiat,
3836 2047 3991 2109 talis

2498 2148 2756 2227 juvatur
2805 2167 2842 2209 a
2889 2149 3035 2225 Deo,
3088 2156 3151 2209 et
3200 2148 3517 2210 virtuosus
3566 2144 3875 2222 efficitur,
3924 2155 3992 2208 et

2497 2246 2670 2327 quod
2700 2245 2860 2327 petit
2886 2266 2923 2308 a
2945 2247 3091 2321 Dec,
3118 2246 3172 2307 si
3204 2253 3561 2326 perseveret
3592 2245 3655 2307 in
3690 2245 3856 2307 bono
3891 2244 3993 2306 in-

2498 2352 2702 2426 cepto,
2723 2344 3006 2406 sortitur.
3025 2345 3284 2425 Propter
3313 2344 3482 2425 quod
3508 2344 3785 2406 secundo
3816 2342 3989 2405 libro

2498 2442 3017 2524 Paralipomenon
3064 2442 3268 2505 fertur
3316 2459 3330 2503 :
3373 2442 3505 2505 Non
3554 2442 3991 2505 dissolvantur
4044 2462 4257 2514 iwan,

2498 2560 2723 2603 manus
2756 2550 3009 2615 vestrae3
3038 2540 3160 2603 erit
3190 2540 3361 2603 enim
3394 2559 3636 2603 merces
3669 2540 3843 2622 operi
3878 2560 3991 2605 ve-
4018 2528 4063 2569 ⁷·

2498 2649 2649 2702 stro.
2683 2640 2758 2701 Et
2797 2640 2863 2701 in
2901 2640 3065 2702 libro
3104 2639 3445 2722 Sapientiae
3480 2657 3494 2701 :
3536 2640 3849 2703 Bonorum
3898 2640 3993 2702 la·
4020 2660 4255 2717 Sap-nas.

2496 2737 2719 2799 borum
2751 2737 3065 2817 gloriosus
3096 2745 3192 2799 est
3220 2736 3488 2800 fructuS.

2576 2836 2696 2898 Sed
2733 2855 2813 2898 ne
2856 2835 2976 2897 ista
3016 2836 3327 2916 Jactanter
3369 2844 3432 2898 et
3482 2844 3991 2918 praesumptuose

2496 2933 2707 2997 dicere
2755 2934 3065 3009 videatur,
3116 2952 3310 3015 seque
3358 2952 3571 2997 coram
3620 2935 3742 2998 Deo
3790 2934 3989 2997 nimi-

901 3035 1072 3096 tibus
1111 3034 1272 3096 solet
1310 3032 1636 3106 accidere3
1680 3042 1738 3091 et
1775 3035 1990 3091 dolore
2033 3040 2326 3109 torqueor
2363 3048 2386 3090 .·
2422 3035 2465 3097 C
2500 3052 2604 3094 um
2652 3031 3031 3113 justificare,
3065 3032 3331 3114 proinde
3374 3032 3609 3109 subdit,
3650 3032 3991 3113 alloquens

899 3131 1048 3214 quia
1089 3152 1164 3193 ex
1194 3132 1314 3194 hoc
1347 3131 1517 3212 quod
1546 3130 1727 3192 dolor
1757 3128 2020 3191 interior
2052 3146 2165 3209 per
2193 3127 2389 3190 verba

898 3239 962 3293 et
1010 3230 1193 3311 signa
1241 3237 1349 3292 aut
1400 3237 1576 3308 gesta
1625 3246 1753 3291 non
1804 3226 2216 3309 exprimitur,
2271 3245 2386 3288 nec

899 3328 1198 3410 erumpit,
1233 3328 1379 3410 plus
1413 3335 1809 3408 aggravatur,
1852 3326 2158 3408 quoniam
2203 3325 2385 3407 quasi

899 3426 1067 3488 intra
1125 3445 1192 3488 se
1240 3426 1494 3489 clausus
1543 3425 1852 3488 violenter
1896 3434 2183 3499 tenetur3
2233 3425 2385 3486 dum

898 3542 1048 3587 vero
1081 3523 1362 3606 praefatis
1396 3524 1600 3586 modis
1636 3523 1790 3585 soris
1823 3522 2200 3598 ostenditur,
2235 3541 2388 3603 qua-

900 3622 954 3683 si
1002 3640 1115 3703 per
1155 3622 1499 3702 quamdam
1541 3620 2054 3702 evaporationem
2105 3620 2383 3683 minora-

901 3730 1023 3783 tur.
1059 3720 1182 3783 Nec
1213 3720 1530 3782 immerito
1563 3727 1860 3800 torqueor
1893 3737 1907 3780 ε
1947 3737 2092 3781 nam
2127 3722 2385 3779 verebar

897 3821 1120 3880 omnia
1147 3839 1338 3897 opera
1367 3839 1526 3890 mea,
1553 3817 1619 3878 id
1644 3825 1760 3893 est,
1782 3816 1848 3878 in
1879 3816 2178 3879 omnibus
2210 3816 2387 3879 timo-

899 3926 1032 3980 rate
1071 3936 1172 3979 me
1207 3916 1426 3993 habui,
1463 3924 1526 3977 et
1555 3924 1733 3977 actus
1770 3934 1942 3977 meos
1982 3934 2125 3978 cum
2172 3914 2388 3978 formi-

897 4015 1047 4078 dine
1077 4014 1217 4089 feci,
1245 4034 1326 4076 ne
1353 4014 1416 4075 in
1441 4013 1533 4075 eis
1567 4021 1625 4074 te
1652 4014 1846 4075 Deum
1879 4011 2298 4089 offenderem,
2324 4021 2387 4075 et

897 4132 1152 4195 poenam
1187 4114 1575 4175 incurrerem
1604 4130 1617 4172 ;
1651 4113 1854 4171 sciens
1881 4115 2051 4189 quod
2081 4132 2211 4171 non
2236 4133 2388 4190 par-

2496 3131 2691 3193 Deum
2728 3148 2741 3191 :
2776 3133 2855 3193 St·
2886 3135 3050 3191 locus
3090 3134 3278 3208 fuero
3320 3133 3509 3211 quasi
3550 3133 3739 3211 aquis
3782 3134 3991 3201 nivis,

2497 3228 2560 3289 id
2590 3238 2707 3307 est,
2743 3228 3034 3309 quamvis
3067 3229 3251 3291 valde
3278 3229 3618 3308 diligenter
3646 3247 3747 3291 me
3773 3249 3810 3291 a
3840 3248 3989 3311 pec-

2494 3326 2651 3388 catis
2681 3327 2839 3388 meis
2860 3345 2972 3408 per
2992 3326 3465 3403 contritionem,
3482 3326 3984 3403 confessionem,

2496 3423 3018 3501 satisfactionem,
3039 3434 3102 3487 et
3130 3424 3407 3487 lamenta
3426 3424 3815 3506 poenitentiae
3834 3444 3991 3507 pur-

2492 3540 2745 3601 gaver0,
2782 3522 2947 3584 sieut
2986 3521 3253 3585 linteum
3300 3540 3465 3603 aqua
3513 3522 3703 3587 nivea
3747 3522 3989 3585 clarius

2494 3621 2893 3697 emundatur,
2942 3640 3143 3702 quum
3199 3639 3379 3701 aquae
3426 3621 3594 3685 nivis
3644 3621 3774 3683 sint
3828 3621 3986 3683 sub-

2494 3720 2637 3782 tiles
2668 3720 2996 3801 magisque
3040 3720 3471 3800 penetrativae,
3506 3729 3570 3783 et
3612 3719 3711 3782 bis
3746 3719 3985 3783 ablutae

2494 3818 2793 3880 dicuntur
2821 3842 2835 3893 ;
2866 3828 2927 3878 et
2964 3818 3276 3894 fulserint
3318 3822 3491 3879 velut
3538 3821 3991 3881 mundissime

2494 3938 2728 3977 manus
2772 3936 2944 3988 mese,
2982 3915 3043 3977 id
3088 3924 3205 3992 est,
3238 3916 3517 3979 actiones
3562 3934 3719 3979 meae
3762 3916 3993 3997 prasci—

2493 4032 2620 4096 puo
2649 4015 2877 4077 decore
2907 4014 3214 4077 virtutum
3254 4013 3668 4096 apparuerint
3702 4013 3994 4095 splendi-

2495 4114 2591 4175 dae
2633 4122 2695 4174 et
2744 4121 3001 4189 ornatae,
3050 4112 3138 4174 ita
3175 4120 3246 4174 ut
3294 4112 3360 4173 in
3410 4131 3524 4175 suo
3572 4130 3804 4193 genere
3848 4112 3991 4175 sint

895 4232 1060 4272 ceres
1085 4212 1515 4289 delinquenti,
1560 4209 1623 4271 id
1659 4216 1751 4271 est
1793 4209 2081 4291 peccanti
2123 4217 2384 4290 peccato
2413 4217 2462 4278 D
2497 4210 2835 4294 persectae;
2873 4222 3085 4272 tamen
3126 4213 3421 4271 sordibus
3450 4213 3730 4287 incinyes
3766 4233 3885 4282 me,
3919 4212 3989 4274 id

897 4308 1262 4371 omissionis
1313 4308 1448 4371 sive
1495 4307 1993 4385 commissioniS,
2046 4308 2200 4389 quia
2252 4307 2385 4369 cul-

899 4424 1042 4487 pam
1084 4424 1212 4468 non
1259 4404 1570 4485 relinquis
1611 4404 1900 4482 inultam,
1951 4424 2066 4467 nee
2106 4404 2380 4484 ignoscis

897 4502 1188 4587 peccanti
1233 4503 1358 4565 nisi
1407 4503 1733 4585 poeniteat.
1780 4503 1896 4565 Pro
1945 4504 2119 4565 omni
2167 4513 2381 4567 autem

897 4610 1156 4684 peccato
1195 4602 1481 4682 quaedam
1523 4618 1712 4683 poena
1751 4600 2092 4679 infligitur,
2126 4602 2281 4683 quia
2318 4612 2382 4665 et

898 4700 1037 4782 ipsa
1074 4698 1450 4781 poenitentia
1493 4706 1589 4761 est
1639 4698 1817 4761 dolor
1853 4699 1932 4761 de
1976 4700 2250 4780 peccatis
2287 4700 2383 4761 in-

897 4798 1111 4875 terior,
1147 4806 1210 4860 et
1244 4815 1358 4878 pro
1402 4806 1660 4878 peccato
1691 4796 1770 4857 fit
1810 4797 2183 4859 satisfactio.
2223 4798 2381 4863 Hinc

617 4906 864 4962 urar-‚xm
899 4897 1176 4959 secundo
1216 4895 1735 4976 Paralipomenon
1772 4896 2078 4978 scriptum
2111 4904 2207 4959 est
2242 4914 2256 4958 :
2291 4898 2383 4961 Sit

603 4974 628 5013 ⁷
900 4996 1090 5058 timor
1120 4993 1372 5057 Domini
1407 4992 1759 5070 vobiscum,
1782 5002 1846 5055 et
1874 5014 2018 5056 cum
2048 4995 2385 5077 diligentia

669 5114 804 5158 eron.
898 5102 1127 5157 cuncta
1167 5091 1377 5154 facite.
1421 5092 1497 5152 Et
1533 5091 1728 5153 alibi:
1771 5092 1994 5155 Beatus
2033 5094 2225 5156 homo
2271 5095 2382 5175 qui

603 5179 868 5291 ‘Exigit
899 5210 1151 5274 semper
1179 5198 1276 5252 est
1306 5188 1595 5271 pavidus.
1629 5189 1706 5251 Et
1741 5207 1755 5251 :
1793 5190 2054 5272 Sapiens
2087 5192 2150 5253 in
2184 5194 2384 5255 omni-

601 5300 674 5343 22·
899 5290 1020 5356 bus
1045 5288 1292 5352 metuit.
1316 5288 1490 5361 Quod
1522 5288 1601 5349 de
1631 5286 1818 5350 filiali
1847 5308 1920 5351 ac
1951 5298 2120 5353 casto
2153 5292 2381 5355 timorc

2496 4318 2613 4385 est,
2646 4310 3029 4371 maculatum
3062 4309 3357 4371 ostendes
3400 4317 3463 4371 et
3492 4308 3709 4371 multis
3748 4309 3988 4391 imper—

2496 4404 2881 4469 fectionibus
2910 4406 3323 4483 offuscatum,
3357 4405 3827 4487 comparatione
3856 4415 3989 4469 tuae

2493 4504 2801 4568 claritatis
2830 4514 2893 4567 et
2922 4504 3240 4585 aequitatis
3271 4504 3597 4567 immensae
3632 4522 3645 4565 :
3679 4505 3756 4566 ad
3785 4524 3985 4585 quam

2492 4614 2856 4685 comparata
2896 4611 3111 4665 nostra
3141 4602 3411 4683 justitia,
3446 4602 3620 4665 velut
3664 4602 3986 4683 injustitia

2494 4710 2846 4783 reputatur,
2882 4710 2953 4762 ut
2981 4700 3211 4781 saepius
3241 4700 3481 4763 dictum
3509 4708 3627 4762 est.
3660 4700 3836 4763 Unde
3864 4720 3986 4782 per

2494 4800 2714 4861 isaiam
2740 4799 3040 4861 Dominus
3071 4798 3159 4859 ait
3180 4816 3193 4859 :
3214 4798 3344 4879 Ego
3364 4798 3790 4862 contaminavi
3812 4800 3987 4881 prin·
4012 4812 4266 4867 namra:

2492 4898 2665 4979 cipes
2714 4906 2987 4960 sanctos,
3042 4896 3411 4959 Venialibus
3458 4915 3716 4979 quoque
3762 4897 3981 4980 culpis

2492 4996 2612 5061 viri
2634 4995 2899 5078 perfecti
2933 4995 3217 5076 quotidie
3243 4995 3607 5077 aliqualiter
3634 4996 3985 5078 inquinan-

2493 5103 2613 5171 tur,
2650 5104 2713 5157 et
2741 5094 2897 5176 ipsis
2928 5113 3148 5157 eorum
3190 5094 3437 5157 actibus
3467 5094 3768 5158 virtuosis
3810 5096 3987 5158 mul-

2490 5202 2569 5256 tae
2603 5192 3114 5273 imperfectiones
3157 5200 3348 5274 atque
3384 5190 3671 5255 defectus
3708 5193 3979 5257 miscen-

2496 5301 2617 5354 tur.
2653 5291 2957 5372 Denique,
2988 5298 3575 5373 quantumcumque
3612 5292 3978 5356 dilectionis
