4309 6259
869 458 949 523 42
1453 474 1801 523 manuario
1844 476 1906 522 m
1947 476 2084 521 cn.
2129 474 2196 520 11
2238 473 2397 519 unm
2436 474 2662 529 onaan
2709 474 2934 520 amun.
2978 494 3059 507 -
3098 474 3241 521 Am.
3284 474 3371 523 xu

867 664 1041 717 sum,
1078 658 1138 708 e!
1185 649 1608 708 novissimum
1657 649 1727 707 in
1779 649 2004 709 Israel.
2057 646 2142 705 Ει
2189 646 2353 705 dabo
2382 641 2435 705 A
2462 642 2569 706 luc
2598 645 2935 707 ducentem
2958 645 3162 728 coepit·
3192 644 3505 708 incedere.
3527 646 3747 705 Joram
3766 643 3941 701 enim

865 748 1130 807 domum
1150 747 1370 805 Achab
1399 747 1569 806 sicut
1585 748 1850 806 domum
1867 746 2201 806 Jeroboam
2219 746 2355 821 filii

870 846 1108 914 Nabal,
1134 854 1194 904 et
1241 845 1408 905 sicut
1437 847 1702 905 domum
1739 846 1957 904 Baasa
1985 844 2121 920 filii
2147 843 2349 903 Ahia.

864 944 1117 1004 lezabel
1173 962 1426 1023 quoque
1473 945 1796 1003 comedent
1843 962 2028 1003 canes
2075 943 2148 1001 in
2199 962 2353 1019 ayro

860 1044 1135 1113 Jezrael‚
1179 1061 1296 1101 nec
1341 1042 1469 1101 erit
1513 1041 1630 1120 qui
1666 1042 1932 1119 sepeliat
1972 1059 2138 1100 eam.
2193 1043 2355 1116 Ape-

861 1140 1124 1219 ruitque
1148 1142 1410 1209 ostium,
1440 1149 1500 1200 et
1528 1140 1732 1217 fuqit.

937 1240 1104 1299 Jelzu
1143 1246 1364 1299 autem
1406 1240 1729 1316 inyressus
1761 1248 1851 1299 est
1882 1240 1970 1297 ad
2007 1258 2217 1297 servos
2250 1240 2355 1297 do-

861 1338 1034 1397 mim·
1074 1339 1182 1396 sui
1208 1337 1440 1413 Joram,
1477 1336 1541 1398 id
1571 1345 1667 1399 est
1707 1336 1786 1397 ad
1832 1342 2074 1399 ceteros
2117 1334 2354 1418 princi-

2460 748 2807 822 oeyrotabat
2849 747 2970 814 ibi,
3008 755 3071 805 et
3114 745 3423 807 ochozias
3471 763 3586 801 rea:
3628 744 3801 803 Iuda
3840 742 3943 798 de-

2462 848 2793 905 scenderat
2841 848 2929 906 ad
2980 848 3387 905 visitandum
3433 848 3674 906 Joram.
3727 844 3945 919 Iyilur

2463 948 2823 1023 speculator
2871 947 2987 1024 qui
3030 946 3237 1005 stabat
3277 963 3471 1022 super
3518 943 3759 1002 turrim
3799 944 3942 1002 Jez-

2462 1046 2603 1103 rael
2646 1044 2726 1105 ad
2768 1042 3225 1125 speculandum
3275 1060 3356 1103 an
3404 1040 3605 1121 aliqui
3654 1039 3945 1103 venirent

2466 1140 2644 1217 illuc,
2696 1150 3014 1223 quatenus
3066 1159 3173 1204 rex
3222 1158 3291 1202 se
3338 1140 3722 1214 observaret,
3776 1140 3943 1199 vidie

2456 1243 2721 1317 ⁸qlobum
2766 1244 2930 1301 Jehu
2980 1242 3319 1308 venientia,
3350 1238 3413 1300 id
3458 1245 3554 1301 est
3602 1236 3941 1299 exercitum

2462 1336 2619 1401 Jehu
2647 1338 2848 1405 instar
2876 1337 3050 1418 globi
3094 1337 3515 1400 coadunatum
3545 1343 3608 1399 et
3644 1335 3939 1398 solidum.

861 1454 996 1517 peS.
1037 1437 1164 1504 Qui
1193 1437 1506 1495 dia-erunt
1537 1437 1853 1497 :Rectene
1893 1445 2046 1495 sunt
2081 1436 2302 1495 omnia
2324 1436 2354 1493 ?
2466 1440 2548 1499 Ec
2598 1440 2694 1497 ait
2726 1459 2749 1497 .·
2783 1440 2971 1498 Video
3019 1456 3128 1513 eqo
3169 1437 3452 1514 ylobum.
3493 1436 3802 1513 Dioeitque
3844 1438 3944 1495 Jo-

860 1536 1039 1603 Quid
1067 1536 1243 1594 venit
1273 1535 1548 1593 insanus
1589 1535 1706 1595 isle
1735 1536 1822 1594 ad
1854 1544 1908 1593 te
1929 1536 1958 1593 ?
1993 1532 2152 1595 Ecce
2181 1532 2351 1613 quod
2462 1557 2607 1596 ram
2643 1557 2666 1595 .·
2696 1538 2867 1595 Tolle
2896 1556 3189 1606 currum,
3218 1543 3277 1593 et
3309 1536 3486 1607 mitte
3516 1534 3589 1593 in
3616 1552 3941 1593 occursum

865 1631 1156 1694 homines
1188 1629 1284 1691 illi
1313 1631 1612 1704 carnales
1639 1630 1986 1693 idololatra}
2003 1628 2349 1705 ambitiosi,
2462 1654 2707 1705 eorum,
2731 1643 2793 1694 et
2824 1634 3001 1694 dieat
3034 1636 3273 1694 vadens
3294 1636 3607 1694 :Rectene
3632 1641 3783 1691 sunt
3818 1650 3941 1690 om·

863 1731 1166 1811 juvenem
1195 1728 1377 1791 illum
1398 1730 1694 1793 devotum
1726 1729 2110 1810 discipulum
2132 1729 2347 1807 Elisei,
2460 1734 2579 1793 nia
2598 1734 2628 1792 ?
2646 1734 2831 1793 Abiit
2859 1751 3006 1808 erqo
3026 1734 3144 1811 qui
3169 1733 3540 1791 ascenderat
3558 1750 3851 1799 currum,
3870 1730 3938 1789 in

865 1829 1248 1911 temporalia
1273 1838 1740 1912 aspernantem,
1776 1828 2154 1911 reputabant
2186 1829 2353 1892 insa·
2387 1824 2434 1885 B
2462 1852 2795 1891 occursum
2825 1832 2991 1908 ejus,
3018 1841 3078 1891 ec
3105 1832 3201 1890 ait
3223 1851 3245 1889 .·
3269 1832 3421 1891 Haec
3448 1830 3612 1889 dicit
3640 1849 3756 1887 reoe
3774 1830 3943 1889 :Pa-

573 1940 588 1985 ι
613 1942 841 1995 Commu.
871 1948 1048 1991 num.
1082 1927 1363 1992 Carnalis
1409 1928 1642 1991 etenim
1681 1929 1870 1991 homo
1913 1947 2041 1991 non
2083 1928 2251 2009 sapit
2280 1946 2355 1991 ea
2461 1939 2689 1989 calane
2715 1939 2867 1989 sunt
2896 1932 3119 1990 omnia
3141 1931 3171 1989 ἒ
3198 1930 3511 2007 De'oeitque
3535 1929 3699 1988 Jelm
3720 1927 3941 2003 nuntio

868 2047 1014 2110 quae
1039 2035 1190 2090 sunt
1218 2027 1501 2110 spiritus,
1527 2027 1634 2089 sed
1667 2026 1938 2089 stultitia
1966 2036 2062 2089 est
2093 2025 2212 2088 illi.
2234 2026 2354 2089 Un-
2462 2028 2673 2090 Joram
2707 2026 2873 2107 regis
2904 2026 3187 2089 venienti
3216 2026 3296 2090 ad
3328 2044 3395 2089 se
3422 2025 3487 2087 in
3520 2044 3706 2088 curru
3733 2042 3746 2086 :
3772 2028 3944 2094 Quid

609 2141 836 2197 sapsa.
869 2127 948 2189 de
977 2125 1043 2189 in
1078 2124 1212 2188 sine
1252 2124 1486 2188 dicturi
1528 2135 1679 2187 sunt
1721 2124 1903 2208 impii
1940 2143 1954 2187 :
1982 2125 2105 2188 Nos
2145 2125 2354 2188 insen·
2464 2127 2583 2187 tibi
2609 2135 2667 2186 et
2696 2127 2854 2203 paci
2874 2130 2905 2185 ἒ
2936 2124 2999 2187 id
3032 2132 3149 2200 est,
3186 2144 3306 2206 pax
3335 2123 3450 2186 tibi
3493 2141 3621 2186 non
3653 2122 3937 2201 debetur,

861 2225 1008 2302 sati,
1029 2224 1224 2290 vitam
1249 2224 1499 2289 illorum
1519 2224 1989 2287 aestimabamus
2011 2224 2348 2287 insaniam.

869 2323 982 2386 Vel
1017 2323 1314 2387 dicebant
1344 2322 1528 2384 illum
1573 2322 1892 2399 insanum,
1924 2321 2078 2403 quia
2103 2319 2354 2402 aufugit

871 2420 1222 2483 celerrime.
1269 2422 1396 2490 Qui
1435 2422 1532 2480 ait
1577 2423 1669 2480 eis
1702 2441 1726 2479 .·
1751 2422 1964 2481 Nostis
2001 2422 2349 2495 hominem,

869 2519 933 2581 id
963 2527 1080 2595 est,
1101 2538 1176 2581 ex
1216 2518 1439 2581 habitu
1477 2518 1616 2599 ejus
1654 2517 1918 2599 potestis
1959 2519 2353 2601 perpendere

865 2618 1036 2700 quod
1079 2617 1163 2679 sit
1205 2618 1284 2679 de
1325 2615 1484 2678 siliis
1514 2616 1964 2700 prophetarum
2004 2634 2018 2679 ε
2053 2617 2163 2698 qui
2200 2618 2353 2681 reli-

863 2716 1042 2797 gioso
1074 2714 1434 2797 humilique
1466 2715 1805 2779 utebantur
1834 2716 2090 2793 vestitu,
2112 2720 2353 2797 etquid

867 2819 1113 2875 locutu-s·
1139 2816 1251 2886 sit,
1275 2822 1492 2895 utpote
1521 2814 1766 2896 aliquid
1797 2815 1878 2879 de
1908 2814 2120 2877 verbis
2151 2825 2215 2879 et
2244 2835 2352 2879 ne-

863 2912 1055 2993 gotiis
1087 2912 1563 2995 prophetarum.
1586 2918 1674 2975 At
1703 2916 1811 2975 illi
1846 2919 2349 2993 responderunt.-

2460 2243 2661 2307 quum
2692 2224 2780 2286 sis
2814 2222 3025 2287 fautor
3043 2224 3185 2305 ejus
3206 2223 3317 2305 qui
3342 2221 3624 2285 turbator
3654 2231 3748 2285 est
3774 2241 3943 2287 com-

2462 2323 2812 2401 munitatiS,
2848 2331 2912 2386 et
2950 2322 3081 2405 jam
3110 2342 3185 2385 ex
3216 2322 3325 2385 Dei
3368 2330 3683 2404 praecepto
3712 2331 3808 2384 est
3848 2340 3947 2385 oc-

2468 2423 2802 2486 cidenduS.
2845 2424 3101 2491 Transi,
3144 2431 3204 2481 ec
3252 2440 3506 2500 sequere
3551 2440 3669 2492 me,
3716 2419 3777 2483 id
3826 2430 3939 2495 est,

2464 2521 2621 2584 vade
2664 2528 2809 2602 post
2864 2529 3112 2601 tergum
3161 2536 3398 2595 meum,
3434 2537 3553 2581 nec
3600 2538 3942 2601 praesumas

2460 2628 2607 2682 ante
2637 2637 2740 2681 me
2769 2619 2847 2681 ad
2889 2617 3221 2680 dominum
3252 2625 3426 2678 tuum
3470 2616 3721 2680 reverti.
3758 2620 3942 2679 Nun-

2464 2720 2656 2779 tiavit
2710 2738 2957 2797 quoque
3002 2720 3386 2794 speculator,
3433 2718 3651 2776 dicens
3689 2737 3711 2775 .·
3764 2718 3939 2778 Venit

2460 2818 2739 2878 nuncius
2768 2819 2857 2875 ad
2884 2836 3009 2885 eos,
3038 2825 3097 2875 ec
3127 2835 3257 2876 non
3290 2816 3636 2875 revertitur
3664 2812 3834 2877 solus
3876 2822 3939 2877 et

2460 2924 2605 2977 ante
2634 2913 2793 2977 alios
2824 2914 2902 2975 ad
2944 2912 3451 2975 denuntiandum
3497 2912 3635 2989 tibi,
3670 2912 3939 2993 qualiter

867 3016 1132 3075 Falsum
1157 3012 1458 3094 est,quod
1491 3012 2022 3077 certitudinaliter
2053 3022 2115 3077 et
2145 3015 2349 3079 deter-
2382 3015 2428 3079 C
2459 3021 2582 3076 stet
2613 3013 2778 3076 inter
2809 3011 3156 3075 exercitum
3182 3020 3357 3073 tuum
3391 3020 3455 3075 et
3482 3010 3691 3094 Syros,
3722 3031 3938 3093 quem-

865 3111 1105 3173 minate
1153 3110 1425 3174 sciamus
1476 3111 1632 3193 quid
1680 3112 1930 3189 dixerit,
1983 3117 2093 3173 sed
2140 3118 2349 3192 maqis

865 3230 1068 3271 narra
1099 3211 1298 3271 nobis.
1327 3212 1455 3279 Qui
1483 3212 1579 3271 ait
1607 3213 1740 3272 eis:
1762 3214 1917 3273 Hoec
1944 3222 2002 3272 et
2033 3213 2168 3275 hoec
2189 3218 2350 3273 locu-

869 3319 968 3369 tus
995 3318 1084 3369 est
1115 3309 1304 3370 mihi.
1331 3312 1416 3370 Ec
1437 3312 1532 3369 ait
1558 3330 1580 3369 .·
1602 3312 1756 3371 Hoec
1783 3313 1948 3371 dicit
1978 3314 2295 3372 Dominus
2323 3334 2347 3371 .·

875 3408 1051 3467 Unoei
1081 3416 1138 3466 te
1167 3427 1375 3483 reyem
1395 3427 1587 3483 super
1601 3410 1826 3489 Israel.
1853 3411 2348 3471 Festinaverunt

863 3504 1103 3583 itaque,
1161 3514 1222 3564 et
1281 3508 1718 3585 unusquisque
1777 3510 2000 3567 tollens
2059 3510 2346 3585 pallium

861 3622 1081 3672 suum,
1093 3613 1451 3681 posuerunt
1470 3606 1586 3664 sub
1601 3608 1872 3681 pedibus
1891 3607 2055 3684 ejus,
2077 3609 2145 3666 ire
2170 3608 2347 3667 simi-

865 3702 1212 3762 litudinem
1255 3702 1626 3775 tribunalia,
1660 3712 1720 3763 et
1758 3706 2126 3765 cecinerunt
2171 3708 2343 3778 tuba,

863 3810 1051 3880 atque
1081 3801 1398 3861 dixerunt
1429 3820 1452 3859 .·
1483 3802 1799 3877 Reynabit
1824 3804 2010 3863 Jelm.

944 3899 1326 3975 Conjuravic
1355 3919 1502 3976 erqo
1532 3902 1697 3959 Jelzu
1725 3900 1909 3977 filius
1937 3902 2243 3977 ,Io-saphat
2270 3907 2348 3979 fi-

2457 3112 2799 3176 admodum
2836 3111 2893 3175 oi
2938 3111 3347 3175 commissum
3380 3118 3497 3173 est.
3534 3112 3719 3173 Misit
3745 3113 3934 3170 eciam

2456 3232 2724 3271 currum
2763 3231 3073 3291 equorum
3114 3212 3485 3270 secundum.
3530 3211 3825 3289 Venitque
3852 3214 3939 3269 ad

2455 3330 2579 3381 eos,
2608 3319 2669 3369 ec
2698 3312 2795 3370 αἰι
2826 3330 2848 3368 .·
2872 3311 3026 3370 Haec
3053 3309 3217 3369 dicit
3247 3329 3361 3367 rea:
3392 3330 3413 3366 .·
3440 3309 3779 3387 Numquid
3798 3328 3937 3385 pam

2455 3410 2587 3468 est?
2606 3411 2692 3493 Ει
2712 3410 2810 3470 ait
2825 3408 2993 3470 Jeku
3015 3428 3038 3466 .·
3064 3408 3235 3475 Quid
3257 3408 3373 3467 cibi
3394 3416 3454 3467 et
3468 3409 3663 3485 paci?
3688 3410 3745 3467 T
3737 3410 3932 3476 rausi,

2454 3518 2516 3567 et
2558 3527 2815 3587 sequere
2854 3527 2973 3567 me.
3014 3507 3368 3567 Nuntiavit
3408 3516 3623 3567 autem
3660 3509 3936 3582 specula-

2460 3616 2582 3676 tor,
2624 3608 2843 3666 dicens
2885 3627 2906 3665 .·
2948 3607 3132 3667 Venit
3176 3625 3374 3683 usque
3416 3606 3503 3665 ad
3542 3624 3665 3675 603,
3708 3614 3765 3664 ec
3808 3624 3935 3663 non

2456 3707 2827 3767 revertitur.
2866 3708 2977 3766 Est
3022 3714 3238 3764 autem
3288 3704 3561 3762 incessus
3604 3705 3791 3782 quasi
3837 3704 3936 3762 in-

2454 3825 2660 3865 cessus
2707 3806 2873 3865 Jeku
2932 3804 3067 3880 filii
3118 3803 3369 3865 Namsi.
3420 3805 3709 3879 Proeceps
3762 3802 3937 3862 enim

2449 3906 2782 3981 graditur.
2818 3902 2947 3965 Hoc
2978 3900 3158 3978 dixit,
3194 3900 3294 3963 vel
3340 3901 3420 3963 de
3459 3919 3727 3983 persona
3754 3899 3931 3975 Jehu,

864 3998 945 4057 lii
973 4000 1208 4059 Nam-si
1227 4007 1449 4059 contra
1476 4002 1722 4069 loram,
1750 3998 1812 4060 id
1845 4007 1960 4075 est,
1986 3998 2121 4081 ipse
2151 4008 2215 4062 et
2234 4000 2345 4063 alii
2455 4019 2645 4082 quem
2686 4001 3046 4083 speculator
3088 3999 3271 4079 quasi
3313 3997 3729 4080 principalem
3776 3998 3937 4059 inter

860 4096 1184 4179 principes
1217 4097 1634 4160 condixerunt
1676 4117 1818 4161 cum
1850 4098 2211 4179 juramento
2241 4100 2348 4163 de-
2455 4100 2615 4163 alios
2657 4098 3107 4174 consideravit,
3140 4107 3204 4161 et
3242 4096 3359 4159 ivit
3397 4116 3699 4179 praecep3‚
3743 4096 3804 4158 id
3844 4104 3937 4159 est

860 4193 990 4257 lere
1036 4195 1466 4276 posteritatem
1495 4195 1732 4258 Achab.
1765 4200 1971 4259 Porro
2003 4199 2225 4258 Joram
2254 4202 2348 4259 ob-
2378 4201 2428 4261 D
2456 4218 2601 4262 cum
2650 4199 2891 4281 impetu
2940 4206 3131 4277 atque
3172 4196 3505 4271 velociter;
3554 4194 3654 4261 vel
3692 4195 3771 4257 de
3810 4203 3937 4257 toto

860 4295 1106 4352 sederat
1162 4295 1439 4353 Ramoth
1502 4297 1778 4365 Galaad,
1833 4298 1968 4374 ipse
2021 4306 2080 4356 et
2136 4299 2347 4357 omnis

860 4392 1065 4451 Israel
1103 4400 1324 4450 contra
1360 4392 1610 4451 Hazael
1640 4413 1845 4469 reyem
1889 4397 2126 4471 Syriae,
2159 4406 2219 4457 et
2252 4417 2349 4456 re-

863 4507 1076 4547 versus
1097 4488 1348 4565 fuerat,
1373 4498 1446 4549 ut
1470 4500 1814 4550 curaretur
1838 4494 1910 4551 in
1937 4495 2192 4553 Jezrael
2202 4515 2347 4572 pro-

851 4594 1000 4663 pter
1029 4590 1305 4646 vulnera
1325 4607 1349 4646 .·
1369 4588 1528 4665 quia
1541 4600 1989 4664 percusserant
2016 4612 2165 4652 eum
2184 4597 2350 4671 Syri

851 4686 1265 4762 praeliantem
1309 4696 1528 4746 contra
1564 4689 1816 4748 Hazael
1855 4710 2064 4767 reyem
2101 4694 2341 4769 Syrioe.

859 4784 1173 4862 Dixitque
1198 4785 1363 4844 Jelm
1389 4804 1411 4843 .·
1433 4788 1483 4845 S
1491 4787 1513 4844 i
1524 4790 1739 4863 placet
1759 4789 1952 4861 vobi-3,
1977 4810 2160 4850 nemo
2180 4811 2348 4867 eqre-

859 4883 1089 4941 diacur
1119 4883 1444 4960 profuyus
1483 4887 1562 4943 de
1603 4886 1891 4956 civitate,
1921 4909 2000 4947 ne
2041 4893 2242 4949 vadat
2289 4902 2349 4952 et

863 4982 1123 5041 nuntiet
1170 4979 1303 5061 regi
1346 4984 1418 5042 in
1447 4985 1701 5044 Jezrael
1730 4984 2099 5048 unctionem
2143 5006 2349 5051 meam

864 5076 930 5138 in
971 5096 1181 5158 regem
1225 5096 1340 5160 pro
1379 5098 1474 5142 eo.

939 5178 1026 5237 Ει
1074 5180 1361 5239 ascendit
1400 5182 1565 5251 Jelm
1603 5198 1748 5242 cum
1797 5198 1913 5243 suo
1956 5182 2261 5261 exercitu,
2292 5196 2351 5247 et

865 5276 1194 5353 profectus
1229 5286 1320 5337 est
1367 5279 1440 5338 in
1477 5281 1756 5348 Jezrael,
1797 5278 1859 5341 id
1910 5289 2027 5358 est,
2070 5281 2239 5344 viam
2284 5283 2355 5347 il-

2455 4298 2751 4373 exercitu,
2776 4296 2889 4378 qui
2922 4296 3122 4359 instar
3142 4294 3345 4376 ipsius
3375 4294 3554 4373 Jehu,
3588 4312 3731 4358 cum
3766 4292 3939 4356 festi-

2456 4395 2675 4459 nantia
2703 4395 3020 4461 veniebat.

2538 4500 2622 4558 Ει
2662 4498 2759 4557 ait
2795 4499 3018 4557 loram
3062 4514 3171 4557 rex
3217 4492 3408 4557 lsrael
3444 4511 3458 4555 ε
3489 4495 3751 4571 Junqice
3798 4512 3939 4551 cur-

2457 4617 2632 4667 rum,
2670 4594 2733 4656 id
2785 4603 2901 4673 est,
2938 4614 3193 4657 currum
3245 4612 3459 4657 meum
3506 4590 3844 4673 disponite,
3876 4599 3935 4653 ct

2456 4694 2640 4777 equis
2690 4694 3027 4776 applicate,
3072 4702 3142 4756 ut
3193 4694 3256 4756 in
3308 4711 3499 4756 curru
3550 4690 3677 4753 illis
3724 4708 3939 4753 occur-

2458 4813 2614 4856 ram.
2650 4792 2957 4856 Similiter
2988 4812 3096 4856 rex
3121 4794 3280 4855 Juda
3320 4810 3505 4854 suum
3538 4807 3796 4855 currum
3825 4806 3936 4871 pa-

2459 4892 2585 4954 rari
2616 4892 2941 4975 praecepit.
2965 4896 3469 4973 Junoeeruntq-ue
3485 4910 3751 4951 currum
3783 4890 3935 4965 ejus.

2458 4994 2545 5053 Ec
2572 5012 2851 5069 eyressus
2892 5002 2981 5053 est
3009 4996 3232 5054 loram
3270 5012 3387 5052 rem
3414 4993 3644 5059 Israel,
3671 4998 3731 5048 et
3758 4990 3943 5050 Ocho-

2462 5092 2602 5151 zias
2631 5111 2748 5150 rea·
2765 5094 2964 5161 Juda,
2988 5092 3239 5167 st'nyuli
3270 5092 3341 5149 in
3371 5090 3671 5149 curribus
3698 5088 3859 5155 suis,
3878 5085 3939 5147 id

2462 5197 2560 5251 cst
2579 5188 3027 5270 unusquisque
3048 5206 3266 5251 eorum
3290 5187 3355 5249 in
3378 5205 3565 5251 curru
3590 5204 3717 5249 suo.
3736 5188 3947 5262 Eyres-

2458 5290 2642 5369 sique
2661 5297 2816 5349 suut
2836 5289 2911 5349 iu
2932 5306 3266 5347 occursum
3282 5290 3538 5358 Jelzu‚et
3560 5286 3943 5347 invenerunt
