4309 6259
908 491 1024 552 162
1372 503 1718 554 amanum
1757 505 1821 548 m
1865 502 2003 548 cu.
2050 501 2162 548 ιιι
2201 500 2358 546 uam
2400 498 2570 546 Pnnn
2612 497 3144 546 rsnampouauou.
3186 517 3267 526 —
3307 497 3452 544 Aur.
3495 497 3604 544 xxi

894 681 1135 755 pulum
1174 686 1391 738 autem
1428 677 1545 755 qui
1586 683 1725 734 erat
1772 675 1843 732 in
1873 693 1974 742 ea,
2004 673 2238 733 eduoeit
2260 695 2284 742 ;
2329 679 2390 729 et
2420 665 2471 727 A
2500 671 2686 734 chom
2717 679 2928 734 autem
2962 679 3057 732 est
3086 669 3328 734 idolum
3358 667 3887 743 Ammonitarum,
3925 674 3992 728 et

902 776 1057 852 fecit
1084 795 1276 852 super
1298 795 1399 834 eos
1420 776 1691 834 tribulas
1718 781 1778 832 et
1802 773 2021 832 trahas
2050 779 2109 830 et
2139 770 2391 845 ferrata
2501 771 2586 832 ita
2623 771 2874 832 videtur
2918 769 3316 832 dissonantia
3356 768 3421 828 in
3468 767 3607 829 istis
3649 764 3982 834 historiis:

904 883 1209 951 carpenta
1240 873 1545 940 transire,
1580 873 1675 932 ita
1708 880 1781 931 ut
1824 871 2300 930 dissecarentur
2333 874 2392 924 et
2503 868 2610 931 sed
2659 867 2864 931 facilis
2903 875 2997 930 est
3053 865 3504 930 concordantia
3554 865 3802 928 horum.
3845 862 3994 924 Mel-

904 982 1395 1034 contererentur.
1416 973 1527 1033 Sic
1544 972 1701 1048 fecit
1718 970 1936 1031 David
1954 968 2202 1028 cunctis
2221 965 2396 1024 urbi·
2503 967 2688 1029 chom
2721 985 2998 1049 namque
3047 965 3522 1048 interpretatur,
3555 964 3683 1027 Rex
3713 977 3986 1026 eorum:

908 1075 1021 1132 bus
1048 1073 1343 1150 filiorum
1372 1073 1650 1131 Ammon
1666 1093 1695 1140 ,·
1722 1079 1781 1128 et
1811 1087 2098 1127 reversus
2127 1074 2218 1124 est
2246 1083 2396 1123 cum
2505 1065 2726 1147 sicque
2757 1065 2824 1127 in
2855 1064 3019 1129 libro
3051 1065 3311 1146 Regum,
3339 1083 3452 1146 per
3482 1063 3708 1143 Regem
3741 1079 3986 1136 eorum,
4047 1072 4270 1128 nster-111.

632 1181 782 1237 ¹1Reo-
795 1195 878 1233 ω,
906 1171 1087 1231 omm·
1107 1172 1346 1247 populo
1366 1188 1479 1228 suo
1500 1169 1573 1228 in
1591 1170 1967 1228 Jerusalem.
1990 1201 2071 1209 —
2090 1167 2243 1225 Post
2265 1162 2398 1220 haec
2507 1164 2886 1245 intelligitur
2907 1163 3209 1227 Melchom
3237 1164 3397 1226 deus
3427 1171 3489 1226 ct
3508 1181 3615 1224 rex
3645 1181 3716 1223 ac
3748 1160 3990 1222 idolum
4023 1141 4092 1180 ³⁰·

620 1248 685 1289 ¹⁸·
908 1271 1153 1329 initum
1174 1278 1265 1328 est
1285 1269 1519 1326 bellum
1546 1267 1617 1325 in
1648 1267 1856 1326 Gazer
1877 1266 2216 1324 adversum
2240 1259 2400 1321 Plu·-
2506 1263 3032 1326 Ammonitarum.
3081 1264 3434 1324 Manubeas
3473 1281 3745 1342 quoque,
3785 1259 3848 1320 id
3891 1266 3992 1320 est

910 1367 1165 1434 tistaeos,
1204 1366 1276 1426 in
1315 1384 1439 1443 quo
1479 1366 1795 1441 percussit
1832 1362 2146 1422 sobochai
2185 1362 2399 1420 Husa-
2507 1361 2712 1444 spolia
2742 1361 2955 1424 Babba
2981 1360 3350 1443 metropolis
3382 1359 3666 1422 filiorum
3696 1359 3992 1430 Ammon,

913 1465 1119 1535 tlzites,
1152 1464 1407 1541 Sapkai
1439 1465 1518 1522 de
1542 1481 1771 1539 yenere
1800 1461 2152 1537 Rapkaim,
2189 1468 2248 1518 et
2279 1461 2399 1518 hu·
2508 1463 2700 1521 tulit:
2733 1467 2795 1523 et
2826 1460 3126 1523 dicuntur
3155 1457 3498 1535 manubiae,
3531 1455 3832 1539 quoniam
3867 1474 3998 1516 ma-

644 1577 764 1621 ιὸεα.
785 1579 851 1624 ¹9.
910 1563 1199 1624 miliavit
1226 1581 1347 1622 eos.
1370 1562 1581 1623 Aliud
1609 1579 1855 1639 quoque
1885 1561 2119 1618 bellum
2143 1566 2397 1634 ⁸qestum
2507 1557 2696 1619 nibus
2727 1557 3084 1640 rapiuntur.
3110 1562 3437 1635 Populum
3469 1567 3684 1618 autem
3711 1557 3828 1635 qui
3853 1563 3996 1614 erat

906 1670 997 1721 est
1034 1663 1341 1720 adversus
1376 1660 1769 1727 Philistaeos,
1808 1659 1882 1717 in
1919 1677 2043 1737 quo
2080 1656 2398 1733 percussit
2507 1658 2581 1716 in
2609 1659 2995 1729 ea,eduoeit,·
3016 1666 3076 1718 et
3103 1658 3259 1734 fecit
3285 1676 3476 1734 super
3503 1676 3603 1716 eos
3633 1656 3906 1716 tribulas
3934 1662 3994 1710 et

907 1762 1279 1821 Adeodatus
1296 1759 1478 1836 filius
1498 1760 1721 1820 Saltus
1740 1756 2244 1824 Bethlehemites,
2263 1756 2399 1833 fra·
2511 1758 2731 1817 trahas
2758 1765 2817 1816 et
2844 1759 3094 1836 ferrata
3123 1765 3432 1835 carpenta
3463 1756 3761 1816 transire.
3781 1752 3851 1814 In
3884 1751 3998 1814 Re-

914 1867 1071 1918 trem
1108 1858 1367 1918 Goliatlt
1401 1857 1666 1925 Getluei,
1696 1856 1883 1932 cujus
1912 1857 2110 1915 liastoe
2142 1854 2396 1930 liynum
2434 1855 2483 1916 B
2505 1871 2656 1933 gum
2701 1853 2866 1916 libro
2907 1854 3173 1917 habetur
3207 1871 3222 1915 ε
3260 1853 3566 1935 Populum
3612 1851 3754 1932 ejus
3796 1850 3996 1912 addu-
4065 1870 4256 1913 ιὸῑωι.

909 1965 1048 2015 erat
1084 1957 1273 2035 quasi
1310 1955 1711 2016 liciatorium
1752 1945 2124 2014 texentium.
2167 1954 2298 2013 Sed
2339 1959 2398 2010 et
2507 1971 2682 2029 cenS,
2715 1953 3003 2025 serravit,
3026 1961 3090 2016 et
3117 1951 3492 2031 circumegit
3521 1968 3716 2032 super
3745 1967 3854 2012 eos
3876 1947 4000 2010 ser-

618 2067 882 2112 uatam-22.
910 2057 1099 2115 aliud
1138 2057 1374 2114 bellum
1411 2055 1649 2115 accidit
1678 2056 1751 2114 in
1784 2055 1965 2125 Geth,
2000 2054 2073 2112 iu
2103 2073 2228 2132 quo
2262 2053 2398 2131 fuit
2510 2061 2642 2116 rata
2662 2063 2984 2135 carpenta,
3010 2051 3356 2133 divisitque
3376 2049 3598 2113 cultris
3619 2056 3683 2112 et
3711 2047 3996 2110 traduxit

908 2155 1089 2214 homo
1120 2154 1551 2230 longissimum
1574 2173 1752 2213 senos
1781 2154 2017 2213 liabens
2040 2153 2304 2228 diyitos,
2325 2153 2398 2210 id
2509 2151 2576 2213 in
2608 2159 2757 2234 typo
2797 2151 3088 2214 laterum.
3125 2149 3356 2232 Sicque
3399 2167 3514 2230 per
3545 2146 3812 2210 tribulas
3853 2164 4000 2228 pos-

904 2260 994 2312 est
1028 2252 1270 2329 viyinti
1302 2261 1581 2331 quatuor
1608 2252 1809 2310 simul
1840 2269 1862 2311 .·
1898 2251 2017 2329 qui
2046 2259 2107 2310 et
2146 2251 2280 2326 ipse
2315 2253 2396 2310 de
2507 2258 2656 2312 sunt
2684 2250 2874 2314 cultri
2897 2248 3190 2329 intelligi,
3213 2248 3314 2312 vel
3337 2245 3579 2329 aliquid
3611 2245 3867 2307 additur
3885 2244 3998 2306 hic

899 2351 1231 2426 Raphaim
1251 2351 1452 2425 stirpe
1472 2351 1693 2426 fuerat
1716 2358 2082 2425 yeneratus.
2110 2349 2240 2409 Hic
2268 2350 2396 2408 bla-
2504 2349 2676 2431 quod
2710 2349 2800 2412 ibi
2845 2367 3213 2430 expressum
3244 2365 3372 2410 non
3415 2344 3559 2408 fuit.
3591 2343 3856 2426 Proprie
3882 2363 4002 2405 au-

895 2446 1259 2522 sphemavit
1292 2449 1518 2507 Israel.
1554 2447 1638 2506 Ει
1666 2446 1985 2521 percussit
2018 2465 2169 2506 eum
2199 2447 2394 2505 Joua-
2507 2457 2632 2511 tem
2667 2448 2899 2511 tribula
2927 2446 3284 2530 appellatur
3323 2444 3712 2519 vehiculum,
3746 2461 3876 2524 quo
3913 2450 4003 2504 te-

902 2546 1058 2605 man
1075 2546 1259 2620 filius
1279 2547 1594 2605 Sammaa
1613 2545 1849 2622 fratris
1868 2546 2107 2606 David.
2126 2547 2222 2606 Hi
2238 2555 2390 2606 sunt
2505 2546 2667 2609 ritur
2704 2545 3098 2609 frumentum
3136 2552 3246 2607 aut
3289 2543 3537 2606 messis
3583 2542 3787 2604 Traha
3839 2559 3999 2604 vero

895 2644 1032 2719 filii
1062 2644 1391 2720 Raphaim
1424 2644 1497 2702 in
1540 2645 1720 2713 Geth,
1759 2645 1877 2722 qui
1913 2645 2279 2703 ceciderunt
2318 2645 2387 2704 in
2502 2645 2736 2707 dicitur
2764 2663 2802 2706 a
2831 2643 3160 2720 trahendo,
3192 2642 3496 2724 quoniam
3529 2648 3695 2703 rotas
3717 2658 3848 2703 non
3883 2637 3997 2700 ha-

898 2761 1103 2803 manu
1132 2743 1351 2803 David
1379 2750 1437 2801 et
1466 2761 1797 2802 servorum
1826 2743 1987 2818 ejus.
2503 2743 2647 2806 bet:
2685 2741 2904 2823 sicque
2933 2741 3203 2804 trahitur
3227 2759 3418 2822 super
3448 2739 3574 2802 alia
3603 2739 3682 2801 ad
3713 2737 3995 2820 compla-

976 2838 1104 2902 Hoc
1136 2847 1337 2902 totum
1368 2838 1647 2902 secundo
1678 2838 1917 2918 Regum
1939 2838 2103 2902 libro
2136 2838 2264 2901 fuit
2293 2858 2390 2901 ex·
2500 2841 2805 2917 nandum,
2842 2849 2910 2902 ut
2957 2860 3146 2923 super
3187 2839 3436 2903 noviter
3481 2838 3812 2914 seminata,
3851 2835 3994 2900 sive

894 2936 1197 3018 positum,
1218 2937 1343 2999 nisi
1369 2938 1541 3018 quod
1573 2937 1675 2999 hic
1707 2937 2016 3019 scriptum
2048 2946 2144 3000 est
2171 2956 2184 3000 :
2211 2941 2385 2999 Tulit
2497 2940 2574 3003 ad
2606 2939 3120 3022 opprimendum,
3153 2946 3224 2999 ut
3253 2957 3446 3019 super
3477 2936 3654 2998 istos.
3681 2938 3834 2998 Post
3855 2938 3996 2996 ἠως

892 3037 1113 3097 David
1151 3055 1453 3096 coronam
1492 3038 1804 3098 Melchom
1844 3039 1924 3097 de
1962 3039 2172 3114 capite
2211 3039 2373 3114 ejus,
2423 3041 2466 3104 C
2501 3041 2742 3099 initum
2761 3047 2850 3098 est
2873 3040 3105 3098 bellum
3133 3038 3206 3097 in
3235 3039 3444 3097 Gazer
3462 3038 3810 3096 adversum
3833 3035 3996 3095 Plu·-

892 3144 953 3195 et
986 3135 1239 3194 invenit
1276 3135 1349 3194 in
1386 3155 1460 3195 ea
1498 3136 1655 3195 auri
1686 3137 1898 3212 pondo
1940 3140 2281 3206 talentum,
2322 3147 2382 3198 et
2497 3140 2745 3199 ce'staeos.
2771 3135 3225 3199 Describuntur
3246 3134 3350 3196 hic
3383 3133 3504 3196 tria
3533 3132 3755 3216 praelia
3784 3133 3994 3195 victo-

888 3234 1384 3309 pretiosissimas
1409 3252 1739 3309 yemmas,·
1762 3234 2039 3313 fecitque
2072 3237 2198 3294 sibi
2229 3236 2384 3295 inde
2497 3237 2666 3299 riosa
2683 3235 2881 3298 David
2903 3233 3068 3314 regis
3089 3241 3311 3296 contra
3327 3231 3701 3307 Philistaeos,
3727 3239 3790 3294 et
3813 3239 3992 3312 patet

896 3332 1221 3392 diadema.
1249 3331 1439 3395 Porro
1484 3339 1782 3413 praetacto
1822 3333 2101 3394 secundo
2146 3332 2383 3413 Regum
2496 3334 2632 3397 haec
2661 3333 2872 3396 littera
2900 3352 2977 3396 ex
3004 3331 3192 3395 dictis
3225 3331 3290 3394 in
3330 3330 3728 3412 expositione
3757 3348 3990 3392 secun-

608 3443 872 3496 1⁶ia.xu‚so.
900 3427 1065 3492 libro
1106 3429 1337 3510 legitur
1372 3446 1387 3491 z
1419 3428 1590 3490 Tulit
1618 3429 1911 3492 diadema
1951 3431 2117 3510 regis
2159 3450 2378 3495 eorum
2498 3433 2562 3494 di
2593 3431 2936 3495 voluminis
2967 3431 3231 3512 Regum,
3270 3429 3336 3490 in
3367 3447 3496 3510 quo
3533 3427 3998 3491 describuntur
4059 3447 4214 3490 nean
4191 3461 4264 3493 n.

900 3527 979 3588 de
1007 3527 1216 3609 capite
1254 3527 1394 3609 ejus
1433 3528 1646 3609 pondo
1686 3528 1825 3591 auri
1859 3528 2190 3606 talentum,
2231 3538 2378 3604 etc.;
2498 3539 2769 3613 quatuor
2817 3528 2986 3592 bella
3033 3526 3426 3610 hujusmodi,
3468 3545 3741 3608 quorum
3783 3515 4042 3588 unum¹
4053 3514 4226 3564 ⁵‘'‘⁸‘⁹·

901 3633 965 3688 et
992 3625 1363 3708 impositum
1398 3635 1495 3689 est
1528 3645 1720 3708 super
1755 3637 1947 3710 caput
1987 3628 2209 3691 David.
2245 3628 2389 3692 Mel·
2499 3628 2814 3692 omittitur
2845 3627 2910 3689 in
2920 3627 3066 3691 hoc
3097 3627 3260 3690 loco.

1980 4056 2627 4144 ARTICULUS
2706 4057 2913 4142 XXI

1084 4329 1397 4374 Exposl‘rlo
1440 4328 1713 4374 currum
1756 4329 2018 4375 vlcsssnss
2059 4330 2230 4376 Pnnu
2274 4331 2288 4375 :
2334 4330 2751 4376 CONsunnExn·
2792 4330 2997 4375 An'rssu
3040 4330 3240 4375 SATAN
3281 4329 3520 4376 CONTRA
3563 4329 3802 4375 lsnam..

978 4606 1311 4670 NSUPER
1361 4606 1427 4669 in
1479 4606 1600 4669 hoc
1639 4607 1919 4688 capitulo
1980 4608 2384 4686 describitur,
2416 4609 2465 4670 D
2497 4616 2560 4670 ct
2602 4607 2820 4670 hocin
2852 4608 3090 4670 malum
3138 4608 3333 4672 totius
3373 4609 3703 4673 israelitici
3752 4609 3988 4692 populi

996 4705 1273 4787 qualiter
1302 4706 1378 4767 ad
1412 4705 1751 4787 imperium
1774 4706 1993 4783 David,
2020 4715 2388 4770 numeratus
2495 4707 2610 4788 qui
2657 4706 2990 4770 occasione
3039 4707 3408 4772 tentationis
3457 4707 3633 4770 illius
3683 4726 3986 4788 magnam

900 4812 999 4868 est
1027 4803 1304 4886 populus
1323 4803 1536 4880 Israel,
1564 4811 1626 4865 et
1654 4803 1929 4884 qualiter
1950 4804 2147 4868 David
2181 4804 2246 4867 in
2269 4805 2390 4868 hoc
2495 4804 2762 4867 incurrit
2802 4805 3250 4869 adversitatem
3293 4812 3357 4869 et
3399 4815 3646 4888 pestem
3671 4830 3688 4881 ;
3722 4815 3784 4870 et
3819 4806 3988 4870 inci-

900 4902 1189 4985 peccavit
1218 4909 1409 4983 atque
1440 4900 1704 4983 punitus
1734 4910 1830 4965 est
1855 4903 2063 4984 :quod
2095 4910 2298 4966 totum
2323 4901 2388 4964 in
2492 4903 2649 4965 tavit
2677 4903 2888 4984 ipsum
2917 4904 3114 4966 David
3145 4901 3218 4967 ut
3242 4913 3608 4968 numeraret
3635 4905 3846 4969 lsrael.
3875 4905 3988 4968 Se-

624 5022 783 5066 tiam
758 5037 855 5066 xm
858 4999 1180 5068 ‚secundo
1212 4999 1377 5062 libro
1408 4999 1644 5078 Regum
1684 5000 2042 5080 expositum
2082 5007 2200 5063 est.
2239 5002 2391 5060 Con·
2493 5001 2701 5064 cundo
2751 5000 2916 5066 libro
2966 5002 3201 5082 Regum
3248 5003 3518 5066 habetur
3561 5021 3575 5065 :
3611 5003 3688 5065 Et
3735 5003 3986 5066 addidit
4032 5028 4267 5076 mann.

894 5100 1185 5159 surremit
1228 5107 1446 5160 autem
1494 5101 1705 5160 Satan
1754 5108 1976 5158 contra
2024 5101 2292 5158 Israel:
2325 5097 2388 5159 id
2494 5097 2672 5161 l'uror
2699 5099 2951 5162 Domini
2981 5099 3169 5163 irasci
3213 5109 3434 5164 contra
3463 5101 3673 5178 Israel,
3707 5120 3986 5165 commo—
4017 5095 4056 5134 ¹·

898 5203 1015 5274 est,
1049 5198 1175 5260 Deo
1208 5194 1639 5279 permittente,
1663 5194 1957 5257 diabolus
1985 5195 2388 5258 adversarius
2495 5195 2714 5278 vitque
2754 5197 2972 5274 David,
3011 5198 3072 5260 id
3110 5207 3232 5274 est,
3265 5199 3430 5261 Deus
3465 5219 3543 5262 ex
3583 5219 3701 5262 sua
3733 5200 3986 5280 justitia

892 5294 1191 5360 humanae
1216 5295 1439 5358 salutis
1470 5293 1739 5359 tentavit
1759 5293 1956 5355 David
1974 5295 2055 5356 de
2084 5293 2383 5370 elatione,
2493 5294 2786 5375 permisit
2810 5294 3021 5377 ipsum
3047 5297 3248 5360 David
3277 5298 3668 5361 commoveri
3698 5317 3738 5360 a
3765 5297 3982 5376 Satan,
