4309 6259
568 2349 642 2392 Pe.
656 2363 713 2400 ix.
729 2353 794 2393 35.

541 2450 619 2492 Pe.
633 2463 740 2501 uxi,
752 2453 793 2492 4.

544 3236 621 3278 Ps.
640 3249 705 3286 xc,
729 3240 793 3279 ¹5.

545 3720 679 3763 Prot.
690 3734 797 3770 xxix,

538 3785 601 3826 14.

827 477 947 540 680
1605 492 1952 538 ENARRA'HO
1995 492 2057 537 IN
2099 492 2236 538 GAP.
2284 491 2474 537 xxxvl
2513 491 2640 536 1013.
2684 509 2765 520 —
2804 491 2948 537 Aur.
2995 489 3132 535 Lxlv

908 665 1040 724 Sed
1076 682 1205 723 non
1241 664 1451 722 salvat
1498 664 1730 740 impios
1779 660 2255 742 impoenitentes
2300 663 2398 723 :A
2427 660 2716 742 proprias
2763 660 3006 742 culpas,
3041 667 3230 741 prout
3273 659 3336 720 in
3382 657 3538 720 lsaia
3581 657 3903 719 habetur:

2427 759 2888 820 Tantummodo
2941 758 3076 821 sola
3119 758 3368 820 vexatio
3420 755 3596 818 dabit
3654 755 3906 818 intelle-
3983 773 4203 817 tunm.
4288 833 4289 840 ἵ

831 761 895 822 id
938 767 1055 835 est,
1100 759 1153 820 si
1200 767 1491 840 potentes
1536 759 1761 840 abjicit
1800 767 1864 821 θῖ
1910 759 2314 834 condemnat,

830 859 949 921 hoe
979 865 1075 920 θεῖ
1109 865 1366 938 propter
1394 857 1785 938 impietatem
1814 875 2031 918 eorum
2060 874 2073 917 ε
2101 856 2168 917 in
2191 875 2318 936 quo

830 963 1029 1033 notat,
1076 955 1247 1036 quod
1294 954 1412 1018 Job
1458 955 1571 1035 qui
1630 963 1912 1036 tempore
1962 954 2318 1016 sanctitatis

830 1053 1307 1136 potentissimus
1358 1051 1503 1128 fuit,
1544 1060 1803 1134 propter
1852 1071 1965 1114 sua
2014 1052 2098 1113 sit
2142 1051 2318 1132 abje-

830 1161 968 1216 ctus
1018 1161 1081 1214 et
1127 1171 1326 1214 caesus
1378 1160 1654 1232 peccata.
1704 1150 1822 1213 Sed
1870 1159 2314 1231 argumentum

830 1250 999 1313 istud
1044 1249 1205 1311 nihil
1246 1249 1590 1312 concludit.
1624 1248 1921 1322 Quamvis
1949 1249 2122 1311 enim
2152 1249 2316 1312 Deus

831 1357 1120 1430 potentes
1170 1348 1376 1428 justos
1436 1365 1561 1410 non
1618 1347 1903 1426 abjiciat,
1956 1347 2314 1428 spiritualia

829 1449 994 1510 dona
1024 1447 1115 1507 eis
1154 1445 1433 1508 tollendo
1471 1453 1581 1507 aut
1618 1446 2092 1508 damnationem
2138 1445 2316 1507 insli-

827 1545 1034 1624 gendo
1078 1568 1092 1618 3
1144 1553 1355 1606 tamen
1410 1553 1719 1624 quantum
1769 1545 1845 1606 ad
1900 1545 2310 1626 temporalem

829 1644 1303 1707 tribulationem
1335 1651 1399 1705 et
1426 1643 1805 1705 exteriorum
1847 1643 2160 1704 bonorum
2192 1643 2317 1724 pri-

828 1744 1169 1819 vationem,
1203 1761 1312 1805 eos
1349 1743 1695 1824 aliquando
1732 1742 1956 1821 abjicit
1988 1762 2099 1804 seu
2129 1743 2312 1824 quasi

2427 865 2596 918 ctum
2644 855 2912 918 auditui.
2949 858 3118 924 Quia
3159 857 3428 915 violenti
3467 855 3763 930 fuerunt.
3795 853 3908 916 Po-
3936 840 4006 878 ¹⁹·

2437 963 2637 1016 tentes
2697 955 2891 1030 enim,
2954 953 3274 1035 praecipue
3333 969 3528 1032 regeS‚
3581 951 3908 1014 multoties

2427 1060 2738 1134 potestate
2765 1060 3031 1114 utuntur
3060 1070 3175 1134 pro
3206 1051 3344 1130 lege
3370 1051 3786 1132 justitiae,nec
3807 1069 3910 1112 vo-

2427 1153 2734 1214 luntatem
2773 1151 3058 1230 dirigunt
3094 1151 3360 1227 ratione,
3392 1149 3674 1212 dicentes
3711 1149 3912 1212 verbo

2425 1250 2522 1314 vel
2559 1247 2728 1312 facto
2763 1267 2778 1310 :

2485 1401 2604 1451 Hoc
2629 1400 2774 1460 vole,
2805 1399 2886 1450 sic
2911 1399 3078 1463 jubeo
3093 1415 3106 1460 ;
3139 1399 3210 1450 sit
3237 1415 3336 1466 pro
3365 1399 3572 1450 ratione
3600 1399 3874 1450 voluntas.

2425 1545 2708 1608 Animosi
2758 1544 2906 1606 sunt
2954 1543 3148 1616 enim,
3194 1548 3257 1602 et
3301 1537 3671 1602 animositas
3717 1539 3910 1602 ratio·

2425 1664 2570 1706 nem
2610 1642 3032 1705 ineffabiliter
3071 1647 3282 1702 caecat.
3317 1638 3442 1700 Hoc
3487 1639 3675 1701 modo
3723 1640 3908 1701 redu-

2425 1742 2516 1804 xit
2560 1742 2884 1804 Manassen
2937 1758 3146 1820 regem
3194 1738 3272 1798 ad
3323 1736 3783 1818 poeniteutiam,

830 1842 1159 1923 relinquit,
1192 1850 1451 1922 propter
1492 1841 1798 1920 majorem
1842 1859 2059 1902 eorum
2103 1841 2316 1922 profe·
2353 1839 2397 1899 B
2426 1841 2704 1904 secundo
2748 1838 3268 1919 Paralipomenon
3315 1833 3538 1896 fertur.

827 1950 1022 2016 ctum,
1044 1948 1107 2002 et
1131 1939 1213 2003 ob
1240 1939 1399 2000 alias
1430 1957 1652 2001 causas
1685 1937 2052 2018 frequenter
2072 1959 2317 2021 expres-

830 2058 949 2100 εειε.
978 2042 1061 2100 Ει
1074 2040 1419 2114 judicium
1440 2039 1843 2114 pauperibus
1873 2039 2123 2099 tribuit.
2153 2039 2314 2100 Deus

828 2137 997 2200 enim
1048 2145 1145 2198 est
1194 2155 1545 2218 pauperum
1598 2135 1892 2216 specialis
1950 2137 2207 2217 adjutor
2253 2143 2317 2198 et

825 2236 1017 2316 judex
1063 2235 1127 2294 in
1172 2234 1409 2296 bonum
1451 2251 1694 2310 eorum,
1726 2233 1905 2314 juxta
1948 2234 2106 2296 illud
2148 2235 2316 2296 Psal-

828 2333 916 2394 mi
952 2351 965 2394 :
999 2332 1141 2394 Tibi
1182 2330 1523 2394 derelictus
1562 2340 1659 2393 est
1698 2351 1959 2412 pauper.
1992 2332 2069 2393 Et
2106 2332 2259 2394 item
2298 2351 2312 2394 ε

825 2427 1139 2490 Judicabit
1170 2445 1480 2508 pauperes
1510 2426 1754 2508 populi,
1790 2436 1852 2488 et
1883 2427 2090 2489 salvos
2124 2427 2315 2490 faciet

830 2523 1001 2586 filios
1032 2543 1405 2606 pauperum.
1423 2524 1726 2605 lnjuriam
1748 2524 1939 2585 etiam
1963 2544 2313 2606 pauperum

828 2622 1239 2702 singulariter
1272 2622 1572 2686 vindicat.

906 2724 1055 2783 Non
1094 2724 1313 2798 aufert
1350 2743 1389 2782 a
1412 2723 1596 2797 justo
1634 2725 1845 2780 oculos
1887 2743 2057 2791 sao-3,
2090 2723 2152 2783 id
2193 2731 2311 2801 θεῖ,

826 2819 1079 2900 pietatis
1123 2838 1253 2881 suae
1295 2825 1652 2899 respectum
1692 2836 1819 2881 non
1860 2820 2176 2882 subtrahit
2215 2824 2315 2900 ju-

826 2917 963 2994 stiS,
1000 2917 1127 2979 imo
1158 2935 1271 2998 per
1308 2915 1833 2998 complacentiam
1877 2919 2137 3000 respicit
2179 2939 2311 2996 θοε,

2503 1940 2833 2000 Revelabit
2866 1956 3111 2016 quoque
3143 1954 3369 1994 aurem
3399 1953 3643 2002 eorum,
3675 1932 3736 1994 id
3777 1943 3895 2009 est,

2425 2036 2792 2099 interiorem
2835 2034 3089 2098 illorum
3127 2049 3343 2094 aurem
3372 2030 3641 2106 docebit,
3681 2041 3752 2090 ut
3779 2051 3907 2092 cor-

2426 2137 2655 2212 ripiat,
2700 2135 2761 2195 id
2805 2141 2921 2209 est,
2957 2132 3036 2194 de
3075 2129 3353 2212 peccatis
3387 2147 3495 2190 eos
3529 2128 3810 2210 increpet
3841 2139 3906 2191 et

2425 2233 2760 2306 emendet3
2805 2243 2862 2291 et
2908 2236 3220 2310 loquetur,
3268 2246 3380 2309 per
3419 2226 3613 2288 verba
3657 2227 3906 2290 interna

2425 2352 2536 2394 seu
2568 2330 2832 2394 verbera
2861 2328 3271 2402 exhortando,
3292 2335 3363 2386 ut
3391 2335 3800 2386 revertantur
3827 2329 3908 2386 ab

2427 2432 2802 2508 iniquitate,
2840 2428 2902 2489 id
2946 2435 3064 2501 est,
3098 2444 3246 2487 vere
3279 2424 3649 2506 poeniteant.
3681 2426 3762 2484 Si
3791 2446 3908 2484 au—

2424 2530 2693 2596 dierint,
2729 2527 2792 2588 id
2841 2535 2960 2602 est,
2993 2523 3226 2587 divinae
3257 2521 3678 2584 exhortationi
3711 2531 3777 2582 et
3806 2521 3906 2582 in-

2425 2624 2776 2706 crepationi
2819 2621 3280 2696 consenserint,
3312 2630 3370 2679 et
3409 2621 3903 2689 observaverint,

2427 2725 2489 2786 id
2529 2732 2645 2799 cst,
2680 2740 2871 2804 opere
2911 2718 3372 2800 compleverint
3413 2736 3554 2797 quae
3601 2717 3766 2780 Deus
3813 2717 3908 2780 eis

2415 2821 2742 2902 injungit,
2772 2821 3171 2896 complebunt
3199 2819 3336 2877 dies
3361 2836 3506 2876 suos
3537 2818 3608 2874 in
3637 2818 3818 2886 bone,
3841 2816 3906 2877 id

2425 2929 2542 2996 est,
2578 2918 3017 2981 liberabuntur
3055 2935 3090 2977 a
3123 2914 3512 2996 captivitate,
3547 2921 3610 2974 θῖ
3645 2914 3724 2975 ad
3769 2933 3912 2996 pro·

824 3024 887 3077 et
914 3015 1188 3096 gratiose
1218 3022 1553 3077 conservat
1578 3034 1653 3078 ac
1682 3015 1915 3095 diligit,
1936 3017 2129 3079 etiam
2161 3019 2312 3080 dum
2350 3020 2392 3082 C
2425 3018 2793 3099 speritatem
2826 3015 3162 3097 pristinam
3193 3013 3594 3086 reducentur,
3617 3023 3676 3072 et
3703 3033 3908 3073 annos

825 3132 933 3176 cos
970 3111 1462 3177 adversitatibus
1508 3113 2162 3197 tribulationibusque
2211 3136 2314 3178 ex-

826 3211 1028 3294 ponit,
1062 3211 1240 3291 juxta
1290 3210 1447 3272 illud
1490 3211 1721 3272 Psalmi
1757 3230 1771 3273 :
1804 3212 1960 3274 Cum
2001 3213 2139 3296 ipso
2172 3234 2312 3276 sum

826 3312 892 3372 in
946 3308 1376 3371 tribulatione.
1408 3311 1494 3370 Et
1539 3330 1713 3386 reyes
1761 3314 1833 3369 in.
1881 3315 2060 3380 solio,
2109 3312 2173 3375 id
2219 3321 2314 3374 est

828 3406 1058 3469 throno
1106 3405 1324 3487 regali,
1368 3411 1632 3466 collocat
1682 3409 1755 3467 in
1796 3420 2205 3485 perpetuum,
2251 3409 2312 3471 id

827 3513 920 3567 est
952 3524 1064 3586 per
1094 3524 1283 3567 omne
1313 3513 1563 3585 tempus
1595 3505 1740 3567 vitae
1778 3524 2021 3583 eorum,
2056 3507 2110 3568 si
2144 3518 2316 3589 pote-

828 3611 988 3666 state
1019 3623 1133 3665 sua
1162 3603 1325 3665 bene
1357 3611 1639 3678 utantur,
1677 3605 2212 3684 quemadmodum
2247 3606 2313 3666 in

826 3702 1183 3764 Proverbiis
1229 3701 1555 3763 inducitur
1592 3719 1604 3761 :
1640 3701 1768 3762 Rex
1810 3702 1921 3782 qui
1964 3701 2208 3782 judicat
2246 3704 2312 3764 in

829 3800 1091 3862 veritate
1143 3818 1475 3881 paupereS,
1522 3799 1787 3861 thronus
1834 3800 1973 3880 ejus
2025 3800 2088 3860 in
2138 3809 2317 3863 aeter-

828 3916 979 3960 num
1014 3896 1392 3959 firmabitur.
1407 3897 1743 3978 Potestque
1764 3899 2164 3979 perpetuatio
2197 3899 2315 3962 ista

825 3997 903 4058 ad
934 4014 1331 4058 successores
1364 4013 1581 4076 regum
1615 3994 1861 4070 referri,
1883 3997 2227 4060 dummodo
2253 4007 2314 4060 ct

824 4111 1219 4155 successores
1278 4093 1648 4173 hujusmodi
1696 4093 2009 4174 justitiam
2060 4103 2312 4176 patrum
2423 4095 2714 4177 accipere
2744 4092 3174 4174 disciplinam.
3209 4093 3273 4153 ln
3305 4092 3463 4154 lsaia
3487 4093 3912 4174 quoquezpo-
3965 4119 4176 4162 lausi.

2422 3137 2567 3174 suos
2599 3118 2671 3174 in
2695 3117 2935 3190 yloria,
2969 3113 3032 3175 id
3062 3119 3158 3173 est
3185 3110 3356 3189 regia
3384 3109 3691 3188 dignitate
3718 3119 3910 3191 atque

2425 3213 2665 3275 laetitia.
2713 3215 2793 3273 Si
2839 3220 3054 3271 aulem
3103 3230 3233 3270 non
3279 3210 3635 3280 audierint,
3677 3208 3740 3269 id
3785 3217 3904 3284 est,

2423 3309 2726 3373 obstinati
2758 3307 3237 3390 permanserint,
3257 3309 3624 3367 transibunt
3642 3323 3765 3384 per
3773 3311 3913 3384 yla-

2424 3413 2637 3480 (λίμνη,
2662 3409 2728 3470 id
2759 3417 2875 3483 est,
2900 3406 3112 3484 gladio
3143 3404 3673 3486 percutientur‚et
3691 3425 3910 3464 consu-

2425 3517 2685 3566 mentur
2713 3509 2786 3564 in
2818 3506 3124 3572 stultitia,
3161 3503 3224 3564 id
3269 3510 3384 3577 est,
3428 3502 3492 3563 in
3543 3521 3658 3564 suo
3695 3521 3910 3565 errore

2424 3614 2486 3666 et
2517 3603 2760 3666 malitia
2793 3601 3166 3664 morientur.
3204 3601 3492 3682 Apteque
3520 3600 3630 3676 ait,
3664 3600 3729 3662 ln
3760 3601 3914 3663 stul-

2426 3703 2587 3778 titia,
2620 3701 2770 3782 quia
2805 3718 2918 3762 nec
2949 3698 3318 3762 verberibus
3356 3706 3421 3760 et
3457 3699 3742 3760 adversis
3779 3719 3914 3762 cor-

2427 3802 2544 3880 rigi
2579 3800 2763 3876 velle,
2798 3798 3244 3860 stultissimum
3275 3805 3393 3860 est.
3428 3797 3512 3858 De
3547 3797 3779 3860 talibus
3820 3798 3914 3860 Je-

2426 3899 2653 3961 remias
2686 3896 2912 3960 asserit
2947 3914 2961 3956 :
2995 3896 3278 3970 Domine,
3299 3895 3669 3976 percussisti
3700 3905 3912 3972 θοε,θῖ
3960 3921 4054 3965 aer,
4075 3937 4114 3967 v.
4135 3925 4154 3962 ³

2426 4016 2552 4066 non
2582 3996 2954 4068 doluerunt3
2990 3993 3287 4056 attrivisti
3318 4012 3448 4070 θοε,
3473 4002 3536 4056 θῖ
3562 4003 3912 4056 renuerunt

821 4210 1080 4257 suorum
1130 4199 1473 4254 sectentur.
1508 4195 1593 4252 Et
1634 4193 1775 4251 illic
1814 4195 2164 4268 eriyuntar
2204 4213 2315 4275 po-
2344 4203 2391 4264 D
2425 4194 2616 4274 pulus
2668 4211 2794 4255 non
2844 4199 2940 4253 est
2990 4209 3279 4254 reversus
3325 4191 3403 4252 ad
3449 4190 3908 4272 percutientem

821 4298 1047 4352 testate
1075 4290 1293 4370 regali,
1329 4289 1429 4352 vel
1460 4289 1737 4352 elatione
1768 4289 2108 4371 superbiae.
2140 4295 2228 4353 Et
2255 4295 2314 4352 si

818 4391 1073 4466 fuerint
1122 4392 1196 4450 in
1242 4392 1507 4460 catania,
1550 4389 1613 4451 id
1661 4397 1777 4464 est,
1826 4398 2084 4471 propter
2132 4410 2310 4453 suam

823 4486 1223 4568 iniquitatem
1254 4495 1317 4549 θῖ
1347 4505 1646 4568 pompam
1680 4486 2100 4549 humilientur
2126 4497 2190 4551 et
2221 4509 2314 4551 ca-

822 4585 1167 4667 ptiventur,
1229 4585 1598 4664 catenisque
1656 4585 2197 4664 constringantur,
2254 4598 2313 4648 et

821 4686 1200 4744 vinciantur
1217 4685 1492 4759 funibus
1512 4685 1943 4759 paupertatis,
1960 4683 2021 4744 id
2050 4693 2162 4761 est,
2180 4686 2314 4765 qui-

820 4783 1087 4844 busdam
1119 4781 1406 4862 penuriis
1446 4781 1622 4843 velut
1662 4780 1927 4842 funibus
1970 4799 2311 4862 aggraven-

820 4888 942 4955 tur,
976 4877 1273 4943 videlicet
1302 4879 1491 4956 fame,
1527 4878 1657 4956 siti,
1690 4879 1978 4941 nuditate
2021 4889 2083 4942 ct
2121 4880 2310 4960 frigo-

820 4997 907 5053 re,
954 4980 1273 5038 indicabit
1318 4981 1409 5036 εἰς
1456 4998 1646 5054 opera
1696 4998 1919 5038 eorum
1969 4989 2029 5038 et
2072 4984 2309 5041 scelera

818 5096 1038 5134 eorum
1067 5096 1089 5133 .·
1124 5073 1186 5133 id
1216 5081 1331 5148 est,
1360 5092 1471 5154 per
1503 5073 1613 5136 illa
1640 5075 1908 5136 adversa
1936 5074 2098 5135 Deus
2132 5077 2309 5138 redu-

820 5181 919 5234 cet
964 5190 1071 5233 eos
1118 5172 1197 5232 ad
1248 5171 1545 5234 vitiorum
1592 5190 1849 5233 suorum
1890 5172 2307 5233 considerati-

2425 4311 2514 4368 sc,
2566 4301 2629 4353 ct
2677 4289 3013 4352 Dominum
3069 4287 3460 4351 exercituum
3508 4307 3636 4352 non
3685 4291 3910 4370 exqui-

2422 4391 2688 4452 sierunt.

2503 4492 2932 4550 Simulatores
2974 4498 3032 4548 et
3074 4489 3306 4548 caltidi
3339 4499 3690 4565 provocant
3741 4491 3906 4548 iram

2423 4590 2564 4648 Dei.
2591 4586 3002 4649 Simulatores
3035 4585 3356 4662 dicuntur,
3388 4585 3498 4666 qui
3531 4584 3704 4646 aliud
3737 4587 3909 4648 intus

2421 4694 2589 4759 sunt,
2627 4693 2687 4747 et
2726 4684 2900 4746 aliud
2947 4683 3102 4747 soris
3139 4682 3522 4762 confingunt
3554 4701 3568 4744 :
3601 4684 3766 4745 sicut
3799 4685 3911 4765 hy-

2421 4783 2682 4864 pocritae
2705 4793 2765 4846 et
2788 4782 3112 4864 sophistae,
3134 4781 3243 4861 qui
3273 4781 3589 4844 virtuosos
3621 4800 3688 4842 se
3719 4781 3910 4842 simu-

2421 4881 2553 4943 lant
2583 4881 2899 4945 desiderio
2933 4879 3138 4940 laudis
3166 4879 3459 4940 humanae
3489 4899 3600 4941 scu
3631 4899 3909 4942 commo-

2419 4981 2478 5040 di
2519 4978 2906 5058 temporaliS,
2921 4977 3192 5057 quemad
3203 4977 3456 5038 modum
3478 4978 3558 5039 de
3575 4977 3906 5041 Pharisaeis

2418 5075 2700 5156 loquitur
2727 5075 3036 5149 ChristuS,
3063 5075 3235 5155 quod
3265 5074 3651 5138 devorabant
3682 5077 3905 5138 domos
3935 5103 4181 5146 Laeua.

2418 5175 2749 5235 viduarum
2785 5174 2903 5235 sub
2933 5182 3239 5254 praetextu
3273 5172 3530 5255 prolixae
3569 5174 3898 5236 orationis

821 5289 1029 5344 onem,
1075 5269 1163 5330 ita
1211 5270 1378 5349 quod
1428 5289 1502 5330 cx
1548 5269 1756 5349 poenis
1804 5268 2302 5333 considerabunt
2412 5271 2639 5334 Callidi
2681 5291 2831 5338 vero
2877 5279 3186 5336 vocantur
3226 5271 3516 5334 ‚homines
3549 5273 3764 5348 astuti,
3800 5273 3900 5335 vel

3981 1659 4016 1702 ll
4047 1660 4158 1702 Par.

3837 1745 3906 1798 ut
3932 1727 4126 1768 :nundi
4151 1727 4208 1763 iti.
