4309 6259
580 1084 674 1128 Jer.
685 1098 727 1137 x,
739 1088 807 1130 23.

834 488 954 549 556

1653 509 2001 556 mannum
2044 511 2105 556 IN
2149 511 2285 557 CAP.
2333 509 2442 557 xlx
2478 510 2605 556 1013.
2650 528 2731 541 ·—
2772 512 2915 557 ΛΒΤ.
2961 512 3105 558 xuu

917 676 1156 741 Deinde
1176 680 1475 761 exprimit
1503 680 1620 743 hos
1649 698 1971 744 sermones
2004 681 2329 744 notabilis·
2356 678 2409 739 A
2440 700 2586 744 nem
2634 682 2713 745 de
2768 690 2934 746 terra
2989 690 3139 746 tunc
3196 700 3471 763 surgam.
3524 678 3923 744 Resurrectio

841 773 1060 852 sim03‚
1093 785 1326 839 aeterna
1357 780 1664 842 memoria
1691 780 1941 860 dignos
1979 783 2125 841 Seio
2153 782 2329 841 enim

836 878 1008 952 quod
1033 878 1418 954 Redemptor
1447 900 1621 939 meu-s
1650 882 1836 939 vivit.
1862 877 1928 940 ln
1960 878 2323 961 ScripturiS,

839 970 1030 1049 Scire,
1067 973 1434 1057 frequenter
1473 996 1587 1059 pro
1627 977 1894 1040 Credere
1929 977 2223 1053 sumitur,
2260 985 2330 1039 ut

838 1088 1038 1150 quum
1085 1073 1373 1137 Jeremiae
1409 1076 1656 1138 decimo
1700 1076 1930 1155 legitur
1965 1093 1978 1137 :
2012 1075 2175 1151 Scio,
2219 1076 2331 1137 Do-

838 1168 1033 1247 mine,
1071 1172 1221 1252 quia
1261 1192 1388 1235 non
1425 1183 1520 1237 est
1556 1173 1834 1236 hominis
1865 1174 1968 1237 via
2006 1175 2168 1255 ejuS.
2201 1175 2329 1236 Hoc

837 1287 1066 1350 nempe
1112 1280 1207 1333 est
1255 1273 1561 1336 articulus
1609 1272 1787 1349 fidei,
1823 1273 2146 1337 hominem
2191 1272 2329 1335 sine

779 1380 787 1387 ⁸
836 1368 1036 1447 gratia
1067 1368 1157 1431 nil
1191 1356 1376 1452 posse
1405 1371 1728 1435 meritorie
1754 1390 1963 1452 agere.
1988 1371 2329 1453 Apostolus

545 1480 600 1586 ¹ll
621 1482 731 1525 Tim.
749 1496 806 1531 m,

543 1678 690 1723 Eccle.
702 1682 804 1729 x1‚9.

585 2856 746 2902 Joann.
765 2870 806 2908 v,

838 1485 1094 1548 quoque
1121 1470 1201 1531 ad
1232 1470 1632 1533 Timotheum
1667 1490 1680 1533 :
1716 1470 1884 1533 Scito
1915 1471 2084 1551 quod
2121 1470 2185 1531 in
2218 1488 2330 1532 no-

835 1566 1117 1628 vissimis
1147 1568 1375 1630 diebus
1408 1570 1738 1632 instabunt
1771 1578 2053 1651 tempora
2084 1568 2329 1650 pericu-

836 1664 990 1727 losa.
1027 1665 1102 1726 Et
1131 1666 1426 1730 Salomon
1449 1668 1514 1729 in
1537 1668 1945 1730 Ecclesiaste:
1967 1667 2134 1730 Scito
2155 1668 2326 1748 quod

835 1782 950 1844 pro
991 1764 1290 1827 omnibus
1332 1766 1430 1827 his
1464 1767 1735 1828 adducet
1771 1774 1832 1828 te
1871 1766 2032 1827 Deus
2067 1765 2131 1826 in
2165 1765 2329 1846 judi-

2440 781 2609 843 enim
2640 790 2733 844 est
2766 782 2905 861 ejus
2938 782 3109 863 quod
3143 781 3392 854 cecidit,
3429 778 3775 843 secundum
3808 778 3925 839 Da-

2440 898 2829 943 mascenum.
2862 881 2951 941 Ex
2998 881 3119 943 hoe
3168 880 3489 955 elucescit,
3534 879 3703 959 quod
3744 878 3928 958 juxta

2440 980 2818 1043 sententiam
2870 980 3072 1041 sancti
3116 980 3255 1055 Job,
3310 979 3585 1041 mundus
3637 976 3923 1051 finietur,

2440 1087 2751 1159 quantum
2811 1080 2887 1141 ad
2944 1078 3415 1159 generationem
3466 1084 3527 1139 et
3586 1074 3929 1157 corruptio-

2441 1195 2610 1253 nem,
2645 1195 2718 1239 ac
2763 1177 3069 1259 temporis
3106 1195 3360 1238 cursum
3388 1199 3403 1249 ς
3438 1183 3499 1238 et
3538 1174 3709 1255 quod
3740 1190 3929 1253 gene-

2442 1275 2589 1337 ralis
2640 1276 3021 1338 resurrectio
3072 1274 3187 1337 fiet
3241 1275 3305 1336 in
3356 1273 3629 1336 termino
3676 1271 3921 1347 mundi,

2440 1392 2567 1435 non
2598 1382 2767 1446 ante,
2802 1392 2921 1436 nec
2948 1381 3183 1455 postea,
3216 1391 3422 1454 neque
3462 1369 3807 1433 multoties
3838 1368 3927 1431 Ex

2439 1471 2673 1553 quibus
2702 1471 3115 1534 confunditur
3144 1490 3321 1535 error
3350 1469 3764 1552 quorumdam
3797 1468 3929 1530 Pla-

2440 1571 2796 1633 tonicorum
2819 1578 2881 1633 et
2904 1570 3369 1647 haereticorum,
3394 1568 3768 1642 dicentium,
3787 1576 3931 1649 post

2438 1678 2608 1732 certa
2639 1677 2993 1751 temporum
3027 1668 3383 1744 intervalla,
3416 1665 3829 1730 redeuntibus
3848 1666 3927 1728 ad

2438 1769 2693 1831 eosdem
2726 1768 2885 1830 situs
2922 1768 3260 1843 sideribuS‚
3296 1774 3589 1848 corrupta
3622 1764 3922 1846 reparari,

835 1863 1028 1925 cium.
1074 1863 1176 1927 Sic
1213 1874 1276 1927 et
1319 1866 1506 1927 modo
1549 1864 1720 1927 Scire
1757 1864 2091 1946 accipitur.
2123 1864 2322 1940 Unde,
2364 1867 2408 1929 B
2436 1875 2849 1947 mortuosque
2866 1868 2948 1929 ad
2968 1866 3131 1929 hanc
3151 1866 3345 1930 vitam
3378 1863 3741 1929 reverti.Ad
3761 1863 3923 1944 quod

835 1963 915 2025 ad
950 1962 1404 2026 insinuandum
1438 1964 1766 2026 immobile
1791 1963 1947 2026 fidei
1978 1982 2106 2025 suae
2131 1964 2327 2025 robur

835 2080 908 2123 ac
937 2061 1407 2138 certitudinem,
1443 2062 1607 2137 Sei0‚
1641 2062 1871 2143 inquit,
1907 2061 2203 2123 videlicet
2234 2080 2327 2123 re-

833 2159 1151 2222 velatione
1195 2161 1412 2225 divina
1456 2170 1518 2224 et
1561 2160 1713 2232 fide,
1749 2160 1918 2241 quod
1945 2160 2327 2239 Redemptor

835 2276 1016 2319 meus
1062 2258 1244 2334 vivit,
1279 2258 1341 2321 id
1386 2267 1480 2321 est
1530 2258 1898 2339 unigenitus
1944 2257 2142 2319 Filius
2190 2256 2321 2331 Dei,

837 2355 950 2435 qui
982 2357 1330 2419 secundum
1363 2357 1762 2420 divinitatem
1797 2376 1972 2419 suam
2013 2354 2327 2418 aeternali-

837 2462 930 2515 ter
960 2462 1022 2516 et
1054 2453 1517 2518 invariabiliter
1539 2456 1698 2518 vivit
1718 2455 1850 2517 vita
1868 2454 2322 2529 actualissima,

834 2551 1318 2615 deliciosissima
1366 2562 1428 2615 ct
1475 2553 1756 2635 perfecta
1810 2571 1823 2614 z
1877 2552 2006 2615 imo
2054 2552 2191 2633 ipse
2232 2560 2324 2613 est

834 2650 1059 2712 vivens
1107 2660 1169 2714 et
1217 2651 1368 2727 vita,
1423 2650 1954 2732 superessentiale
1999 2659 2062 2713 et
2109 2668 2327 2732 super-

836 2748 1274 2811 beatissimum
1317 2748 1552 2823 vivere,
1591 2768 1844 2830 unaque
1877 2750 2010 2812 vita
2045 2768 2193 2810 cum
2223 2748 2327 2809 Pa·

839 2856 954 2909 tre.
999 2847 1257 2927 Propter
1305 2847 1475 2926 quod
1518 2847 1608 2909 ait
1643 2865 1656 2907 :
1694 2846 1866 2910 Sicut
1910 2847 2102 2909 habet
2148 2847 2326 2908 Pater

2437 1966 2627 2027 etiam
2651 1966 2910 2046 quidam
2934 1966 3295 2045 allegabant
3315 1964 3472 2025 illud
3494 1962 3917 2025 Ecclesiastae:

2435 2063 2593 2138 Quid
2632 2072 2727 2126 est
2766 2065 2936 2144 quod
2978 2062 3144 2125 fuit?
3175 2062 3384 2145 ipsum
3423 2063 3591 2143 quod
3634 2060 3919 2122 futurum
3972 2080 4231 2129 Rectam,

2436 2170 2554 2225 est.
2578 2161 2737 2236 Quid
2767 2171 2863 2225 est
2889 2162 3061 2243 quod
3093 2161 3329 2225 factum
3352 2163 3492 2223 est?
3521 2160 3731 2242 ipsum
3750 2160 3921 2240 quod
3954 2146 4023 2186 ¹⁰·

2440 2261 2803 2325 faciendum
2836 2271 2952 2324 est..
2988 2260 3155 2323 Nihil
3186 2260 3306 2321 sub
3345 2260 3477 2323 sole
3512 2277 3772 2329 novum,
3808 2276 3923 2320 nec

2442 2361 2609 2425 valet
2655 2361 2995 2441 quisquam
3047 2361 3279 2436 dicere,
3333 2358 3491 2421 Ecce
3538 2358 3660 2419 hoc
3708 2374 3925 2419 recens

2438 2468 2531 2522 est
2569 2477 2581 2520 ε
2617 2460 2747 2540 jam
2788 2459 2961 2522 enim
3011 2458 3336 2541 praecessit
3373 2456 3437 2519 in
3490 2455 3739 2519 saeculis
3784 2474 3926 2535 quae

2440 2556 2700 2619 fuerunt
2728 2567 2877 2621 ante
2909 2576 3046 2619 nos,
3074 2557 3192 2619 Sed
3220 2556 3321 2635 (ut
3347 2555 3412 2617 B.
3439 2553 3827 2634 Augustinus
3860 2552 3924 2613 in

2437 2656 2601 2718 libro
2631 2656 2710 2718 de
2737 2654 3005 2718 Civitate
3034 2654 3143 2717 Dei
3174 2652 3461 2735 exponit)
3487 2653 3607 2715 hoc
3628 2651 3921 2713 Salomon

2438 2753 2723 2833 loquitur
2760 2772 2887 2814 non
2919 2754 2997 2815 de
3037 2751 3274 2814 eisdem
3315 2768 3603 2825 numer-0,
3635 2748 3747 2810 sed
3786 2765 3924 2828 spe-

2438 2852 2556 2914 cie.
2592 2851 2898 2932 Denique,
2932 2851 3127 2914 verbo
3168 2850 3425 2913 inducto
3452 2848 3738 2911 Christus
3773 2864 3922 2909 con-

544 2920 613 2963 ²⁶·
837 2946 1033 3007 vitam
1064 2944 1129 3006 in
1152 2944 1516 3026 semetips0,
1536 2944 1627 3007 sic
1655 2946 1830 3007 dedit
1859 2955 1921 3007 et
1940 2945 2100 3007 Filio
2127 2945 2321 3007 vitam

838 3043 1072 3105 habere
1102 3042 1166 3103 in
1200 3043 1564 3126 semetipso.

915 3142 1240 3217 Praeterea,
1283 3141 1462 3221 juxta
1507 3142 1834 3220 Thomam,
1880 3149 2142 3205 noverat
2181 3140 2320 3216 Job,

2437 2949 2727 3012 formiter
2756 2950 3063 3030 loquens:
3090 2950 3239 3029 Ege,
3265 2949 3498 3029 inquit,
3532 2944 3920 3009 resuscitabo
3974 2960 4148 3003 somn.
4167 2974 4221 3006 n.

2361 3049 2404 3110 c
2438 3067 2579 3112 eum
2635 3049 2701 3110 in
2755 3049 3105 3111 novissimo
3156 3048 3280 3110 die.
3316 3047 3390 3108 Et
3434 3046 3672 3108 Martha
3708 3044 3801 3105 ait
3843 3044 3921 3105 de
3950 3025 4115 3073 ⁴⁴·⁵⁵·

2436 3146 2628 3210 fratre
2660 3165 2775 3209 suo
2812 3165 2825 3208 τ
2864 3146 3005 3209 Scio
3046 3147 3195 3228 quia
3235 3152 3519 3224 resurget
3552 3144 3617 3206 in
3649 3160 3922 3206 resurre—
3950 3156 4219 3205 lamanai.

583 4043 697 4088 thid.
723 4058 806 4096 vin,

545 4110 611 4148 58.

565 4240 702 4285 Hebr.
723 4257 808 4293 xm.

594 4643 722 4687 Judae
739 4646 781 4687 5.

833 3241 958 3303 Deo
1018 3240 1360 3316 revelante,
1421 3242 1590 3321 quod
1640 3250 1899 3323 propter
1946 3240 2323 3324 protoplasti

831 3338 1112 3421 parentis
1158 3348 1508 3421 peccatum,
1543 3340 1935 3403 damnationi
1976 3338 2324 3402 obnoxium

830 3445 996 3500 esset
1023 3456 1224 3517 genus
1253 3438 1624 3515 humanum,
1646 3457 1680 3499 a
1710 3457 1836 3519 qua
1866 3458 1979 3519 per
2010 3436 2321 3518 unigeniti

830 3536 973 3598 Filii
1007 3536 1116 3598 Dei
1159 3536 1660 3599 incarnationem
1701 3556 1772 3598 ac
1801 3536 2163 3619 passionem
2198 3536 2326 3597 dis-

835 3634 1042 3718 posito
1073 3643 1354 3716 tempore
1395 3635 1832 3697 redimeretur.
1868 3634 1986 3697 Sed
2018 3634 2321 3715 quoniam

832 3734 1316 3814 Redemptorem
1355 3743 1618 3797 noverat
1659 3753 1878 3796 verum
1922 3734 2117 3795 Deum
2168 3752 2326 3795 sem-

834 3832 1082 3914 piterne
1113 3832 1456 3908 viventem,
1491 3850 1618 3893 non
1647 3832 1756 3906 ait,
1781 3833 1978 3895 Credo
2011 3832 2181 3912 quod
2211 3831 2325 3893 Re-

835 3930 1128 4012 demptor
1157 3950 1336 3993 meus
1365 3929 1581 4005 vivet3
1629 3931 1760 4007 sed,
1796 3930 1969 3992 vivit
2006 3948 2018 3991 ε
2055 3930 2223 3993 sicut
2264 3937 2327 3992 et

835 4028 1122 4091 Christus
1175 4030 1265 4090 ait
1310 4028 1562 4105 Judaeis,
1610 4028 1962 4109 Antequam
2007 4028 2321 4090 Abraham

839 4127 1049 4205 fieret,
1092 4146 1208 4208 ego
1256 4147 1420 4190 sum.
1471 4128 1557 4190 De
1600 4146 1727 4208 quo
1775 4128 1854 4189 ad
1898 4127 2193 4190 Hebraeos
2240 4128 2327 4189 ait

2434 3245 2644 3309 ctione
2675 3246 2741 3307 in
2774 3245 3125 3309 novissimo
3154 3245 3278 3307 die.

2520 3348 2599 3405 Ec
2619 3366 2883 3405 rursum
2904 3346 3353 3405 circumdabor
3366 3346 3533 3420 pelle
3554 3362 3721 3411 mea,
3738 3340 3917 3403 istam

2435 3462 2580 3505 cum
2632 3443 2931 3505 carnibus
2969 3450 3031 3505 et.
3079 3441 3333 3504 ossibus
3372 3439 3758 3522 recipiendo.
3792 3438 3921 3512 Quo

2435 3541 2633 3604 verbo
2653 3541 3039 3603 damnantur
3060 3538 3364 3615 haeretici,
3382 3547 3735 3601 asserentes
3752 3537 3919 3618 quod

2435 3657 2703 3721 corpora
2733 3638 3118 3714 suscitanda,
3152 3646 3338 3700 erunt
3370 3656 3557 3701 aurea
3591 3638 3729 3699 sive
3748 3636 3926 3697 coelc·

2436 3737 2576 3799 stia.
2611 3739 2697 3798 Et
2728 3739 2801 3797 in
2828 3758 3022 3797 carne
3050 3735 3467 3805 mea,eadem·
3485 3733 3781 3796 videlicet
3800 3751 3923 3814 qua

2436 3854 2608 3897 nunc
2641 3833 2873 3914 tegitur
2903 3833 3118 3895 anima
3147 3852 3311 3909 mea,
3334 3836 3551 3893 videbo
3570 3835 3778 3893 Deum
3807 3834 3926 3891 sal-

2436 3944 2721 3995 vatorem
2756 3954 2994 4003 meum,
3026 3931 3429 3996 divinitatem
3474 3931 3615 4012 ejus
3652 3929 3923 3993 videndo

2436 4032 2605 4095 clare
2632 4049 2746 4112 per
2780 4031 3057 4113 speciem
3086 4030 3272 4093 oculo
3304 4028 3617 4105 interiori,
3642 4028 3927 4090 humani-

2442 4138 2632 4192 tatem
2662 4147 2814 4192 vero
2847 4129 3050 4211 ipsius
3079 4128 3267 4192 oculo
3298 4127 3639 4210 corporali3
3674 4146 3792 4189 nec
3818 4127 3927 4189 du-

838 4228 1178 4309 Apostolus
1215 4245 1228 4289 :
1261 4227 1440 4289 Jesus
1468 4227 1752 4290 Christus
1796 4226 1955 4303 heri,
1989 4235 2053 4288 et
2091 4226 2323 4300 hodie3
2359 4231 2409 4292 D
2438 4228 2617 4291 bium
2662 4228 2819 4309 quin
2855 4235 2919 4289 et
2952 4227 3121 4290 oculi
3157 4226 3489 4291 interiores
3530 4225 3705 4287 illam
3746 4224 3930 4287 intel-

840 4326 978 4408 ipse
1007 4335 1070 4389 et
1099 4326 1164 4387 in
1201 4325 1454 4388 saecula.
1489 4325 1774 4387 Christus
1815 4326 2076 4407 quippe,
2114 4344 2331 4388 secun-

839 4426 990 4487 dum
1020 4425 1329 4499 doctoreS,
1352 4423 1653 4505 supponit
1673 4423 2062 4505 hypostasim
2097 4424 2332 4486 increa-

841 4531 968 4584 tam
1009 4530 1330 4585 aetcrnam.
1363 4522 1623 4603 Propter
1671 4524 1840 4603 quod
1887 4523 2077 4586 Judas
2123 4521 2214 4583 ait
2264 4522 2329 4583 in

839 4640 955 4683 sua
993 4619 1310 4682 Canonica
1345 4638 1358 4681 :
1390 4620 1570 4681 Jesus
1613 4619 1918 4702 populum
1961 4621 2214 4682 salvans
2256 4640 2332 4682 ex

837 4720 1124 4800 AEgypto.

919 4820 1004 4879 Et
1034 4820 1106 4879 in
1129 4820 1472 4879 novissimo
1492 4819 1600 4877 die
1634 4825 1833 4879 status
1863 4817 2056 4898 hujus
2089 4816 2326 4893 saeculi,

839 4916 1137 4980 videlicet
1167 4916 1233 4978 in
1266 4915 1402 4980 fine
1432 4917 1680 4993 mundi,
1715 4917 1969 4997 quando
2009 4916 2333 4996 generatio

839 5015 1135 5091 cessabit,
1167 5020 1246 5076 de
1279 5026 1453 5076 terra
1479 5025 1885 5076 surrecturus
1913 5036 2081 5085 sum,
2117 5014 2180 5076 id
2212 5022 2328 5090 est,

839 5134 1072 5195 corpus
1103 5133 1316 5177 meum
1357 5134 1436 5177 ex
1473 5113 1798 5176 cineribus
1841 5113 1973 5174 suis
2015 5112 2335 5195 reparabi-

838 5222 967 5288 tur,
1001 5220 1062 5274 et
1100 5212 1315 5274 anima
1364 5231 1504 5274 mea
1552 5211 1649 5273 illi
1699 5212 2027 5275 reunietur
2063 5228 2076 5272 ε
2113 5210 2333 5290 sicque

844 5310 956 5390 qui
1005 5328 1119 5392 per
1165 5318 1434 5373 mortem
1483 5309 1706 5387 cecidi,
1749 5328 1862 5392 per
1907 5308 2336 5373 resuscitatio-

2440 4327 2796 4390 lectualiter
2838 4326 2965 4388 sint
2998 4326 3220 4402 visuri,
3254 4325 3420 4389 sicut
3446 4333 3509 4388 et
3541 4324 3752 4404 angeli
3788 4342 3926 4385 eam

2439 4426 2825 4508 adspiciunt.
2864 4424 3141 4506 Corpora
3167 4433 3378 4486 autem
3421 4422 3745 4499 suscitata,
3776 4441 3928 4505 qua-

2441 4533 2584 4587 tuor
2630 4523 2889 4587 dotibus
2937 4531 3126 4586 erunt
3176 4530 3397 4586 ornata
3437 4530 3499 4584 et
3544 4519 3924 4601 glorificata,

2441 4622 2741 4686 videlicet
2769 4620 3304 4704 impassibilitate,
3322 4619 3627 4699 agilitate,
3646 4619 3930 4682 claritate

2442 4730 2505 4784 et
2555 4720 2909 4783 subtilitate
2952 4736 2965 4781 :
3016 4719 3253 4783 idcirco
3302 4717 3927 4799 contemplationem,

2445 4820 2826 4895 libertatem,
2861 4826 2923 4881 et
2952 4816 3413 4881 beatitudinem
3442 4816 3671 4879 animan
3700 4834 3933 4897 nequa-

2442 4936 2637 4999 quam
2669 4916 3041 4999 impedient‚
3076 4916 3186 4979 sed
3214 4915 3557 4995 augebunt,
3580 4914 3927 4996 proesertim

2445 5034 2641 5097 quum
2678 5014 2891 5076 anima
2933 5014 3308 5077 naturaliter
3349 5012 3553 5075 forma
3596 5013 3676 5075 sit
3715 5030 3933 5094 corpo-

2446 5113 2531 5175 ris
2569 5132 2582 5175 :
2626 5113 2895 5193 ideoque
2936 5111 3309 5174 naturaliter
3346 5111 3691 5174 inclinatur
3726 5112 3805 5173 ad
3846 5111 3933 5173 in-

2446 5211 2893 5275 formationem
2953 5210 3177 5293 ipsiuS.
3232 5214 3431 5280 Quem
3480 5212 3739 5273 visurus
3790 5232 3933 5271 sum

2444 5330 2557 5388 eqo
2590 5307 3065 5387 ipse,videlicet
3096 5307 3162 5370 in
3190 5309 3411 5371 eadem
3432 5327 3623 5371 earne
3650 5317 3714 5370 et
3744 5308 3809 5369 in
3840 5325 3933 5369 ea-
