4309 6259
87 1392 229 1434 Μσηλ.
241 1407 294 1443 xi,

69 1458 122 1507 2⁵,
137 1458 196 1499 2⁶.

1251 524 1596 571 [trimano
1639 524 1702 571 IN
1743 526 1879 571 cAP.
1926 526 1948 571 1
1988 525 2113 571 1013.
2160 546 2240 555 —
2279 524 2423 572 Am.
2458 527 2518 572 vl

3305 508 3423 571 325

331 688 484 753 fecit
505 690 574 752 in
593 692 762 755 coelo
783 694 932 757 etin
961 702 1142 757 terra.
1165 696 1250 757 De
1267 713 1396 776 quo
1421 696 1496 757 ad
1521 694 1826 777 Ephesios
1857 694 1907 755 A
1936 694 2223 758 Christus
2268 714 2543 777 namque
2588 704 2655 758 ut
2698 696 2883 773 DeuS,
2928 695 3424 777 impeccabilita-

325 888 732 971 propositum
760 891 1110 954 voluntatis
1141 912 1294 955 suae.
1320 892 1428 954 Dei
1458 892 1699 973 quippe
1720 910 1828 953 vo-

327 986 564 1062 luntaS‚
599 996 698 1051 est
739 990 949 1071 prima
988 990 1234 1053 entium
1279 1010 1490 1067 causa,
1525 1010 1669 1073 quae
1710 1010 1827 1053 nec

325 1084 792 1150 irrationabilis
842 1107 982 1151 esse
1034 1097 1265 1171 potest,
1303 1109 1511 1171 neque
1562 1090 1822 1170 injusta,

324 1202 524 1265 quum
558 1187 992 1250 essentialiter
1023 1188 1105 1249 sit
1143 1188 1282 1270 ipsa
1325 1188 1561 1250 diviuae
1591 1189 1825 1251 mentis

323 1283 646 1363 sapientia
677 1293 869 1366 atque
898 1286 1168 1366 justitia.
1206 1286 1309 1349 Sic
1347 1294 1407 1348 et
1441 1286 1508 1348 in
1538 1286 1823 1349 Matthaeo

325 1381 616 1463 loquitur
664 1383 1005 1446 Christus:
1051 1382 1378 1448 Confiteor
1425 1384 1564 1461 tibi,
1616 1385 1818 1462 Pater,

322 1480 592 1543 Domine
613 1481 763 1543 coeli
781 1490 845 1545 et
866 1490 1069 1559 terrae,
1095 1482 1246 1564 quia
1277 1482 1665 1546 abscondisti
1685 1484 1822 1547 haec

323 1596 359 1639 a
387 1577 795 1659 sapientibus
836 1587 900 1641 et
940 1579 1385 1662 prudentibuS‚
1421 1588 1484 1643 et
1525 1580 1819 1645 revelasti

106 786 297 842 ΕΡΜΛ·
328 788 416 850 ait
446 789 794 871 Apostolus
829 810 844 853 ε
879 792 1106 856 Omnia
1143 802 1443 875 operatur
1474 794 1823 857 secundum
1939 802 2064 856 tem
2114 794 2340 856 habuit
2390 813 2501 875 per
2554 803 2864 872 naturam,
2890 796 3027 861 ,sed
3074 795 3424 857 secundum

1937 892 2397 955 humanitatem
2440 901 2831 974 assumptam
2865 892 3086 954 habuit
3130 911 3269 955 eam
3312 911 3426 974 per

1933 989 2201 1069 gratiam
2225 998 2729 1052 consummatam
2760 998 2823 1051 et
2855 990 3145 1071 plenam:
3174 989 3329 1070 quia
3346 988 3424 1051 ab

1936 1088 2393 1150 incarnationis
2440 1088 2701 1150 instanti
2747 1087 2872 1150 fuit
2908 1087 3324 1151 confirmatus
3358 1088 3423 1149 in

1934 1186 2104 1250 bono
2135 1186 2475 1248 sublimius
2504 1205 2695 1268 quam
2722 1186 2893 1249 Beati
2926 1186 2990 1247 in
3012 1185 3239 1268 patria,
3265 1203 3424 1266 prae-

1935 1285 2152 1347 sertim
2186 1304 2384 1367 quum
2434 1284 2629 1348 suerit
2671 1285 3187 1366 comprehensor,
3223 1302 3423 1364 quan-

1933 1391 2068 1444 tum
2099 1384 2177 1445 ad
2210 1383 2379 1445 vires
2408 1402 2537 1445 suae
2565 1382 2794 1445 animae
2826 1382 3209 1464 superiores,
3243 1382 3419 1445 Unde

1931 1490 1993 1544 et
2051 1500 2165 1563 per
2219 1481 2586 1545 beatificam
2635 1480 2990 1543 divinitatis
3042 1478 3415 1542 fruitionem

1931 1578 2054 1641 fuit
2102 1578 2589 1642 immobilitatus
2635 1578 2701 1640 in
2750 1579 2896 1641 Deo.
2931 1579 3075 1641 Ideo
3118 1576 3278 1639 dixit
3313 1577 3417 1638 Ju-

319 1694 392 1737 ea
436 1675 753 1756 parvulis
790 1677 898 1752 lta,
940 1676 1143 1754 Pater,
1175 1678 1329 1759 quia
1371 1677 1463 1740 sic
1513 1678 1818 1759 placitum
1927 1676 2112 1741 daeis:
2137 1676 2288 1751 Quis
2320 1697 2396 1740 ex
2417 1676 2597 1742 vobis
2628 1684 2847 1757 arguet
2876 1695 2978 1739 me
3004 1676 3083 1739 de
3113 1678 3413 1757 peccato?
3453 1688 3704 1741 Joannsm,

323 1772 444 1836 fuit
491 1782 646 1838 ante
698 1784 780 1837 te.
833 1778 940 1837 Sic
982 1796 1214 1837 nomen
1257 1778 1527 1837 Domini
1569 1780 1819 1838 benedi·
1926 1776 2003 1838 Et
2045 1776 2234 1837 isaias
2280 1774 2369 1837 ait
2403 1794 2417 1837 ε
2453 1774 2857 1856 Iniquitatem
2907 1793 3035 1837 non
3086 1772 3259 1850 fecit,
3297 1791 3412 1835 nec
3440 1752 3679 1867 ‘finna-

318 1882 515 1934 ecum.
545 1872 838 1935 Christus
869 1874 1220 1936 secundum
1262 1883 1549 1938 naturam
1583 1894 1817 1937 assum·
1854 1877 1900 1938 B
1929 1874 2223 1938 inventus
2253 1881 2349 1937 est
2374 1873 2559 1936 dolus
2593 1874 2656 1935 in
2688 1892 2798 1936 ore
2826 1874 2987 1953 ejuS.
3010 1871 3200 1935 Porro
3229 1871 3411 1933 dolus

317 1980 492 2051 ptam
534 1970 776 2053 gratias
820 1970 950 2051 egit
977 1971 1105 2035 Deo
1135 1972 1214 2035 de
1253 1972 1430 2036 omni
1471 1974 1636 2036 dono
1675 1974 1815 2055 ejus
1929 1972 1994 2034 in
2033 1990 2142 2035 ore
2184 1980 2425 2053 quanto
2474 1972 2641 2053 apud
2690 1970 2983 2034 homines
3031 1968 3411 2052 prudentius

317 2086 388 2129 ac
418 2068 906 2151 dispensatione
937 2070 1384 2151 mysteriorum
1414 2070 1638 2152 ipsius.
1672 2071 1817 2134 Pro·
1926 2070 2134 2145 callet,
2169 2077 2346 2132 tanto
2396 2070 2564 2151 apud
2608 2070 2803 2131 Deum
2846 2068 3103 2130 stultius
3148 2066 3404 2147 desipit.

319 2175 458 2248 pter
502 2167 682 2248 quod
727 2167 816 2229 ait
862 2185 876 2229 ε
923 2167 1052 2247 Ego
1102 2186 1228 2231 non
1279 2187 1496 2249 quaero
1545 2170 1812 2250 gloriam
1926 2172 2145 2248 Neque
2174 2172 2447 2229 stultum
2474 2170 2637 2246 quid
2664 2177 2890 2228 contra
2918 2170 3129 2228 Deum
3164 2170 3409 2225 locutus

319 2284 567 2339 meam3
607 2274 672 2328 et
707 2284 722 2328 2
755 2265 1120 2329 Claritatem
1161 2266 1240 2329 ab
1280 2267 1649 2330 hominibus
1684 2287 1812 2331 non
1922 2278 2038 2337 est,
2066 2266 2360 2348 quamvis
2389 2266 2665 2328 dixerint
2696 2264 2996 2328 infideles
3024 2263 3247 2341 Judaei,
3274 2263 3409 2325 Bla-
3437 2278 3703 2385 &53:33

77 2180 288 2233 locam-m.

67 2246 118 2287 50:
131 2259 164 2293 τ,
178 2248 216 2287 41
227 2279 238 2291 .

67 2378 286 2432 maman.
315 2363 589 2446 accipio.
643 2364 1014 2445 Rursusque
1063 2364 1372 2445 scriptum
1423 2373 1518 2428 est
1569 2383 1583 2427 :
1634 2366 1813 2428 Iesus
1924 2364 2302 2449 sphemavit.
2325 2364 2528 2438 Quum
2559 2364 2820 2427 enimin
2853 2363 3057 2427 forma
3076 2361 3187 2424 Dei
3216 2370 3403 2437 esset,
3438 2407 3505 2447 36·

315 2462 586 2525 elevatis
626 2481 880 2525 sursum
923 2462 1149 2539 oculiS‚
1183 2463 1344 2525 dixit
1378 2481 1392 2525 :
1433 2463 1635 2542 Pater,
1679 2484 1814 2547 gra·
1925 2484 2052 2528 non
2085 2463 2373 2545 rapinam
2412 2463 2755 2525 arbitratus
2789 2470 2885 2525 est
2917 2480 3057 2523 esse
3097 2479 3164 2523 se
3202 2479 3408 2540 aequa-
3455 2475 3701 2531 Philippa„

316 2561 433 2622 tias
464 2578 588 2640 ago
621 2560 740 2622 tibi
771 2560 1078 2642 quoniam
1107 2561 1342 2624 audisti
1373 2580 1496 2625 me.
1923 2566 2047 2628 lem
2079 2564 2227 2639 Deo,
2262 2562 2613 2626 secundum
2644 2560 3017 2643 Apostolum
3060 2559 3139 2623 ad
3170 2558 3407 2641 Philip-
3435 2540 3478 2582 ⁶·

391 2664 478 2723 In
521 2662 828 2723 omnibus
872 2662 975 2722 his
1023 2680 1153 2722 non
1195 2663 1486 2740 peccavit
1513 2664 1651 2733 Iob,
1685 2668 1806 2724 etc.
1921 2681 2173 2746 penseS.

1446 3098 2098 3185 ARTICULUS
2175 3100 2290 3183 VI

811 3373 1127 3420 Exposrrlo
1168 3372 1582 3419 TROPOLOGICA
1625 3374 1734 3420 SEU
1775 3374 2040 3420 nonanis
2085 3374 2352 3421 Elusus!
2396 3374 2672 3421 GAPITULI
2716 3375 2905 3421 euml.

470 3662 887 3729 ORALITAS
944 3682 1057 3726 seu
1126 3662 1484 3745 tropologia
1549 3662 1810 3726 instruit
1842 3662 1887 3726 C
1917 3664 2018 3726 nis
2057 3682 2319 3746 prorsus
2364 3664 2711 3741 immensae,
2746 3665 2884 3746 pias
2931 3664 3223 3729 lacrimas
3258 3665 3405 3728 fun-

499 3763 658 3846 quid
708 3763 1050 3843 agendum,
1103 3770 1326 3842 estque
1375 3761 1807 3843 tropologicus

303 3882 502 3925 sacrae
553 3880 782 3924 sensus
825 3860 1186 3943 Scriptum,
1233 3862 1383 3923 dum
1427 3880 1502 3924 ea
1541 3880 1682 3942 quae
1729 3862 1808 3923 de

302 3962 558 4025 Christo
589 3968 701 4023 aut
723 3959 968 4022 Sanctis
999 3958 1393 4037 scribuntur,
1415 3959 1490 4021 ad
1525 3966 1806 4021 nostram

305 4058 834 4147 informationem
867 4057 1170 4119 moralem
1204 4066 1523 4141 aptantur,
1549 4057 1808 4119 trahun-

303 4169 405 4222 tur
435 4178 553 4221 seu
599 4163 1032 4239 exponuntur.
1063 4156 1277 4231 Porro,
1315 4162 1385 4218 ut
1414 4155 1656 4218 dictum
1686 4162 1803 4232 est,

300 4257 417 4321 Job
453 4257 916 4337 interpretatur
945 4254 1209 4328 dolens;
1242 4254 1392 4329 HuS‚
1437 4252 1806 4316 consiliator

302 4356 402 4419 vel
427 4354 772 4437 sapientia.
795 4353 1034 4434 ltaque,
1059 4354 1172 4413 Vir
1187 4362 1328 4412 erat
1359 4354 1430 4411 in
1454 4360 1626 4413 terra
1647 4355 1806 4421 Hus,

304 4455 572 4515 nomine
611 4454 748 4513 Job.
802 4451 919 4512 Per
971 4468 1165 4531 quem
1215 4449 1427 4511 virum
1479 4449 1807 4511 moraliter

304 4551 688 4632 designatur
735 4546 1130 4630 quicumque
1179 4546 1414 4622 fidelis,
1469 4546 1806 4609 salubriter

305 4651 558 4725 dolenS‚
595 4666 712 4709 sua
761 4646 864 4710 vel
915 4645 1348 4727 proximorum
1401 4652 1658 4726 peccata
1703 4645 1808 4707 de-

307 4749 644 4830 plangenS,
664 4744 945 4808 coelestis
974 4742 1292 4806 desiderio
1324 4742 1544 4823 patriae
1576 4741 1808 4805 incola-

1915 3763 2031 3841 dit,
2052 3783 2124 3825 ac
2155 3762 2381 3826 intime
2409 3762 2578 3825 dolet
2609 3764 2783 3844 quod
2815 3762 2975 3826 Deus
3006 3782 3043 3825 a
3070 3764 3201 3826 suis
3232 3783 3405 3827 crea-

1915 3862 2076 3923 turis
2115 3861 2207 3923 sic
2244 3860 2683 3925 inhonoratur.
2718 3860 2834 3935 Qui
2878 3860 3021 3923 talis
3061 3869 3177 3938 est,
3210 3862 3401 3925 homo

1915 3960 2167 4024 consilii
2212 3968 2329 4035 est,
2363 3967 2426 4021 et
2475 3958 2541 4019 in
2594 3967 2760 4021 terra
2807 3959 3155 4041 sapientiae,
3192 3959 3255 4021 id
3306 3968 3403 4023 est

1915 4058 2195 4121 Ecclesia
2242 4057 2580 4135 militante,
2617 4057 2925 4120 veraciter
2974 4057 3215 4120 habitat
3267 4068 3401 4121 tan·

1915 4175 2106 4238 quam
2148 4155 2436 4219 vividum
2477 4154 2710 4219 Christi
2754 4155 3133 4219 membrum.
3168 4155 3401 4231 Sed‚ut

1915 4254 2003 4317 ait
2021 4254 2380 4333 GregoriuS‚
2406 4262 2553 4315 sunt
2574 4254 2837 4335 quidam
2857 4254 2971 4335 qui
2995 4254 3189 4317 vitam
3220 4274 3399 4339 suam

1916 4352 2249 4434 negligunt
2279 4376 2294 4427 ς
2329 4353 2610 4433 dumque
2658 4352 3024 4416 transitoria
3066 4362 3396 4435 appetunt,

1915 4458 1977 4514 et
2006 4458 2242 4512 aeterna
2261 4450 2362 4512 vel
2385 4469 2513 4513 non
2547 4450 2933 4531 intelligunt,
2958 4451 3058 4515 vel
3082 4452 3403 4515 intellecta

1915 4548 2409 4631 parvipendunt,
2444 4549 2762 4612 salubrem
2795 4550 3077 4613 dolorem
3112 4570 3237 4614 non
3270 4572 3404 4615 sen-

1916 4648 2103 4725 tiunt,
2131 4666 2249 4711 nec
2280 4666 2504 4709 sanum
2536 4647 2769 4711 habere
2790 4649 3129 4711 consilium
3152 4659 3397 4729 curant,

1915 4754 1978 4808 et
2003 4764 2144 4807 esse
2173 4764 2241 4807 se
2270 4744 2337 4806 in
2372 4744 2555 4807 bonis
2588 4746 2803 4808 miseri
2836 4754 3083 4827 putant.
3111 4749 3403 4824 Simplex

306 4856 442 4908 tum
476 4844 674 4926 hujus
695 4841 905 4905 exsilii
935 4838 1345 4921 deflens‚pro
1377 4839 1580 4921 gratia
1609 4839 1810 4922 profi·
1838 4846 1887 4907 D
1913 4854 1973 4904 et
2001 4854 2229 4903 rectus.
2264 4842 2660 4924 Quicumque
2710 4843 2879 4906 enim
2927 4843 2991 4904 in
3024 4852 3189 4905 statu
3240 4845 3403 4907 salu-

307 4943 520 5008 ciendi
555 4962 702 5005 cum
737 4939 1018 5003 lacrimis
1041 4956 1252 5015 oranS,
1277 4937 1528 5001 Christo
1549 4946 1807 5020 propter

310 5063 376 5106 se
429 5060 619 5125 passo
673 5038 1040 5103 cordialiter
1084 5037 1432 5100 condolens
1469 5054 1482 5098 :
1527 5045 1592 5100 et
1637 5038 1807 5118 quod

311 5140 614 5204 omnibus
647 5138 857 5219 majus
886 5144 984 5199 est
1022 5135 1186 5211 istis,
1220 5154 1295 5197 cx
1327 5153 1488 5216 pura
1525 5144 1588 5197 et
1623 5134 1811 5198 fervi-

312 5240 392 5301 da
448 5240 528 5301 ad
578 5238 782 5300 Deum
829 5233 1178 5298 affectione
1237 5242 1300 5295 et
1349 5233 1812 5315 complacentia

313 5338 451 5419 ejus
482 5346 546 5401 et
589 5356 668 5399 ex
711 5332 1261 5414 congratulatione
1301 5350 1431 5394 suae
1474 5332 1813 5395 beatitudi-

1917 4942 1996 5003 tis
2041 4948 2159 5017 est,
2194 4940 2523 5004 caritatem
2566 4941 2809 5004 scilicet
2848 4948 2913 5003 et
2959 4940 3223 5020 gratiam
3264 4960 3404 5022 gra-

1917 5047 2052 5101 tum
2087 5036 2427 5100 facientem
2474 5038 2736 5114 habam,
2772 5036 3043 5119 simplex
3071 5047 3167 5100 est
3197 5039 3405 5102 inten-

1917 5136 2113 5210 tione,
2139 5143 2204 5197 et
2234 5144 2443 5197 rectus
2476 5136 2539 5196 in
2570 5153 2781 5217 opere.
2808 5140 2903 5195 Ae
2926 5138 3153 5197 timens
3171 5142 3400 5211 Deum,

1922 5233 2110 5295 filiali
2135 5233 2236 5297 vel
2259 5233 2481 5295 saltem
2506 5232 2735 5294 initiali
2758 5232 2998 5295 timore.
3018 5232 3127 5307 Qui
3153 5235 3403 5298 timores

1925 5332 2177 5395 realiter
2218 5332 2385 5393 idem
2434 5331 2752 5409 dicuntur,
2795 5332 2849 5392 si
2896 5332 3081 5395 timor
3119 5334 3402 5397 habitum
