4309 6259
1174 513 1522 560 mantuano
1565 514 1628 559 m
1669 514 1806 560 CAP-
1852 513 1934 559 XV
1974 513 2101 561 1013.
2145 534 2227 545 —
2267 516 2411 561 ΛΒΤ.
2455 514 2647 561 xxxv!

3332 494 3447 557 521

352 679 422 743 in
467 699 538 743 se
577 680 950 764 frequenter
997 684 1386 747 sententiosa
1427 692 1490 747 et
1532 684 1852 767 profunda
1882 684 1932 747 A
1961 684 2367 748 exauditione
2396 684 2634 747 divina.
2666 684 2783 759 Qui
2812 700 2963 763 ergo
2994 682 3237 765 appetit
3264 700 3453 745 exau-

351 788 529 842 sunt.
578 781 680 844 Sic
727 800 984 863 quoque
1026 802 1098 845 ea
1143 785 1494 847 secundum
1538 803 1606 847 se
1649 784 1854 847 consi-

350 878 581 941 derare
609 880 941 957 debemuS,
974 890 1040 944 et
1074 900 1150 943 ex
1183 882 1276 945 eis
1307 880 1644 965 proficere.
1676 882 1854 945 Unde

351 985 418 1039 et
469 996 644 1040 nunc
689 997 764 1041 ex
803 979 1014 1042 verbis
1063 980 1324 1062 Eliphaz
1362 981 1680 1044 discamus
1725 999 1852 1044 non

343 1075 537 1156 loqui
586 1076 655 1138 in
697 1086 958 1141 ventum
1009 1088 1071 1141 et
1111 1098 1344 1157 aerem,
1387 1099 1503 1143 nec
1551 1079 1854 1143 iracunde

88 1194 320 1243 soctan,
349 1183 467 1236 aut
502 1174 926 1238 turbulenter.
979 1177 1299 1260 Scriptum
1347 1187 1444 1241 est
1492 1178 1662 1241 enim
1701 1196 1714 1241 ε
1749 1178 1855 1241 Sa-

69 1262 124 1299 ¹³·
355 1272 546 1354 piens
587 1272 656 1335 in
686 1274 900 1336 verbis
930 1294 998 1337 se
1039 1275 1250 1357 ipsum
1293 1277 1631 1340 amabilem
1673 1276 1850 1340 facit.

67 1383 319 1435 Prae-xm.
353 1372 430 1433 Et
462 1391 718 1434 rursum
746 1390 760 1433 ε
787 1373 1136 1454 Responsio
1159 1375 1371 1438 mollis
1399 1374 1636 1458 frangit
1663 1376 1850 1455 iram3

353 1490 573 1534 sermo
632 1471 831 1534 durus
893 1472 1160 1536 suscitat
1220 1471 1522 1537 furorem.
1573 1475 1854 1557 Itemque

89 1573 318 1621 Sede-'¹¹¹¹’
351 1568 774 1633 Ecclesiastes
823 1588 837 1632 τ
885 1569 1208 1653 Sapientia
1253 1572 1534 1637 hominis
1582 1575 1750 1637 lucet
1787 1573 1852 1636 in

73 1638 104 1677 ¹'
352 1668 538 1731 vultu
593 1668 759 1749 ejuS.
811 1668 1054 1733 Idcirco
1103 1689 1229 1733 non
1277 1672 1456 1734 decet
1500 1672 1852 1753 sapientem

349 1785 502 1829 cum
537 1765 929 1830 turbulentia
963 1768 1438 1851 loqui.Propter
1464 1774 1637 1852 quod
1665 1774 1854 1837 isaias

1962 783 2107 859 diri,
2129 785 2380 846 studeat
2408 783 2686 859 obedire,
2709 782 3033 863 vitamque
3062 781 3273 844 verbis
3301 798 3453 844 con-

1966 881 2240 945 formare
2287 890 2571 958 conetur,
2618 890 2687 943 ut
2730 881 2790 944 ei
2819 880 2984 943 Deus
3030 899 3143 962 per
3180 879 3451 960 gratiam

1963 980 2377 1061 suffragetur.
2400 980 2675 1043 'Maxime
2719 989 2934 1043 autem
2980 978 3187 1041 aufert
3232 996 3451 1060 preces

1963 1098 2176 1143 coram
2225 1081 2371 1157 Deo,
2426 1099 2621 1161 seque
2674 1078 3169 1141 inexaudibilem
3218 1076 3445 1151 reddit,

1963 1181 2075 1259 qui
2133 1178 2327 1241 alicui
2386 1174 2600 1241 odium
2667 1186 2857 1254 tenet,
2910 1196 3020 1239 seu
3079 1176 3264 1239 alteri
3322 1194 3446 1239 non

1967 1277 2259 1357 ignoscit.
2291 1278 2552 1359 Propter
2581 1277 2751 1358 quod
2779 1276 2869 1338 ait
2898 1275 3181 1339 Salvator
3207 1275 3455 1349 :Quum
3516 1296 3665 1340 uas-0.
3688 1310 3745 1347 m,

1965 1375 2216 1437 stabitis
2254 1377 2331 1438 ad
2370 1377 2702 1450 orandum,
2738 1374 3042 1437 dimittite
3072 1374 3127 1435 si
3159 1374 3314 1455 quid
3342 1374 3451 1435 ha-
3480 1362 3548 1409 ²⁵*
3568 1361 3638 1402 ²⁶·

1966 1474 2130 1537 betis
2172 1476 2473 1537 adversus
2512 1474 2792 1554 aliquem
2830 1492 2843 1535 :
2878 1476 3049 1555 quod
3092 1474 3145 1535 si
3184 1491 3312 1535 non
3356 1471 3450 1534 di-

1967 1573 2295 1648 miseritis,
2347 1592 2463 1635 nec
2509 1574 2689 1635 Pater
2738 1581 2946 1637 vester
2994 1572 3107 1653 qui
3158 1571 3223 1635 in
3272 1571 3450 1635 coelis

1965 1679 2081 1749 est,
2119 1672 2397 1737 dimittet
2438 1670 2619 1735 vobis
2663 1679 2919 1753 peccata
2958 1679 3190 1735 vestra.
3223 1671 3289 1733 In
3338 1670 3450 1733 Ec-

1965 1770 2319 1833 clesiastico
2351 1788 2605 1852 quoque
2644 1788 2921 1833 consone
2965 1770 3273 1851 scriptum
3304 1776 3399 1833 est
3432 1786 3446 1830 :

93 1872 256 1923 ham,
278 1876 316 1915 ι-
350 1864 434 1927 de
463 1865 722 1927 Christo
752 1866 1048 1948 praedixit
1072 1885 1085 1927 :
1110 1868 1244 1930 Non
1276 1869 1397 1930 erit
1428 1870 1626 1932 tristis
1646 1891 1854 1955 neque
1893 1874 1938 1935 B
1965 1868 2278 1951 Relinque
2317 1869 2608 1951 proximo
2648 1876 2756 1931 tuo
2797 1870 3049 1932 nocenti
3083 1878 3164 1945 te,
3207 1877 3271 1930 et
3300 1877 3451 1930 tunc
3536 1882 3683 1927 aceti.

353 1963 794 2026 turbulentus.
831 1964 1048 2046 ltaque
1077 1966 1274 2029 verba
1311 1976 1574 2030 ventosa
1618 1978 1682 2033 et
1720 1990 1857 2051 gar-

349 2062 498 2123 rula
525 2062 907 2139 devitemuS,
924 2083 1123 2144 quum
1145 2064 1624 2129 Ecclesiasticus
1646 2069 1814 2133 dicat
1837 2092 1850 2135 ε

77 2178 218 2249 βοαί.
233 2192 316 2229 m,
349 2160 472 2233 Qui
495 2160 634 2223 odit
664 2162 1140 2243 loquacitatem,
1156 2166 1506 2245 exstinguit
1526 2168 1856 2232 malitiam.

437 2262 692 2336 Aryuv's
721 2263 930 2321 verbis
959 2283 1135 2331 eum,
1163 2266 1280 2342 que?
1311 2284 1442 2325 non
1473 2276 1562 2325 est
1587 2272 1858 2347 aequalis

353 2360 499 2418 tibi.
555 2357 686 2421 Hoc
727 2358 1162 2439 objiciendum
1211 2370 1307 2423 est
1357 2362 1478 2439 his,
1523 2364 1631 2444 qui
1679 2385 1859 2447 supe-

351 2455 560 2518 riores
601 2475 750 2519 suos
789 2456 1210 2520 irreverenter
1253 2460 1625 2542 corripiunt,
1658 2482 1854 2544 quum

349 2562 416 2617 et
468 2554 776 2631 senioreS,
830 2556 1119 2636 quamvis
1168 2576 1296 2620 non
1347 2559 1627 2641 praesint,
1682 2581 1857 2626 reve-

350 2660 576 2715 renter
603 2652 979 2734 alloquendi
1019 2655 1170 2732 sint,
1207 2655 1458 2719 dicente
1494 2657 1794 2740 Apostolo
1838 2678 1852 2722 :

77 2764 316 2821 mmm.
351 2750 686 2814 Seniorem
731 2771 814 2815 ne
855 2752 1306 2835 increpaveris,
1341 2756 1449 2818 sed
1485 2756 1747 2820 obsecra
1789 2767 1857 2820 ut

349 2857 628 2931 patrem.
653 2853 740 2912 Et
769 2854 1050 2931 loqueris
1077 2856 1246 2931 quod
1278 2856 1396 2914 tibi
1425 2875 1549 2915 non
1573 2860 1852 2934 eat-pedit.

349 2946 759 3030 Quicumque
799 2949 983 3013 alteri
1023 2950 1218 3014 verba
1261 2951 1593 3033 injuriosa,
1626 2954 1859 3018 inordi-

1965 1968 2333 2049 deprecanti
2385 1968 2498 2031 tibi
2550 1976 2805 2049 peccata
2854 1968 3203 2031 solventur.
3255 1967 3453 2029 Homo
3483 1948 3745 2053 }†*¹¹¹’²·³·

1963 2066 2211 2129 homini
2252 2076 2459 2131 servat
2508 2067 2688 2143 iram,
2722 2075 2786 2129 et
2826 2086 2859 2128 a
2896 2066 3015 2129 Deo
3060 2066 3289 2147 quaerit
3332 2084 3455 2127 me-

1964 2165 2217 2227 delam?
2247 2164 2398 2239 Quis
2446 2166 2733 2229 exorabit
2780 2184 2896 2248 pro
2944 2163 3195 2228 delictis
3234 2164 3452 2226 illius?

2042 2266 2275 2325 Docuit
2296 2267 2471 2325 ene‘m
2507 2267 2824 2345 ine‘qm'las
2861 2275 2973 2326 cua
3000 2284 3066 2324 os
3099 2274 3305 2324 tuum.
3324 2262 3454 2326 Hoc

1965 2362 2269 2444 competit
2300 2363 2419 2439 his,
2454 2363 2565 2444 qui
2598 2383 2674 2425 ex
2702 2363 3015 2426 industria
3043 2370 3105 2425 et
3136 2381 3279 2425 cum
3312 2379 3457 2443 pro-

1966 2461 2170 2542 posito
2191 2462 2712 2538 mentiuntur,aut
2733 2480 2809 2524 ex
2831 2462 3053 2524 vitiosa
3069 2461 3201 2523 vita
3218 2460 3455 2541 absque

1968 2557 2310 2621 formidine
2340 2578 2635 2640 perversa
2664 2558 3033 2640 loquuntur,
3052 2559 3455 2640 quemadmo-

1965 2656 2117 2719 dum
2167 2658 2245 2719 de
2292 2657 2673 2738 quibusdam
2721 2658 3027 2721 asseritur
3078 2675 3091 2719 :
3131 2655 3453 2719 Acuerunt
3481 2670 3735 2720 enema,

1965 2754 2216 2835 linguas
2262 2774 2407 2817 suas
2452 2756 2615 2819 sieut
2660 2763 3007 2837 serpentes,
3042 2758 3127 2815 Ec
3169 2756 3453 2815 imitaris
3481 2735 3523 2775 ⁴·

1967 2856 2231 2930 linquas
2281 2856 2887 2932 blasphemantium.
2941 2852 3057 2927 Qui
3110 2852 3272 2916 falsa
3318 2852 3453 2918 sive

1967 2952 2273 3032 sacrilega
2301 2960 2409 3015 aut
2438 2952 2835 3031 derogatoria
2864 2952 3201 3015 manifeste
3229 2954 3307 3015 de
3329 2953 3453 3015 Deo

349 3056 506 3109 nata
565 3056 676 3109 aut
726 3047 1150 3113 vindicatoria
1199 3050 1506 3132 loquitur,
1558 3052 1683 3115 sibi
1732 3053 1856 3135 ipsi
1892 3063 1935 3128 C
1966 3049 2279 3131 profatur,
2324 3050 2651 3115 evidenter
2680 3050 3120 3133 blasphemat3
3154 3051 3265 3132 qui
3306 3070 3454 3117 vero

351 3146 562 3227 magis
606 3166 802 3228 quam
847 3148 1030 3211 alteri
1077 3158 1262 3212 nocet
1305 3148 1592 3213 directe:
1629 3151 1756 3215 imo
1791 3172 1856 3215 se

347 3243 638 3325 graviter
670 3244 844 3308 laedit
870 3265 886 3325 ;
920 3254 982 3309 et
1013 3246 1175 3309 alter
1204 3246 1330 3308 nisi
1360 3248 1619 3331 propria
1657 3250 1858 3332 impa-

351 3344 588 3406 tientia
630 3352 744 3405 aut
787 3344 984 3407 simili
1029 3344 1216 3427 culpa
1260 3346 1572 3423 vincatur,
1608 3348 1855 3411 nullum

351 3441 510 3503 inde
540 3442 816 3506 sustinet
848 3442 1324 3521 detrimentum,
1359 3444 1470 3507 sed
1500 3446 1699 3525 magis
1734 3466 1858 3510 sor-

353 3542 517 3603 titur
548 3541 934 3623 profectum.
969 3542 1275 3624 Denique,
1309 3545 1388 3606 ad
1419 3544 1540 3607 hoc
1569 3554 1640 3607 ut
1667 3546 1856 3609 homo

353 3659 490 3703 non
525 3640 829 3721 loquatur
863 3642 1036 3721 quod
1067 3641 1192 3703 sibi
1223 3660 1350 3705 non
1381 3643 1656 3724 expedit,
1699 3664 1856 3725 prae-

354 3738 552 3821 cipua
611 3738 860 3819 indiget
913 3740 1138 3821 gratia.
1189 3741 1449 3821 Propter
1494 3743 1664 3823 quod
1719 3750 1856 3805 orat

103 3860 324 3910 zama,
353 3838 692 3901 Psalmista
719 3856 746 3900 -:
794 3839 984 3914 Pone,
1031 3838 1316 3916 Domine,
1365 3840 1711 3903 custodiam
1758 3842 1852 3905 ori

355 3956 524 4013 meo,
559 3946 623 4001 et
651 3936 888 4001 ostium
919 3936 1416 4001 circumstantiae
1453 3938 1639 4001 labiis
1669 3940 1848 4003 meis,

101 4048 322 4099 aceram.
353 4036 844 4099 Ecclesiasticus
866 4054 1122 4117 quoque
1141 4037 1233 4100 sic
1252 4036 1448 4099 habet
1469 4036 1651 4111 :Quis
1680 4039 1856 4102 dabit

351 4134 454 4198 ori
483 4154 628 4198 meo
658 4134 1038 4212 custodiam,
1069 4143 1132 4197 et
1170 4153 1360 4216 super
1394 4135 1558 4198 labia
1597 4156 1736 4199 mea
1774 4138 1857 4198 si-

1967 3146 2114 3208 talia
2146 3146 2411 3229 profert,
2451 3168 2591 3229 quae
2626 3148 2937 3230 implicite
2968 3149 3089 3212 tale
3121 3149 3274 3231 quid
3310 3168 3455 3213 con·

1967 3244 2175 3307 tinent
2230 3266 2342 3309 seu
2403 3246 2767 3324 includunt,
2818 3247 3103 3310 imitatur
3157 3247 3455 3329 blasphe-

1967 3344 2278 3406 mantium
2310 3345 2571 3426 linguas
2592 3349 3051 3407 Condemnabit
3083 3356 3139 3407 te
3157 3368 3225 3408 os
3253 3357 3453 3419 tuum,

1963 3453 2022 3503 et
2051 3464 2179 3503 non
2206 3463 2354 3520 e90;
2379 3454 2438 3504 et
2468 3447 2643 3505 labe-'a
2672 3454 2783 3505 tua
2814 3448 3278 3521 respondebunt
3309 3447 3448 3508 cibi.

1964 3542 2092 3603 Hoc
2129 3541 2471 3605 dicendum
2506 3552 2601 3605 est
2634 3542 2757 3620 his,
2792 3543 2902 3624 qui
2939 3543 3211 3605 multum
3242 3562 3454 3607 exces-

1967 3639 2101 3703 sive
2138 3640 2511 3721 loquuntur,
2551 3641 2701 3722 quia
2740 3650 2803 3705 et
2841 3642 3147 3724 scriptum
3187 3650 3281 3704 est
3316 3661 3330 3705 ε
3364 3643 3451 3705 Ex

1965 3737 2181 3803 verbis
2232 3738 2358 3800 tuis
2415 3739 2840 3802 damnaberis,
2892 3739 2969 3801 Et
3021 3740 3211 3802 isaias
3272 3740 3453 3801 indu·
3506 3763 3745 3811 ‚uastas-1.

1965 3835 2052 3897 cit
2094 3856 2108 3900 ε
2157 3836 2413 3899 Peccata
2466 3846 2680 3899 nostra
2729 3838 3191 3919 responderunt
3240 3836 3445 3899 nobis,
3482 3828 3560 3929 ³1⁷3·
3578 3888 3744 3938 „³⁹¹2

1963 3932 2118 4007 Quia
2139 3935 2439 3999 videlicet
2471 3938 2790 4019 peccando
2820 3955 3138 3999 meremur
3168 3944 3237 3997 ut
3264 3937 3451 3999 detur

1966 4032 2150 4095 nobis
2198 4052 2234 4095 a
2277 4034 2493 4096 divina
2538 4034 2785 4115 justitia
2834 4035 2999 4097 reale
3050 4052 3443 4116 responsum,

1965 4151 2078 4214 per
2107 4132 2227 4195 hoc
2258 4132 2428 4213 quod
2468 4152 2585 4214 pro
2615 4133 2801 4215 culpa
2846 4131 3164 4213 infligitur
3193 4150 3451 4215 propor-

349 4234 702 4313 gnaculum
737 4240 1006 4309 certum,
1043 4242 1113 4295 ut
1143 4252 1268 4297 non
1303 4235 1524 4297 cadam
1555 4234 1636 4296 ab
1673 4234 1850 4317 ipsiS,
1887 4233 1936 4294 D
1967 4232 2203 4294 tionata
2238 4250 2310 4294 ae
2341 4232 2762 4313 persolutoria
2792 4250 2999 4316 poena.

351 4340 416 4394 et
451 4330 672 4411 lingua
699 4350 838 4393 mea
871 4349 972 4392 me
1002 4332 1268 4411 perdat?

439 4433 774 4499 Quantum
821 4431 893 4490 in
942 4439 998 4489 te
1033 4440 1148 4499 est,
1177 4433 1508 4491 evacuasti
1538 4433 1849 4493 timorem.

349 4528 756 4607 Quicumque
795 4528 1093 4590 audacter
1131 4537 1195 4590 et
1233 4528 1476 4609 absque
1521 4528 1744 4592 timore
1786 4530 1856 4591 li-

351 4627 504 4689 bere
537 4634 780 4707 peccat,
815 4633 875 4688 et
907 4625 1068 4689 alios
1113 4627 1538 4690 scandalizare
1568 4645 1695 4691 non
1727 4647 1858 4691 me-

353 4723 496 4799 tuit,
513 4743 582 4786 se
604 4722 816 4805 ipsum
835 4742 872 4785 a
893 4724 1111 4786 divino
1133 4744 1405 4788 vacuum
1431 4724 1581 4788 facit
1601 4726 1849 4803 timore,

351 4822 514 4885 alios
537 4839 813 4903 quoque,
829 4830 1142 4903 quantum
1172 4821 1238 4885 in
1272 4822 1410 4905 ipso
1430 4832 1541 4899 est,
1563 4824 1853 4905 praebens

352 4919 448 4982 eis
477 4918 787 5002 peccandi
827 4919 1155 4982 audaciam
1191 4938 1206 4981 :
1246 4921 1416 5001 quod
1447 4921 1853 4986 vehementer

352 5036 620 5081 enorme
665 5025 764 5080 est
819 5026 1012 5100 atque
1067 5018 1452 5082 damnabile.
1509 5024 1590 5082 E'c
1641 5024 1855 5081 tulisti

345 5136 566 5193 preces
606 5136 826 5175 coram
858 5119 1006 5177 Deo,
1040 5114 1446 5197 Quicumque,
1480 5118 1676 5180 Deum
1720 5138 1855 5182 ver-

353 5212 456 5276 bis
507 5221 830 5297 precatur,
882 5222 948 5276 et
993 5214 1211 5296 impiis
1259 5215 1512 5277 actibus
1561 5235 1707 5278 eum
1755 5216 1852 5279 of·

357 5311 622 5375 rendere
669 5328 800 5375 non
849 5320 1126 5391 veretur,
1180 5311 1514 5394 indignum
1573 5332 1641 5376 se
1697 5312 1852 5377 facit

2057 4331 2343 4413 Insuper,
2394 4330 2449 4393 si
2498 4331 2887 4395 audierimus
2933 4330 3213 4412 aliquem
3260 4330 3451 4394 nimis

1966 4438 2469 4511 praesumptuose
2518 4430 2909 4510 loquentem,
2962 4439 3023 4492 et
3069 4431 3149 4494 de
3195 4449 3307 4492 sua
3358 4450 3454 4492 sa-

1966 4527 2209 4609 pientia
2239 4527 2612 4590 inanissime
2643 4536 3154 4609 praesumentem,
3188 4548 3333 4591 cum
3361 4529 3455 4610 ju-

1966 4635 2062 4695 sta
2084 4626 2289 4688 ironia
2320 4626 2376 4688 ei
2407 4625 2619 4689 dicere
2650 4644 2987 4707 possumus
3010 4646 3151 4707 quae
3182 4646 3457 4709 sequun-

1966 4732 2090 4785 tur.
2115 4727 2457 4805 Namque'd
2478 4727 2736 4802 primus
2765 4728 2947 4785 homo
2978 4736 3049 4785 tu
3078 4736 3272 4787 natus
3290 4748 3371 4795 es,
3394 4736 3455 4787 et

1964 4834 2112 4884 ante
2139 4826 2324 4883 colles
2352 4824 2721 4901 formatus?
2740 4825 3085 4903 Numquid
3112 4826 3455 4884 consilium

1963 4922 2087 4982 Dei
2113 4923 2364 4981 audisti
2384 4924 2414 4981 β
2441 4922 2786 4999 Numquid
2809 4924 3063 4997 qrande
3090 4931 3177 4983 esc
3211 4931 3284 4981 ut
3314 4941 3455 4983 con·

1961 5022 2203 5079 soletur
2241 5028 2297 5077 te
2325 5021 2497 5080 Deus
2517 5019 2547 5077 ?
2574 5020 2705 5079 Sed
2733 5020 2921 5078 verba
2954 5027 3065 5079 tua
3098 5037 3311 5095 prava
3341 5021 3455 5079 hoc

1957 5119 2319 5195 prohibent.
2354 5116 2589 5197 Itaque,
2626 5115 2679 5177 si
2720 5115 2786 5177 in
2825 5115 3109 5178 adversis
3142 5116 3451 5179 divinitus

1962 5213 2279 5278 consolari
2307 5222 2622 5295 optamuS,
2646 5232 2835 5276 omne
2864 5213 3163 5277 illicitum
3184 5214 3449 5278 verbum

1961 5312 2219 5395 penitus
2248 5311 2627 5387 devitemuS,
2658 5329 2787 5374 non
2818 5330 3315 5390 murmuremuS‚
3338 5313 3451 5375 sed
