4309 6259
570 2745 587 2788 Ι
598 2749 834 2798 Pomm.

1332 486 1681 532 mm‘l'lo
1720 487 1783 532 13·
1824 487 1965 532 ω.
2010 487 2071 531 tv
2112 487 2272 532 mm
2311 487 2484 532 ΡΙῙΙῙ
2521 487 3053 534 PAMLDOOEOS.
3099 507 3182 518 —
3217 489 3362 534 ffl-
3405 489 3466 534 lv

854 655 1189 729 nominati,
1224 655 1482 720 fuerunt
1508 657 1839 740 quinque:
1866 666 2091 738 oetque
2120 657 2346 739 proha·
2371 657 2422 718 A
2453 661 2670 720 Filius
2691 663 3044 732 Sechem'oe,
3061 663 3314 722 Semet'a
3334 682 3358 720 .·
3375 661 3564 738 cujus
3589 661 3749 736 filii,
3767 661 3940 720 Hac-

852 754 1009 832 bile,
1037 758 1207 838 quod
1240 755 1498 819 fuerunt
1530 756 1595 818 hi
1624 756 1915 839 quinque
1944 776 2021 818 ex
2057 755 2186 818 alia
2213 775 2346 818 ma-

852 953 1015 1014 mitb
1044 953 1403 1036 appelletur
1422 972 1603 1016 soror
1620 952 1877 1016 illorum
1896 954 2196 1030 duorum,
2213 972 2342 1016 11011

850 1051 1077 1114 horum
1115 1052 1427 1134 quinque.
1470 1055 1691 1113 Filius
1726 1064 1947 1113 autem
1986 1055 2344 1122 Hanam'oe,

852 1153 1157 1212 Phanias
1178 1161 1369 1227 pater
1392 1152 1639 1220 Jeset'oe,
1666 1153 1857 1228 cujas·
1876 1153 2061 1228 filius
2078 1153 2346 1226 Rapha-

854 1251 945 1310 ἰα.
990 1251 1211 1326 Hujus
1248 1269 1497 1330 quoque
1535 1252 1744 1327 filiu-s,
1786 1253 2045 1321 Antan,
2094 1252 2176 1308 de
2219 1269 2346 1326 quo

854 1358 1049 1408 natus
1064 1358 1157 1408 cst
1178 1350 1399 1416 obdia,
1416 1350 1605 1426 cujus
1620 1351 1805 1426 filiu-s
1820 1349 1961 1425 fuit
1978 1349 2340 1409 Sechenias.

2453 767 2578 828 tte-3,
2608 768 2670 817 et
2695 760 2948 836 Jeqaal,
2973 769 3036 818 et
3063 761 3296 829 Baria,
3325 769 3386 818 et
3419 759 3698 826 Naar-ia,
3717 767 3777 817 et
3807 759 3936 818 Sa-
4037 819 4046 828 ,

852 863 947 917 tre
987 855 1143 923 nati,
1173 875 1365 937 quam
1406 856 1535 918 duo
1578 854 1794 937 primi,
1828 874 1904 918 eo
1951 855 2127 936 quod
2171 853 2346 918 Salo-
2443 855 2672 932 phae‘,
2697 875 2812 913 sex
2841 874 3130 916 numero.
3153 853 3298 916 Filii
3329 854 3435 916 isti
3465 861 3615 915 sunt
3641 852 3932 935 quinque
3969 875 4192 982 ἓξὲξ

2450 960 2723 1028 tantum,
2757 953 2868 1014 sed
2899 971 3030 1015 una
3063 972 3212 1014 cum
3247 961 3428 1034 patre
3463 969 3580 1014 suo
3607 960 3756 1014 sunt
3790 969 3926 1014 sex.

2451 1054 2670 1111 Filius
2697 1053 2972 1114 IVaarioe
2997 1072 3022 1110 .·
3047 1053 3380 1120 Hioenai,
3405 1061 3466 1110 et
3505 1051 3838 1120 Ezechias,
3865 1059 3930 1109 et

2453 1152 2791 1219 Ezrt'cam,
2819 1159 2966 1210 tres.
2991 1151 3208 1212 Filius
3237 1150 3538 1211 fflioenm'
3555 1170 3581 1208 .·
3601 1148 3840 1217 Odut‘a,
3865 1157 3931 1208 et

2451 1251 2753 1319 E'liasub,
2771 1259 2834 1308 et
2864 1250 3156 1319 Pheleia,
3176 1257 3240 1308 et
3267 1249 3506 1318 Ace-ub,
3519 1257 3580 1307 et
3605 1249 3932 1316 Johanan,

2450 1357 2512 1408 et
2535 1349 2808 1418 Dakia,
2833 1357 2896 1407 et
2921 1348 3176 1420 Anam’,
3205 1356 3462 1424 septem.

1979 1787 2632 1874 ARTICULUS
2707 1789 2822 1872 lv

1082 2062 1463 2107 ssnmxano
1504 2064 1779 2110 CAPITUU
1818 2064 2043 2118 Quam}
2086 2065 2101 2108 :
2149 2064 2288 2109 nul
2327 2064 2504 2122 JUDA,
2551 2063 2816 2121 ruam,
2863 2063 3122 2115 uastos,
3169 2063 3244 2108 ΕΤ
3283 2062 3538 2120 cluam,
3585 2060 3714 2106 nc·

992 2349 1413 2414 ENERATIO
1428 2351 1603 2414 Judae
1632 2352 2007 2433 patriarchae
2024 2372 2198 2416 nunc
2221 2352 2346 2435 ple
2381 2353 2428 2414 B
2455 2376 2578 2434 que
2603 2359 2842 2415 sororis
2869 2375 3087 2414 eorum
3113 2355 3544 2432 Asalelplmm’
3560 2373 3586 2412 .·
3607 2369 3798 2432 quam
3823 2350 3946 2412 He-

1014 2448 1161 2510 nius
1198 2458 1551 2525 enarratur,
1600 2459 1665 2511 et
1701 2450 1781 2512 de
1822 2451 2344 2530 generationibus

856 2547 1173 2610 Simeonis
1204 2565 1279 2609 ao
1318 2546 1537 2609 Ruben
1578 2547 1823 2630 aliquid
1866 2550 2143 2611 additur.
2179 2552 2348 2612 Filii

856 2649 1061 2715 Iuda,
1085 2647 1355 2716 Phar-es,
1384 2649 1656 2717 Hesron,
1680 2657 1741 2706 ec
1774 2650 2061 2718 Char-mi,
2086 2659 2147 2708 et
2173 2652 2348 2716 Hur,

858 2754 921 2804 et
950 2747 1167 2806 Sobal.
1200 2743 1403 2825 Supra
1444 2744 1683 2806 dictum
1716 2754 1833 2820 est,
1868 2747 2039 2827 quod
2080 2745 2208 2808 filii
2245 2747 2350 2808 Ju—

862 2843 960 2905 dae
990 2841 1253 2904 fuerunt
1279 2842 1589 2924 quinque,
1622 2843 1919 2907 videlicet
1942 2845 2062 2907 fler
2088 2855 2150 2907 et
2170 2844 2348 2909 Onan

862 2950 923 3004 et
954 2941 1099 3004 Sela
1123 2942 1205 3004 de
1236 2961 1351 3003 sua
1380 2961 1575 3005 uxore
1604 2942 1923 3023 legitima3
1949 2944 2099 3007 item
2120 2945 2350 3006 Pbares

860 3049 923 3102 et
954 3040 1107 3101 Zara
1154 3040 1233 3103 de
1262 3040 1534 3102 Thamar
1566 3058 1582 3103 ε
1616 3044 1937 3123 quomodo
1978 3061 2129 3122 ergo
2179 3061 2348 3105 nunc

860 3147 1277 3200 numerantur
1305 3139 1595 3220 quinque
1624 3139 1751 3202 filii
1782 3141 1947 3223 ejuS,
1980 3141 2147 3204 inter
2187 3159 2350 3222 quos

860 3237 1037 3299 solus
1064 3237 1295 3300 Phares
1322 3245 1469 3300 ante
1499 3258 1835 3320 expressus
1862 3247 1961 3302 est
2002 3259 2141 3303 esse
2175 3239 2202 3300 l'
2203 3239 2352 3302 ilius

860 3335 1079 3398 Judaet
1108 3335 1200 3397 Ad
1229 3335 1351 3398 hoc
1380 3337 1725 3418 dupliciter
1744 3337 2166 3420 respondetur
2189 3355 2204 3399 z
2227 3338 2352 3399 Pri-

864 3452 991 3508 mo,
1026 3435 1197 3515 quod
1240 3444 1517 3516 quatuor
1558 3436 1665 3498 hic
1710 3436 2046 3512 nominati,
2094 3434 2352 3498 fuerunt

864 3531 1123 3594 mediati
1157 3531 1306 3608 filii,
1340 3533 1461 3596 boc
1490 3543 1584 3597 est
1616 3544 1883 3617 nepotes
1902 3535 2098 3598 Judae.
2122 3535 2354 3597 Secun-
2389 3541 2434 3604 C
2463 3545 2581 3612 est,
2613 3537 2784 3618 quod
2817 3535 3025 3597 Salma
3045 3533 3076 3595 f
3079 3535 3229 3596 ilius
3249 3535 3398 3611 Hur,
3425 3533 3548 3594 fuit
3573 3541 3752 3614 pater
3769 3531 3949 3594 Beth·
4004 3551 4220 3596 nass.

864 3632 970 3706 dc,
1002 3630 1181 3710 juxta
1204 3631 1491 3693 Glossam
1534 3652 1677 3713 quae
1716 3633 1827 3709 ait,
1862 3642 1925 3695 et
1966 3642 2117 3695 sunt
2159 3633 2354 3695 verba

866 3728 1233 3810 Hieronymi
1267 3746 1283 3790 ε
1318 3729 1559 3792 llebraei
1590 3740 1907 3806 asserunt,
1940 3729 2240 3813 prael'atos
2257 3731 2358 3794 Ju-

866 3828 965 3890 dae
995 3827 1169 3890 filios
1207 3827 1313 3890 hic
1348 3828 1607 3890 mutatis
1646 3829 2016 3892 nominibus
2058 3829 2354 3910 exprimi.

868 3926 958 3986 ita
984 3925 1157 4006 quod
1188 3944 1303 4007 per
1320 3925 1559 3988 Hesi-on
1592 3946 1763 3990 nunc
1792 3927 2162 4007 designatur
2180 3927 2354 3997 Zara,

868 4043 983 4107 per
1010 4023 1262 4086 Chal-mi
1312 4025 1455 4100 Her,
1492 4044 1605 4107 per
1632 4025 1763 4087 Hur
1788 4024 1991 4102 Onan,
2026 4045 2139 4108 per
2170 4024 2357 4088 Sobal

870 4123 1035 4186 Sela.
1068 4123 1187 4185 Sed
1218 4123 1398 4205 juxta
1436 4123 1810 4205 praehabita,
1843 4124 2097 4187 Chat-mi
2132 4122 2254 4185 l'uit
2281 4125 2362 4186 de

871 4219 1045 4282 tribu
1092 4221 1281 4296 Zarae,
1316 4221 1447 4282 11111·
1482 4230 1547 4283 01
1594 4221 1781 4282 Sobal
1824 4223 1903 4284 de
1936 4221 2149 4284 Caleb.
2187 4225 2360 4284 Raia

872 4340 1019 4379 vero
1054 4321 1239 4394 filius
1286 4321 1505 4390 Sobal,
1535 4321 1767 4395 yenuit
1806 4323 2070 4391 Jahath,
2112 4323 2194 4381 de
2239 4341 2362 4400 quo

872 4417 1021 4476 nati
1054 4425 1209 4476 aunt
1237 4418 1533 4477 Ahumai
1558 4427 1619 4476 et
1648 4420 1854 4478 Laud.
1892 4421 2009 4478 Hae
2044 4421 2366 4496 009ηαίἰο-

874 4535 985 4574 nes
1012 4515 1312 4585 Sat-athi,
1345 4513 1465 4576 boc
1494 4523 1611 4590 est,
1644 4516 2085 4593 generationes
2112 4517 2246 4597 jam
2279 4526 2368 4579 ta-

876 4621 1017 4688 ctae,
1064 4630 1142 4674 ex
1179 4610 1367 4674 Sobal
1418 4620 1601 4688 natae,
1654 4623 1801 4675 sunt
1846 4615 2258 4693 cognationes
2303 4623 2364 4678 et

2457 2453 2634 2530 braei,
2665 2454 3016 2516 secundum
3039 2452 3512 2533 Hieronymum,
3537 2449 3946 2532 suspicantur

2455 2571 2596 2614 oese.
2625 2561 2892 2614 matrem
2923 2549 3268 2626 Samsonis,
3301 2550 3382 2612 de
3418 2549 3618 2630 vstirpe
3644 2548 3804 2610 Iuda
3835 2565 3948 2627 ge—

2457 2659 2766 2726 neratam,
2787 2649 2978 2730 cujus
3005 2649 3106 2712 vir
3135 2647 3261 2711 fuit
3287 2650 3368 2711 de
3397 2648 3565 2709 tribu
3596 2647 3750 2709 Dan.
3775 2649 3948 2708 Pha-

2459 2753 2614 2809 nuel
2639 2760 2856 2809 autem
2888 2747 3006 2811 suit
3029 2759 3220 2826 pater
3243 2750 3476 2816 Gedor,
3495 2746 3614 2808 hoc
3643 2753 3742 2808 est
3769 2744 3950 2826 priu-

2457 2867 2608 2930 ceps
2639 2849 2706 2910 in
2738 2848 2880 2911 loco
2921 2849 3018 2910 sic
3059 2847 3412 2922 nominato,
3442 2856 3502 2905 et
3547 2848 3714 2907 Ezer
3753 2853 3948 2923 pater

2460 2950 2659 3017 Hosa,
2676 2947 2738 3009 id
2769 2956 2865 3009 est
2897 2946 3020 3010 loci
3054 2945 3250 3008 1111115.
3275 2945 3428 3007 Nam
3457 2943 3662 3006 Gedor
3690 2950 3752 3005 et
3781 2942 3948 3004 Hosa

2459 3052 2609 3106 sunt
2637 3043 2778 3107 loca
2801 3063 2842 3106 a
2872 3043 3032 3105 filiis
3061 3043 3192 3104 Hur
3217 3060 3529 3124 possessa.
3563 3043 3708 3113 Isti,
3727 3037 3949 3103 videli-

2459 3152 2561 3206 cet
2587 3143 2866 3205 Phanuel
2897 3151 2961 3205 et
2989 3141 3166 3216 Ezer‚
3188 3151 3342 3200 sune
3370 3142 3504 3217 filii
3533 3143 3682 3202 Hw-
3700 3141 3948 3216 primo-

2451 3244 2666 3318 qem'n‘
2691 3243 3016 3318 Ephram,
3043 3258 3190 3321 quae
3231 3238 3355 3300 suit
3393 3255 3548 3300 uxor
3583 3236 3794 3312 caleb,
3829 3235 3946 3317 qui
4291 3319 4293 3322 Α

2460 3359 2538 3402 ex
2564 3340 2692 3402 alia
2711 3339 2986 3419 conjuge
3007 3338 3232 3400 babuit
3261 3337 3472 3400 lilium
3503 3337 3640 3418 ipso
3669 3336 3800 3397 11111·
3821 3335 3947 3417 pri·
3975 3355 4237 3401 mannas

2461 3457 2676 3514 orem3
2700 3440 2916 3518 patris
2943 3440 3334 3499 Bethlehem.
3369 3434 3674 3517 Superius
3703 3433 3944 3497 dictum

2465 3635 2674 3699 lehem
2708 3652 2726 3696 :
2759 3634 2998 3696 idcirco
3043 3632 3166 3715 ipsi
3195 3632 3326 3694 Hur
3368 3630 3752 3694 adscribitur
3778 3628 3947 3691 istud

2467 3733 2712 3796 ratione
2741 3731 2865 3793 filii
2895 3731 3022 3793 sui.
3055 3733 3278 3792 Ashur
3310 3751 3452 3791 vero
3475 3731 3660 3809 patri
3689 3732 3952 3792 Thecuoe

2465 3841 2654 3892 erant
2679 3833 2831 3891 εἷται)
2863 3850 3114 3900 uxoreS,
3147 3831 3368 3889 Ηαῑαα
3395 3838 3456 3888 et
3489 3830 3736 3888 Naum.
3762 3829 3954 3904 Pepe-

2469 3932 2559 3990 rit
2587 3939 2801 3988 autem
2831 3930 2895 3986 ei
2927 3929 3182 3998 Naara,
3215 3931 3474 3996 Oozam,
3505 3935 3565 3985 et
3596 3927 3872 4002 Heploer,
3893 3933 3954 3984 et

2477 4027 2812 4096 Themam‘,
2828 4035 2888 4084 et
2907 4025 3287 4086 Abasthart’.
3313 4024 3434 4084 Isti
3459 4032 3612 4083 sunt
3629 4024 3763 4099 filia·
3785 4024 3956 4084 Ναα-

2469 4146 2570 4186 ra.
2611 4127 2818 4186 Porro
2860 4125 2996 4200 filii
3037 4125 3258 4184 Halaa
3289 4142 3315 4180 .·
3354 4123 3606 4190 Sereth,
3647 4122 3858 4192 Isaar,
3897 4128 3954 4180 et

2473 4226 2762 4286 Etlman.
2797 4223 2910 4282 Cos
2940 4231 3155 4282 autem
3187 4221 3420 4296 yenuit
3447 4221 3652 4290 Anob,
3681 4228 3742 4278 et
3769 4220 3958 4279 Sobo-

2473 4325 2577 4391 ὁα,
2603 4331 2664 4381 et
2705 4321 3146 4398 coquationem
3181 4320 3527 4389 Aharehel,
3556 4319 3692 4394 filii
3721 4318 3952 4377 Arum.

2555 4421 2712 4481 Fuit
2738 4429 2955 4478 autem
2996 4419 3180 4478 ,labes
3225 4419 3512 4493 inclytus
3551 4435 3688 4492 proe
3729 4415 3960 4491 fratri-

2475 4521 2589 4578 bus
2615 4519 2777 4587 suns,
2809 4515 2930 4578 hoc
2971 4522 3066 4578 est
3105 4513 3452 4578 notabilior
3479 4520 3542 4576 et
3577 4511 3960 4576 eminentior

2476 4614 2656 4697 ipsiS.
2688 4615 2810 4678 Iste
2845 4622 2943 4678 est
2983 4613 3158 4676 enim
3199 4611 3407 4688 labes,
3440 4613 3520 4675 de
3559 4629 3688 4694 quo
3731 4629 3964 4693 praece-
4017 4635 4156 4680 ιῡεα.
4179 4641 4244 4678 ss.

880 4711 1088 4772 tribus
1117 4709 1527 4784 Saraitarum‚
1550 4709 1723 4792 quia,
1760 4720 1829 4773 ut
1858 4712 2098 4776 dictum
2130 4722 2250 4790 est,
2269 4713 2369 4776 Sa·
2398 4728 2449 4791 D
2476 4713 2650 4777 denti
2679 4712 2964 4794 capitulo
2991 4711 3282 4774 habitum
3313 4719 3412 4773 est
3434 4728 3449 4772 ε
3475 4708 3599 4772 fuit
3627 4709 3836 4784 fortiS‚
3865 4709 3964 4791 ju-

780 4835 849 4869 ιτ.
882 4807 975 4870 rai
1006 4816 1071 4869 et
1090 4807 1345 4870 Esthaol
1376 4807 1585 4889 primo
1614 4818 1764 4872 sunt
1792 4820 2174 4894 computatae
2202 4811 2370 4874 inter
2477 4822 2636 4888 51115,
2677 4819 2874 4893 atque
2918 4808 3332 4874 doctissimus
3379 4808 3680 4888 magister
3729 4806 3966 4870 scriba-

882 4905 1075 4968 urbes
1106 4904 1309 4968 tribus
1345 4907 1525 4969 Iuda.
2479 4929 2645 4972 rum.
2677 4913 2766 4972 Et
2801 4921 3002 4971 mater
3041 4909 3184 4986 ejus
3227 4909 3476 4968 vocavit
3517 4926 3744 4968 nomen
3780 4908 3968 4966 illius

962 5007 1099 5066 Ista
1127 5025 1375 5085 quoque
1400 5009 1597 5084 stirps
1628 5011 1845 5080 Etam,
1878 5008 1944 5071 id
1986 5017 2083 5070 est
2110 5007 2375 5090 posteri·
2477 5012 2686 5081 labes,
2720 5010 2892 5090 quod
2927 5008 3380 5089 interpretatur
3409 5005 3630 5069 dolor:
3657 5004 3798 5067 ideo
3827 5003 3970 5065 sub-

886 5111 983 5164 tas
1014 5101 1137 5164 viri
1180 5102 1273 5165 sic
1310 5103 1491 5180 dicti,
1532 5106 1645 5188 qui
1688 5107 1812 5169 ruit
1858 5107 2037 5169 filius
2076 5107 2277 5181 Ζᾶνες
2311 5113 2372 5169 01
2482 5108 2677 5184 ditur,
2711 5110 2930 5168 dicens
2960 5128 2984 5167 .·
3017 5107 3182 5175 Quia
3203 5105 3432 5182 peperi
3455 5125 3604 5165 eum
3631 5105 3704 5162 in
3733 5105 3966 5164 dolore.

890 5201 1017 5263 l'ilii
1048 5201 1225 5263 Etam
1258 5213 1721 5286 consequenter
1750 5206 1855 5269 hic
1888 5205 2374 5288 exprimuntur:
2483 5205 2762 5282 Constat,
2815 5206 2984 5287 quod
3035 5203 3336 5266 mulieres
3385 5201 3808 5266 communiter
3865 5219 3974 5283 pa-

890 5303 1165 5374 Jezrael,
1188 5311 1249 5362 et
1276 5303 1546 5374 Jesema,
1568 5313 1628 5365 et
1653 5307 1931 5366 Jedebos.
1958 5306 2208 5368 Nomen
2233 5322 2382 5382 quo-
2487 5302 2656 5365 riant
2699 5302 2766 5366 in
2795 5303 3037 5380 dolore,
3072 5301 3216 5365 ideo
3251 5319 3367 5384 per
3403 5300 3538 5364 11100
3585 5298 3780 5364 verba
3815 5298 3972 5362 insi-

624 4823 763 4866 lotae

590 4889 660 4928 ³2.
