4309 6259
103 996 201 1038 der.
218 1008 361 1045 xxvxi,

74 1061 359 1108 tinum&

70 1125 125 1169 ῦς
168 1135 359 1171 mvm,

74 1186 225 1236 14-253
250 1198 359 1234 ιιι-11,

74 1251 171 1290 ἰοῦ.

84 4940 343 4995 mnam,

84 5009 191 5048 κιο.

924 511 1274 556 ENARRATIO
1318 510 1379 556 IN
1422 513 1558 558 GAP.
1606 511 1737 556 xxu
1780 511 1938 556 LIBRI
1980 511 2205 566 QuAm'l
2247 512 2468 558 REGUM.
2515 532 2596 541 --
2637 513 2778 558 ART.
2827 513 2975 558 XXIV

3415 492 3494 554 85

389 681 517 743 sub
542 681 717 744 Josia
744 700 873 744 non
910 682 1035 744 ruit
1076 683 1163 744 ita
1199 681 1468 744 celebris
1503 701 1576 744 ac
1612 680 1895 744 famosus
1926 681 1975 743 A
2007 682 2543 759 comminationiS,
2599 685 2708 745 sed
2760 682 3122 745 infallibilis
3173 681 3492 764 praevisio-

391 789 467 842 ut
498 790 723 861 postea
756 797 771 842 ε
808 781 937 845 11116
967 782 1036 843 111
1070 790 1201 845 toto
1242 781 1408 843 libro
1440 799 1555 842 suo
1588 799 1715 843 non
1748 780 1896 860 legi-

392 886 503 939 tur
532 879 612 940 ad
642 879 902 956 Josiam,
937 889 1046 942 aut
1090 899 1233 942 cum
1268 879 1437 941 Josia
1478 879 1748 955 locutuS,
1785 878 1892 942 sed

394 974 775 1058 frequenter
804 979 882 1040 ad
915 987 1203 1060 posteros
1236 978 1375 1058 ejus
1402 1001 1417 1053 3
1451 985 1663 1059 atque,
1706 984 1779 1038 ut
1805 977 1896 1039 di-

390 1085 555 1136 cunt
584 1075 795 1154 multi,
827 1077 1129 1140 Ieremias
1164 1095 1291 1139 non
1324 1075 1449 1137 nisi
1481 1075 1717 1158 primas
1737 1076 1892 1138 duas

392 1173 681 1237 visiones
712 1195 859 1238 suas
890 1175 1051 1239 vidit
1073 1175 1381 1262 sub-Josia
1403 1175 1645 1254 (tamen
1677 1175 1755 1236 de
1778 1182 1895 1238 ter-

394 1271 489 1334 tia
525 1272 873 1349 dubitatur,
910 1274 1029 1336 sub
1072 1292 1203 1354 quo
1244 1293 1393 1354 rege
1423 1273 1653 1335 viderit
1682 1275 1889 1352 eam);

388 1377 459 1434 et
491 1371 621 1435 illae
651 1389 779 1434 non
811 1381 991 1435 erant
1021 1373 1141 1434 sub
1169 1372 1336 1435 Josia
1366 1373 1780 1453 complendae.
1807 1372 1893 1434 ld-

388 1470 569 1533 circo
620 1470 740 1532 sub
787 1470 955 1534 Josia
1006 1489 1135 1533 non
1187 1469 1311 1533 fuit
1358 1471 1567 1533 adhuc
1617 1471 1888 1533 multum

388 1568 704 1645 famosuS‚
733 1569 901 1633 sicut
929 1569 1148 1632 forsan
1180 1589 1294 1632 nec
1317 1569 1692 1651 SophoniaS.
1716 1569 1891 1632 111511-

388 1686 532 1749 per,
567 1669 849 1730 secunda
897 1668 1231 1750 responsio
1280 1667 1479 1731 Rabbi
1531 1668 1887 1731 Salomonis

384 1767 585 1828 etiam
616 1786 653 1828 a
682 1766 1029 1829 Catholicis
1061 1768 1301 1829 dudum
1336 1766 1460 1829 ruit
1494 1766 1773 1842 inducta,
1800 1767 1888 1829 di-

2008 780 2128 842 1115.
2179 780 2338 844 Η1116
2384 781 2694 863 Josephus
2737 790 2997 844 narrat:
3033 781 3309 843 Audiens
3351 781 3492 843 Pro·

2006 879 2288 960 phetissa
2317 899 2460 961 quae
2491 899 2528 942 a
2553 897 2700 959 rege
2734 887 2914 942 erant
2951 881 3267 954 mandata,
3300 879 3494 960 jussit

2004 986 2075 1038 ut
2096 987 2448 1041 remeantes
2470 978 2754 1041 dicerent
2775 979 2919 1058 regi,
2938 979 3112 1060 quod
3131 977 3492 1042 Divinitatis

2004 1077 2329 1139 decretum
2370 1078 2540 1158 quod
2569 1078 2700 1158 jam
2731 1086 2951 1140 contra
2981 1094 3089 1140 eos
3119 1076 3488 1158 protulerat,

2006 1175 2302 1257 precibus
2344 1175 2662 1239 infirmari
2713 1195 2840 1239 non
2890 1185 3122 1258 posset.
3157 1175 3490 1238 Verumta-

2004 1292 2151 1336 men
2183 1281 2404 1336 contra
2433 1274 2603 1336 istud
2635 1274 2816 1356 argui
2849 1281 3082 1356 posset,
3114 1275 3282 1355 quod
3327 1274 3490 1336 sicut

2002 1371 2068 1433 in
2117 1372 2388 1435 Jeremia
2436 1373 2724 1449 habetur,
2771 1372 3071 1436 Dominus
3121 1391 3234 1454 per
3278 1372 3486 1454 ipsum

1999 1472 2336 1534 Jeremiam
2387 1472 2678 1554 promisit
2727 1472 2980 1549 ludaeis,
3016 1472 3187 1554 quod
3237 1471 3292 1532 si
3340 1490 3488 1535 vere

2001 1571 2406 1653 poeniterent,
2425 1590 2620 1653 seque
2640 1571 3041 1651 corrigerent,
3063 1578 3349 1652 parceret
3369 1570 3482 1648 cis,
3516 1589 3642 1694 ⁸³5·
3665 1603 3778 1695 mg,

3546 1684 3557 1702 .,
3599 1665 3732 1704 ;xxw,
3765 1684 3778 1705 2

3518 1717 3584 1758 ¹³.

1998 1679 2061 1733 et
2108 1689 2330 1752 poenas
2387 1670 2802 1732 comminatas
2849 1669 3152 1732 auferret.
3203 1668 3327 1751 Ipsi
3383 1688 3488 1730 au-

1999 1778 2124 1831 tem
2158 1788 2356 1849 quum
2402 1768 2589 1831 liberi
2638 1777 2850 1831 essent
2893 1767 3162 1844 arbitrii,
3195 1775 3488 1850 poterant

386 1863 715 1941 centibus,
748 1866 920 1945 quod
952 1865 1255 1928 Jeremias
1300 1873 1452 1928 tunc
1498 1864 1714 1927 forsan
1758 1882 1885 1926 non
1923 1861 1969 1922 Β
2000 1868 2352 1949 poenitere:
2387 1885 2537 1948 ergo
2588 1875 2652 1930 et
2701 1867 2868 1929 mala
2908 1867 3022 1929 illa
3065 1866 3490 1947 praenuntiata

384 1971 527 2025 erat
575 1981 883 2044 praesenS.
934 1963 1147 2038 Porro,
1204 1962 1415 2044 prima
1462 1961 1661 2024 Rabbi
1717 1962 1887 2024 Salo-

382 2059 600 2124 monis
644 2061 982 2143 responsio
1020 2060 1273 2124 videtur
1315 2059 1549 2143 inepta.
1589 2059 1885 2134 Quamvis

382 2159 561 2222 enim
598 2157 863 2222 feminae
894 2158 1025 2221 sint
1057 2159 1483 2223 communiter
1513 2159 1635 2240 piae
1673 2166 1735 2221 et
1769 2159 1889 2221 mi-

380 2259 746 2322 sericordes
788 2259 995 2339 magis
1035 2277 1227 2339 quam
1260 2258 1405 2334 viri,
1440 2266 1651 2320 tamen
1686 2258 1885 2322 Josias

380 2376 515 2420 non
562 2357 797 2434 voluit,
840 2367 911 2419 ut
958 2357 1198 2420 semina
1248 2357 1359 2419 illa
1405 2357 1583 2418 daret
1630 2375 1890 2447 respon-

379 2475 531 2518 sum
585 2457 941 2518 secundum
1002 2456 1327 2538 propriam
1377 2455 1881 2531 inclinationem,

378 2556 499 2618 sed
526 2555 715 2636 juxta
742 2554 1197 2618 revelationem
1230 2554 1511 2616 divinam
1547 2572 1561 2615 :
1605 2573 1749 2635 quae
1778 2571 1889 2635 po-

378 2654 511 2716 tuit
533 2672 680 2716 esse
708 2661 836 2716 tam
870 2654 1151 2717 clemens
1185 2672 1297 2735 per
1326 2653 1557 2729 virum,
1578 2653 1746 2716 sicut
1774 2671 1887 2734 per

378 2752 727 2816 feminam.

464 2855 557 2914 At
590 2854 715 2912 illa
749 2852 1079 2928 respondit
1107 2852 1198 2910 eis
1236 2871 1259 2910 .·
1299 2853 1453 2912 Haec
1480 2851 1643 2911 dicit
1671 2852 1887 2912 Domi-

376 2971 513 3012 nus
556 2954 733 3013 Deus
776 2950 1010 3018 Israel,
1039 2948 1151 3030 qui
1200 2948 1332 3029 jam
1381 2949 1689 3012 revelavit
1737 2949 1887 3012 huic

1997 1966 2286 2029 evadere.
2335 1965 2570 2027 Verum
2620 1966 2697 2027 ad
2748 1966 2868 2028 hoc
2919 1984 3110 2046 super
3152 1964 3488 2026 Jeremiam

1998 2063 2327 2144 responsio
2359 2070 2455 2125 est
2485 2061 2762 2125 inducta.

2074 2163 2239 2239 Reyi
2269 2171 2484 2223 autem
2512 2165 2690 2224 Juda
2727 2165 2844 2240 qui
2875 2162 3052 2222 misit
3083 2181 3210 2232 vos,
3244 2171 3318 2221 ut
3346 2181 3492 2221 con-

1995 2261 2287 2321 suleretis
2312 2262 2694 2329 Dominum,
2724 2261 2818 2320 sic
2844 2261 3068 2319 dicetis
3099 2280 3121 2319 .·
3143 2261 3298 2320 Hoec
3326 2261 3489 2320 dicit

1998 2360 2316 2419 Dominus
2345 2361 2514 2418 Deus
2543 2361 2792 2419 Israel:
2813 2361 2946 2420 Pro
2984 2377 3052 2417 eo
3091 2361 3263 2437 quod
3303 2361 3492 2418 audi-

1995 2459 2082 2516 sti
2113 2458 2302 2516 verba
2333 2459 2685 2516 voluminis
2713 2458 2888 2533 leqis,
2922 2455 3486 2518 audiens·auribus

1997 2553 2210 2617 cordis
2247 2573 2321 2617 ac
2360 2553 2667 2635 corporiS,
2701 2563 2761 2614 et
2784 2557 3206 2633 perterritum
3248 2564 3338 2614 est
3379 2574 3489 2615 eor

2000 2663 2210 2723 tuum,
2243 2671 2370 2715 non
2403 2652 2608 2714 solum
2646 2651 2864 2715 servili
2900 2651 3149 2728 timore,
3185 2662 3244 2713 et
3273 2655 3488 2713 humi-

1998 2754 2198 2812 liatus
2225 2771 2286 2812 es
2315 2771 2532 2811 coram
2562 2753 2859 2822 Domino,
2894 2750 3148 2832 culpam
3189 2758 3363 2812 tuam
3412 2770 3485 2814 ac

1998 2849 2218 2932 populi
2253 2849 2344 2912 tui
2385 2849 2921 2928 recognoscendO,
2957 2848 3337 2930 veniamque
3376 2866 3487 2930 po-

1998 2949 2254 3024 scendO,
2287 2949 2536 3010 auditis
2573 2949 2968 3008 sermonibus
3015 2958 3235 3008 contra
3278 2951 3486 3008 locum

374 3049 647 3112 mulieri
680 3047 841 3130 quid
874 3048 1289 3130 responderet
1315 3050 1565 3109 :Dicite
1585 3051 1746 3120 vire,
1770 3051 1888 3128 qui
1922 3039 1965 3102 C
1996 3050 2220 3116 istum,
2250 3057 2309 3108 et
2349 3048 2735 3108 habitatores
2773 3048 2938 3122 ejus,
2979 3047 3150 3125 quod
3190 3047 3486 3106 videlicet

376 3150 573 3209 misit
610 3167 721 3208 vos
750 3150 841 3207 ad
872 3167 989 3207 me.
1024 3146 1185 3209 Ecce
1222 3165 1417 3227 quam
1461 3147 1887 3226 magnanimis

378 3246 513 3308 ruit
553 3246 695 3309 haec
739 3244 985 3309 femina
1025 3253 1263 3322 sancta,
1300 3263 1511 3325 regem
1561 3246 1886 3309 communi

375 3345 651 3409 nomine
700 3343 915 3407 virum
974 3342 1369 3424 significans
1412 3344 1660 3408 Etenim
1701 3345 1889 3428 Spiri-

374 3455 489 3507 tus
524 3443 801 3506 Sanctus
831 3443 1077 3506 animas
1118 3451 1483 3506 sanctorum
1528 3463 1787 3507 suorum
1819 3446 1884 3507 in

368 3543 613 3624 grandi
662 3541 999 3604 constituit
1040 3541 1373 3604 libertate:
1400 3541 1464 3604 111
1514 3561 1641 3623 qua
1674 3551 1884 3605 tamen

373 3640 723 3704 humilitas
768 3647 831 3702 ct
895 3639 1385 3720 magnanimitas
1436 3639 1559 3702 sibi
1610 3639 1881 3704 invicem

374 3759 513 3803 non
545 3745 937 3820 repugnant.
972 3741 1126 3800 Haec
1153 3739 1315 3798 dicit
1336 3741 1653 3798 Dominus
1686 3760 1707 3798 .·
1728 3743 1887 3800 Ecce

368 3859 491 3916 eqo
522 3840 858 3899 adducam
888 3840 1067 3897 mala
1104 3855 1310 3918 poenae
1346 3855 1537 3913 super
1570 3840 1777 3897 locum
1806 3839 1887 3898 is-

373 3949 525 3998 tum
544 3947 607 3996 et
631 3955 832 4014 super
852 3936 1239 3996 habitatores
1258 3935 1425 4014 ejus,
1454 3935 1675 3996 omnia
1696 3939 1887 3996 verba

374 4038 545 4115 leyis
574 4056 725 4114 quoe
754 4035 908 4111 leyit
940 4055 1059 4094 νεα)
1074 4037 1276 4103 Iuda,
1308 4034 1372 4096 id
1394 4042 1491 4096 cst
1518 4043 1748 4098 cuncta
1780 4035 1888 4096 ad-

372 4155 573 4199 versa
611 4131 984 4213 significata
1012 4153 1127 4215 per
1156 4133 1353 4196 verba
1380 4152 1523 4214 quae
1550 4134 1749 4197 Josias
1782 4153 1887 4196 au-

1994 3152 2224 3224 fierent
2269 3147 2342 3205 in
2372 3155 2692 3222 stuporem
2724 3155 2784 3205 et
2832 3147 2906 3205 in
2947 3147 3385 3215 maledictum,
3420 3143 3486 3208 id

1996 3252 2112 3319 est,
2172 3242 2364 3305 tantis
2425 3242 2894 3305 calamitatibus
2954 3242 3086 3305 sint
3142 3243 3479 3321 subdendi,

1995 3342 2167 3423 quod
2214 3341 2336 3424 ipsi
2381 3349 2444 3404 et
2486 3341 2596 3403 alii
2649 3360 2839 3423 super
2888 3341 3008 3405 hoc
3056 3340 3480 3419 mirabuntur,

1997 3439 2249 3522 ipsique
2279 3439 2787 3501 adversariorum
2817 3439 3374 3502 maledictionibus
3420 3449 3484 3504 et

1994 3537 2350 3601 maledictis
2385 3537 2450 3598 in
2483 3537 2622 3617 lege
2650 3537 2913 3618 prolatis
2945 3537 3381 3619 subjicientur,
3400 3546 3485 3600 at-

1994 3655 2117 3716 que
2146 3635 2228 3698 ab
2249 3635 2405 3718 ipsis
2428 3635 2494 3697 in
2517 3635 2879 3717 exemplum
2899 3635 3318 3698 maledicendi
3339 3636 3482 3698 aliis

1994 3741 2420 3811 assumentur,
2453 3733 2545 3797 sic
2576 3735 2746 3815 quod
2779 3754 2946 3797 unus
2977 3734 3197 3798 volens
3228 3733 3484 3796 maledi-

1995 3851 2137 3896 cere
2181 3832 2385 3907 alteri,
2420 3833 2611 3909 dicet,
2647 3831 2986 3913 Contingat
3034 3831 3146 3894 tibi
3193 3832 3357 3895 sicut
3383 3832 3484 3894 Ju-

1994 3931 2147 3994 daeis
2174 3955 2189 4006 3
2219 3940 2279 3992 et
2307 3933 2560 3991 scidisti
2580 3932 2954 3990 vestimenta
2989 3941 3124 4000 tua,
3156 3941 3215 3991 et
3242 3933 3486 4007 flevisti

1993 4052 2208 4091 coram
2259 4051 2376 4090 me.
2413 4029 2638 4092 Omnia
2683 4029 2805 4091 ista
2856 4046 3065 4108 regem
3114 4029 3348 4091 Josiam
3400 4028 3486 4092 se-

1994 4130 2179 4204 cisse,
2217 4128 2468 4190 videtur
2513 4128 2648 4190 haec
2689 4127 3091 4208 Prophetissa
3129 4147 3207 4190 ex
3251 4127 3485 4190 revela-

372 4234 551 4298 divit
584 4231 737 4312 legi,
774 4239 845 4293 ut
874 4231 1115 4293 dictum
1147 4239 1243 4294 est
1277 4249 1291 4292 :
1328 4239 1391 4294 ct
1420 4231 1633 4294 forsan
1667 4241 1887 4314 postea
1917 4228 1966 4289 D
2000 4228 2169 4291 tione
2213 4227 2436 4289 divina
2484 4225 2754 4290 novisse.
2789 4225 2923 4289 Non
2974 4225 3146 4288 enim
3194 4235 3478 4308 apparet,

374 4351 503 4416 pro
532 4329 769 4412 majori
821 4348 937 4392 sua
986 4327 1437 4393 informatione
1466 4330 1886 4411 personaliter

375 4429 544 4512 legit
576 4447 653 4491 ea
680 4450 696 4502 ς
730 4430 891 4507 quia
910 4429 1397 4506 dereliquerunt
1426 4447 1548 4498 me,
1570 4438 1628 4489 et
1645 4430 1888 4505 sacrifi-

374 4537 707 4590 caverunt
726 4528 863 4586 diis
882 4527 1138 4596 alienis,
1162 4527 1499 4586 irritantes
1519 4547 1619 4585 me
1645 4528 1719 4586 in
1738 4547 1888 4587 cun-

374 4629 507 4689 ctis
537 4626 840 4703 operibus
861 4644 1179 4684 manuum
1212 4644 1507 4686 suarum.
1532 4627 1618 4685 Et
1636 4645 1889 4686 succen-

374 4729 582 4786 detur
608 4724 989 4800 indiynatio
1026 4742 1169 4782 mea
1199 4725 1273 4782 in
1320 4725 1449 4782 loco
1490 4725 1624 4794 hoc,
1659 4722 1723 4784 id
1768 4729 1885 4800 est,

378 4823 555 4886 ultio
616 4839 777 4883 meae
824 4819 1091 4901 justitiae
1153 4819 1258 4883 hic
1316 4819 1609 4896 fervebit,
1651 4829 1713 4882 et
1779 4839 1891 4902 per

380 4922 611 5002 ignem
644 4918 1117 5001 complebitur3
1169 4917 1320 4998 quia
1350 4918 1625 4981 Chaldaei
1669 4918 1889 4980 urbem

378 5026 453 5082 et
476 5016 795 5099 templum
822 5023 1045 5097 postea
1072 5014 1495 5078 incenderunt
1518 5039 1533 5089 ;
1564 5025 1623 5076 et
1644 5036 1771 5076 non
1793 5037 1897 5076 ex-

376 5118 799 5193 stinquetur,
822 5113 886 5175 id
929 5122 1046 5190 est,
1072 5133 1109 5175 a
1146 5133 1261 5176 sua
1298 5113 1741 5195 persecutione
1769 5133 1897 5176 non

376 5212 811 5296 impedietur.
849 5210 1037 5285 Quasi
1067 5211 1275 5274 dicat:
1309 5211 1647 5293 Prophetia
1674 5212 1753 5274 dc
1782 5211 1901 5275 hac

1995 4327 2163 4408 quod
2210 4325 2389 4388 missi
2439 4345 2476 4386 a
2523 4342 2689 4404 rege,
2728 4325 3083 4388 retulerunt
3130 4345 3204 4388 ea
3253 4325 3371 4406 illi,
3400 4329 3483 4387 Et

1994 4445 2103 4502 eqo
2133 4427 2392 4494 audivi,
2425 4426 2520 4485 ait
2548 4425 2891 4494 Dominus,
2921 4423 3042 4486 hoc
3085 4432 3201 4501 est,
3245 4423 3485 4487 deside-

1997 4524 2092 4585 ria
2123 4532 2234 4586 tua
2262 4523 2366 4604 pie
2411 4521 2686 4603 suscepi,
2725 4530 2788 4584 et
2819 4540 3151 4603 poenarum
3185 4523 3347 4585 hanc
3389 4522 3486 4584 in-

1999 4621 2354 4685 flictionem
2387 4619 2652 4683 differre
2684 4620 2958 4683 decrevi.

2066 4722 2318 4781 Idcirco
2340 4721 2638 4797 colliyam
2663 4729 2718 4780 te
2747 4722 2834 4779 ad
2853 4729 3075 4796 patres
3097 4730 3260 4790 tuos,
3278 4719 3345 4783 id
3364 4729 3482 4797 est,

2000 4817 2320 4880 mediante
2371 4825 2595 4892 morte,
2648 4816 2939 4879 adunabo
2987 4817 3264 4880 animam
3316 4826 3487 4880 tuam

2003 4916 2341 4979 animabus
2383 4915 2886 4979 patriarcharum
2936 4925 2998 4979 et
3037 4917 3486 4999 Prophetarum

2005 5035 2078 5079 ac
2133 5034 2352 5096 regum
2407 5023 2794 5092 sanctorum,
2831 5015 2909 5077 de
2958 5015 3193 5096 quibus
3241 5024 3495 5078 exortus

2007 5134 2098 5191 eS,
2143 5114 2210 5176 in
2244 5114 2444 5177 limbo
2485 5122 2738 5196 patrum
2785 5112 3061 5195 sinuque
3091 5113 3389 5189 Abrahae3
3435 5124 3495 5175 et
3587 5131 3594 5138 ·

2008 5215 2330 5289 colligeris
2351 5216 2438 5272 ad
2456 5215 2824 5290 sepulcrum
2847 5222 3053 5282 tuum,
3077 5211 3196 5274 hoc
3217 5219 3324 5288 est,
3347 5231 3492 5274 cum

382 5311 653 5374 ultione
682 5307 953 5390 prolata,
988 5327 1117 5370 non
1154 5317 1253 5372 cst
1291 5317 1536 5370 tantum
1568 5309 1903 5391 prophetia
2011 5310 2302 5392 patribus
2334 5309 2461 5372 tuis
2502 5308 2832 5391 sepelieris
2873 5309 3094 5372 saltem
3125 5309 3190 5370 in
3222 5309 3360 5373 loco
3401 5330 3493 5374 se-
