4309 6259
107 821 197 863 Nm
209 834 293 868 xviii,

99 886 128 925 21
148 890 178 925 el
195 896 266 937 teq-
279 898 292 928 ‚¹

97 947 185 989 Dent.
195 961 248 993 ιιι,
259 949 292 995 6,

99 1014 152 1051 etc.

643 530 993 580 RNARRATIO
1035 531 1096 579 IN
1140 534 1276 581 CAP.
1323 533 1475 581 XXXI
1515 536 1674 581 LIBRI
1717 526 1968 582 SECUNDI
2008 528 2538 584 PARALIPOUENON.
2584 558 2665 567 —
2704 540 2847 586 ΛΒΤ.
2894 541 3046 587 XXXI

3263 514 3381 584 259

315 705 434 766 tud.
457 704 622 767 Istud
645 705 836 767 etiam
866 707 1118 788 jussum
1150 706 1330 770 suita
1349 708 1476 770 Deo
1499 727 1610 789 per
1632 709 1788 790 Moy·
1815 708 1866 769 A
1895 713 2064 788 quod
2092 712 2489 771 benedixerit
2516 713 2833 773 Dominus
2848 715 3083 790 populo
3110 730 3244 771 suo,
3269 713 3384 772 Re-

317 822 417 865 sen
445 802 507 864 in
539 803 832 885 pluribus
866 805 1024 869 locis
1050 824 1064 868 :
1099 806 1243 869 ideo
1271 806 1475 887 jussio
1506 807 1787 870 Ezechiae

321 902 428 963 fuit
450 902 626 983 quasi
660 905 947 983 quaedam
973 905 1494 967 commemoratio
1525 914 1587 967 et
1615 905 1788 967 inno-

317 1000 468 1062 vatio
493 1000 802 1081 jussionis
824 1002 1081 1080 divinae,
1107 1003 1257 1085 quia
1289 1003 1410 1065 sub
1433 1003 1636 1065 Achaz
1667 1002 1788 1065 ista

317 1105 481 1159 erant
505 1096 614 1159 diu
645 1098 903 1161 omissa.

389 1200 557 1264 Quod
602 1220 806 1276 quum
845 1202 1324 1275 percrebuisset,
1378 1201 1498 1262 hoc
1547 1207 1663 1276 est,
1711 1217 1787 1261 ex

313 1293 548 1376 publica
578 1295 752 1358 fama
781 1296 1191 1373 insonuisset,
1223 1300 1296 1358 in
1325 1300 1598 1359 auribus
1628 1302 1768 1357 mul

316 1396 599 1454 titudinis
619 1416 642 1455 .·
673 1395 828 1477 quia
865 1396 944 1457 ad
975 1396 1247 1458 aliarum
1280 1396 1536 1458 urbium
1576 1404 1638 1458 et
1670 1395 1787 1459 vil-

313 1492 494 1555 larum
546 1493 938 1557 habitatores
989 1496 1286 1569 devenit3
1331 1498 1664 1573 plurimas
1694 1497 1781 1555 ob

314 1597 494 1652 tulere
511 1596 852 1669 primitias
876 1598 1012 1673 filii
1046 1598 1276 1668 Israel,
1308 1597 1656 1673 frumenti,
1691 1597 1787 1655 vi-

314 1693 378 1751 ni
399 1700 452 1750 et
476 1695 626 1761 olei,
654 1695 864 1754 mellis
893 1714 1187 1773 quoque,·
1215 1703 1273 1755 et
1306 1698 1600 1754 omnium
1643 1714 1785 1772 quoe

308 1792 504 1866 yiynit
532 1780 798 1862 humus,
825 1794 1108 1852 decimas
1136 1796 1526 1853 obtulerunt.
1560 1795 1690 1853 Sed
1725 1801 1784 1852 et

1896 810 2261 885 Ziquiarum
2289 818 2532 878 autem,
2572 809 2635 873 id
2664 820 2760 872 est
2798 810 3195 872 residuorum
3238 827 3381 890 quae

1897 905 2080 967 nobis
2101 906 2573 988 superfuerunt,
2592 919 2682 969 est
2700 912 2883 986 copia
2906 912 3031 970 ista
3050 928 3241 988 quam
3260 928 3383 967 cer-

1895 1006 2018 1066 niS.
2053 1008 2373 1083 Praecepit
2412 1026 2556 1083 erqo
2592 1008 2899 1069 Ezechias
2944 1016 3015 1067 ut
3044 1026 3383 1084 proepara-

1893 1113 2037 1165 rent
2064 1108 2291 1166 horrea
2324 1108 2395 1165 in
2421 1109 2607 1166 domo
2640 1108 2929 1176 Domini,
2960 1105 3022 1168 id
3062 1113 3155 1167 est
3184 1123 3383 1186 prope

1895 1202 2056 1263 atria
2087 1204 2307 1285 templi
2335 1221 2348 1264 :
2375 1202 2441 1264 in
2472 1204 2705 1284 quibus
2736 1212 3124 1286 ponerentur
3150 1211 3213 1266 et
3240 1220 3377 1265 con-

1895 1310 2299 1365 servarentur
2328 1302 2579 1365 residua
2620 1302 2751 1365 illa.
2785 1303 2965 1365 Circa
2996 1303 3131 1365 haec
3160 1300 3383 1363 scribit

1895 1397 2176 1478 quidam,
2206 1399 2377 1478 quod
2406 1397 2655 1460 Azarias
2688 1398 2931 1480 primus
2962 1399 3275 1473 sacerdOS,
3302 1398 3381 1459 de

1893 1513 2021 1577 quo
2049 1496 2181 1577 jam
2210 1496 2450 1559 dictum
2482 1506 2597 1573 est,
2634 1496 2760 1558 fuit
2788 1498 2897 1559 ille
2925 1498 3038 1579 qui
3069 1515 3262 1578 supra
3296 1496 3382 1558 le-
3409 1523 3675 1574 111÷›„„.‚‚„„„³

1894 1594 2065 1675 gitur
2121 1596 2432 1658 restitisse
2478 1595 2639 1659 Oziae
2696 1594 3068 1659 thurificare
3116 1595 3377 1659 volenti.
3413 1588 3565 1637 ¹⁷³⁸·

1893 1692 2069 1767 Quod
2099 1714 2226 1757 non
2266 1704 2551 1777 apparet,
2588 1715 2785 1777 quum
2817 1695 2985 1758 inter
3029 1703 3278 1776 tempus
3310 1693 3384 1755 il-

1895 1792 2006 1856 lud
2045 1792 2205 1855 Oziae
2242 1803 2306 1857 et
2347 1802 2596 1876 tempus
2642 1794 2811 1856 istud
2849 1794 3131 1857 Ezechiae
3181 1791 3385 1856 fluxe-

313 1891 431 1965 filil
459 1893 662 1951 Israel
689 1900 749 1951 et
774 1893 974 1962 Juda,
1010 1893 1126 1969 qui
1164 1893 1544 1951 habitabant
1579 1893 1647 1949 in
1679 1912 1787 1951 ur·
1824 1900 1868 1960 Β
1899 1892 2026 1953 rint
2045 1893 2307 1975 plurimi
2330 1894 2503 1971 anni,
2529 1893 2872 1956 etJoathan
2904 1901 2965 1956 et
2989 1894 3194 1956 Achaz
3215 1892 3383 1955 inter

317 1990 480 2049 bibus
518 1992 714 2060 Juda,
767 1993 1136 2051 obtulerunt
1183 1992 1462 2051 decimas
1504 1993 1690 2050 boum
1727 2000 1787 2051 et

315 2086 536 2152 ovium,
576 2088 984 2165 decimasque
1021 2097 1391 2147 sanctorum
1431 2108 1574 2165 quce
1617 2107 1790 2146 vove-

315 2194 448 2243 rant
467 2185 742 2245 Domino
763 2187 890 2246 Deo
911 2204 1070 2255 su0,·
1097 2196 1289 2264 atque
1318 2188 1628 2246 universa
1641 2206 1791 2262 por-

316 2290 522 2351 tantes,
556 2282 621 2344 id
664 2291 763 2345 est
805 2282 1014 2365 prima
1052 2302 1124 2346 ac
1167 2282 1488 2365 praecipua
1532 2284 1610 2346 de
1657 2284 1788 2345 suis

315 2380 630 2460 pecoribus
661 2390 727 2444 et
768 2379 1089 2443 fructibus
1135 2390 1318 2444 terrae
1360 2401 1433 2444 ac
1472 2382 1790 2463 jumento-

316 2497 460 2540 rum.
493 2480 686 2541 Erant
713 2480 886 2542 enim
916 2480 1131 2542 devoti
1153 2488 1216 2542 et
1239 2479 1470 2544 fervidi
1501 2480 1620 2543 sub
1643 2481 1790 2542 Eze-

313 2576 460 2653 chia,
499 2587 838 2659 sequentes
882 2578 1022 2659 ejus
1067 2579 1356 2659 vestigia.
1404 2580 1611 2660 Atque
1654 2580 1791 2641 uni-

313 2694 480 2739 versa
533 2686 860 2760 portantes
921 2679 1000 2740 ad
1061 2679 1393 2760 templum,
1456 2679 1534 2740 ad
1603 2698 1789 2739 usum

315 2774 798 2837 ministrantium
838 2775 927 2837 ibi
963 2792 976 2836 :
1013 2784 1224 2838 tamen
1260 2784 1324 2837 et
1362 2776 1516 2838 alibi
1559 2776 1792 2838 daban-

317 2880 408 2935 tur
453 2875 888 2939 sacerdotibus
935 2894 1009 2937 ac
1050 2874 1288 2938 Levitis
1338 2894 1454 2957 pro
1485 2884 1794 2937 sustenta·

320 2973 475 3036 tione
503 2975 792 3056 ipsorum
820 2998 836 3049 3
868 2976 1163 3051 fecerunt
1195 2996 1450 3035 acervos
1471 2977 1794 3053 plurimos

1896 1992 2010 2053 hos
2041 1992 2463 2072 regnaverint,
2488 1992 2904 2073 defunctique
2933 1991 3175 2055 fuerint
3200 2009 3213 2053 :
3241 1991 3382 2053 ideo

1895 2098 2101 2172 potest
2130 2090 2282 2167 dici,
2313 2092 2485 2171 quod
2516 2090 2640 2152 fuit
2683 2089 2862 2152 filius
2902 2091 3139 2153 Azariae
3180 2090 3379 2152 illius,

1898 2193 2078 2259 Quod
2103 2210 2307 2268 quum
2335 2189 2653 2265 fecissent,
2688 2192 3059 2250 intulerunt
3091 2199 3221 2250 tam
3244 2192 3385 2267 pri-

1898 2289 2140 2359 mitias,
2174 2308 2372 2367 quam
2396 2290 2708 2358 decimas,
2739 2296 2798 2347 et
2835 2308 3249 2368 quoecumque
3282 2306 3385 2347 vo—

1899 2396 2148 2455 verant,
2175 2388 2475 2463 fideliter.

1977 2486 2134 2546 Fuit
2162 2496 2377 2545 autem
2396 2489 2741 2565 praefectus
2777 2506 2997 2545 eorum
3031 2486 3386 2545 Chonenias

1895 2585 2147 2654 Levita,
2165 2592 2224 2643 et
2240 2585 2454 2645 Semei
2472 2585 2681 2660 frater
2700 2584 2859 2661 ejus,
2882 2586 3217 2643 secundus,
3235 2584 3387 2643 Post

1898 2702 2086 2759 quem
2103 2683 2342 2752 Jaltiel,
2361 2692 2420 2742 et
2444 2684 2742 2750 Azarias,
2758 2690 2818 2741 et
2848 2683 3128 2753 Nabatlt,
3151 2689 3210 2740 et
3230 2682 3388 2741 Asa—

1897 2784 1978 2851 el,
2014 2790 2071 2840 et
2111 2782 2448 2852 Jerimotlz,
2480 2782 2757 2841 Josabad
2789 2800 3060 2859 quoque,
3090 2790 3149 2841 et
3189 2782 3382 2849 Etiet,

1899 2890 1956 2940 et
1975 2881 2261 2939 les-maele
2273 2880 2393 2947 ias,
2412 2888 2471 2938 et
2493 2881 2790 2949 Maleam,
2812 2890 2869 2939 et
2889 2880 3208 2948 BanaiaS,
3220 2898 3390 2955 proe-

1894 2979 2094 3054 positi
2119 2978 2237 3037 sub
2266 2979 2563 3037 manibus
2586 2978 2922 3038 Chonenioe
2944 2986 3002 3037 et
3021 2979 3236 3039 Semei
3254 2979 3391 3056 fra·

319 3072 690 3135 decimarum
741 3082 805 3135 et
851 3073 1304 3154 primitiarum.
1339 3077 1558 3135 ,Mense
1610 3074 1792 3133 tertio
1828 3082 1873 3146 C
1906 3078 2023 3137 tris
2076 3077 2239 3152 ejus,
2290 3096 2371 3134 ex
2428 3077 2698 3152 imperio
2750 3077 3042 3137 Ezechioe
3091 3076 3293 3151 reqis,
3330 3083 3390 3135 et

319 3183 624 3248 cceperunt
668 3192 1048 3233 acervorum
1074 3174 1298 3249 jacere
1332 3174 1793 3250 fundamenta,

319 3268 375 3329 id
401 3279 510 3347 est,
535 3288 796 3333 acervos
829 3269 1313 3346 inchoaverunt,
1339 3271 1635 3351 ponendo
1656 3269 1796 3351 jux-

321 3376 374 3429 ta
403 3376 626 3431 terram
647 3369 938 3450 quaedam
961 3368 1171 3430 oblata
1191 3388 1267 3431 ex
1289 3367 1625 3445 fructibus,
1651 3386 1795 3449 quae

317 3476 480 3529 erant
525 3467 711 3550 quasi
765 3467 1184 3530 fundamenta
1244 3486 1464 3529 eorum
1513 3486 1656 3548 quae
1702 3467 1794 3529 eis

317 3566 918 3648 superponebantur,
961 3575 1020 3626 et
1069 3587 1278 3628 mense
1322 3569 1588 3645 septimo
1631 3586 1795 3625 com-

309 3668 630 3739 pleverunt
665 3686 786 3725 eos.

389 3766 718 3843 Quumque
759 3766 1037 3841 inqressi
1074 3764 1354 3840 fuissent
1382 3764 1694 3823 Ezechias
1736 3772 1795 3823 et

318 3864 622 3939 principes
640 3864 784 3939 ejus
805 3862 1015 3924 locum
1037 3880 1408 3924 acervorum
1431 3880 1628 3942 prope
1653 3868 1799 3922 tem·

325 3958 504 4037 plum,
531 3963 840 4020 viderunt
859 3980 1137 4029 acervos,
1157 3958 1220 4020 id
1241 3967 1338 4021 est
1358 3959 1646 4021 cumulos
1674 3958 1798 4019 fru-

324 4064 524 4121 ctuum
571 4058 1079 4139 victualiumque
1128 4058 1406 4133 illorum,
1450 4067 1511 4118 et
1549 4060 1800 4117 benedi-

324 4168 544 4219 eaeerunt
573 4161 875 4229 Domine,
925 4156 982 4221 ei
1029 4156 1264 4237 gratias
1313 4155 1672 4233 referendo,
1725 4178 1801 4217 ac

1903 3176 2166 3236 Azarioe
2185 3175 2517 3252 pontificis
2544 3177 2771 3234 domus
2799 3176 3089 3245 Domini,
3120 3177 3207 3233 ad
3236 3193 3391 3251 quos

1901 3294 2046 3333 omn
2058 3274 2121 3331 ia
2143 3272 2577 3349 pertinebant.
2608 3276 2759 3333 Core
2780 3292 2925 3331 vero
2953 3274 3135 3349 fitius
3160 3274 3390 3332 Jemna

1904 3373 2150 3431 Levites
2196 3380 2255 3429 et
2286 3371 2548 3447 janitor
2584 3371 2922 3430 orientalis
2960 3379 3190 3446 portoe,
3222 3390 3393 3446 prae-

1894 3471 2144 3548 positus
2170 3478 2310 3529 erat
2340 3469 2441 3528 liis
2478 3488 2621 3547 quoe
2646 3476 2865 3544 sponte
2902 3470 3247 3545 offerebant
3273 3470 3394 3527 Do-

1903 3570 2099 3638 min0,
2134 3566 2199 3628 id
2247 3573 2342 3628 est
2389 3563 2559 3626 ultra
2602 3564 2891 3627 debitum
2939 3584 3013 3628 ex
3061 3582 3393 3647 superero-

1898 3665 2176 3746 gatione,
2200 3664 2353 3745 quia
2374 3664 2525 3725 talia
2553 3664 2920 3742 custodivit,
2941 3665 3392 3742 primitiisque

1901 3776 1960 3826 et
1999 3766 2381 3824 consecratis
2412 3766 2483 3824 in
2522 3774 2743 3823 sancta
2778 3773 3173 3831 sanctorum,
3205 3760 3268 3824 id
3298 3768 3395 3823 est

1903 3880 2048 3945 quae
2073 3861 2543 3943 deputabantur
2571 3862 2649 3924 ad
2678 3861 2820 3937 hoc,
2857 3868 2926 3922 ut
2971 3867 3184 3921 essent
3211 3858 3393 3922 valde

1906 3969 2173 4037 sacrata,
2205 3969 2267 4023 et
2294 3960 2372 4022 de
2401 3978 2667 4021 numero
2699 3967 3113 4022 sacratorum.
3154 3960 3236 4019 Et
3278 3958 3394 4017 sub

1905 4079 2065 4119 cura
2110 4060 2251 4135 ejus
2290 4066 2490 4133 erant,
2522 4059 2731 4129 Eden,
2775 4066 2833 4116 et
2872 4057 3252 4134 Benjamin,
3297 4058 3397 4114 Je-

1905 4178 2038 4228 sue,
2085 4166 2143 4217 et
2190 4158 2497 4226 SemeiaS,
2528 4157 2835 4217 Amarias
2876 4174 3149 4235 quoque,
3188 4164 3248 4214 et
3286 4156 3397 4215 Se-

320 4262 538 4333 populo
560 4259 790 4326 Israel,
811 4255 922 4337 qui
949 4264 1072 4317 tam
1104 4254 1457 4317 liberaliter
1484 4255 1662 4317 dedit
1685 4254 1800 4315 hu·
1831 4261 1879 4321 D
1909 4257 2195 4325 cleenias,
2214 4258 2287 4315 in
2317 4256 2689 4314 civitatibus
2718 4257 3115 4314 sacerdotum
3144 4252 3251 4314 :id
3275 4259 3391 4329 est,

324 4352 608 4431 jusmodi,
657 4354 712 4417 ei
765 4355 934 4417 bona
981 4354 1391 4436 imprecando
1434 4371 1447 4414 ε
1492 4353 1622 4415 imo
1671 4362 1798 4415 tam

327 4451 504 4517 Deum
524 4474 715 4537 quam
735 4454 1049 4537 populum
1069 4455 1529 4529 collaudabant,
1546 4462 1609 4518 et
1632 4453 1798 4535 prin·

325 4551 600 4632 cipaliter
631 4554 822 4616 Deum
849 4576 863 4626 ;
897 4553 1205 4635 populum
1235 4560 1446 4615 autem
1478 4552 1544 4613 in
1566 4552 1712 4629 De0‚
1734 4559 1800 4614 et

323 4652 392 4713 ad
416 4652 522 4715 Dei
551 4654 880 4717 honorem.
904 4654 1466 4731 Interroyavitque
1489 4653 1800 4713 Ezechias

323 4756 651 4813 sacerdotes
668 4764 728 4813 et
749 4756 876 4813 Lev
885 4753 1034 4821 itas,
1053 4772 1171 4811 cur
1193 4754 1288 4811 ita
1300 4752 1610 4828 jacerent
1629 4770 1802 4810 acer-

329 4850 398 4909 vi.
419 4852 762 4928 Respondit
783 4853 892 4910 illi
911 4852 1194 4911 Azarias
1211 4853 1502 4910 sacerdos
1511 4850 1629 4926 pri
1635 4870 1797 4918 muS,

329 4946 556 5011 scilicet
586 4948 889 5031 pontifex,
923 4952 1002 5009 de
1027 4950 1228 5023 stirpe
1266 4951 1496 5019 Sadoc,
1531 4948 1749 5008 dicens
1779 4967 1800 5007 .·

333 5048 428 5106 Ex
444 5070 562 5127 quo
582 5056 904 5127 caeperunt
923 5048 1498 5125 offerriprimitioe,
1519 5054 1582 5108 et
1609 5046 1800 5108 etiam

336 5142 598 5220 decimae,
629 5152 700 5209 in
744 5150 932 5207 domo
970 5147 1262 5215 Domini,
1313 5146 1703 5205 comedimus
1745 5155 1805 5206 et

338 5250 602 5307 saturati
643 5268 893 5317 sumus,
942 5245 1006 5309 id
1053 5252 1150 5308 est
1195 5243 1619 5322 sufficienter,
1673 5264 1800 5307 non

341 5340 568 5421 gulose,
585 5345 826 5422 reiecti,
849 5354 909 5405 et
929 5354 1378 5405 remanserunt
1391 5345 1708 5420 plurima,
1731 5364 1802 5404 eo

1912 4354 2032 4418 viri
2055 4353 2159 4415 isti
2189 4352 2443 4429 Levitae,
2463 4360 2643 4415 erant
2662 4351 2927 4435 praefato
2946 4352 3103 4415 Core
3124 4350 3399 4433 subjecti

1911 4453 1976 4515 in
2008 4451 2374 4517 civitatibus
2405 4452 2824 4527 sacerdotum,
2860 4451 2925 4512 in
2966 4450 3200 4532 quibus
3229 4449 3402 4513 scili-

1909 4560 2008 4615 cet
2035 4551 2391 4613 sacerdotes
2423 4548 2996 4627 commorabantur,
3037 4568 3164 4612 non
3195 4548 3400 4611 domi·-

1909 4650 2260 4723 nabantur3
2294 4659 2366 4710 ut
2393 4652 2674 4726 fideliter
2692 4652 3153 4710 distribuerent
3171 4651 3403 4726 fratri—

1911 4752 2024 4809 bus
2051 4750 2213 4818 suis,
2243 4754 2397 4829 puta
2435 4746 2693 4824 Levitis,
2722 4757 2939 4825 partes
2978 4746 3394 4824 decimarum,

1911 4848 2270 4909 minoribus
2312 4856 2504 4925 atque
2542 4848 2926 4924 majoribus,
2960 4843 3251 4907 faciendo
3299 4845 3399 4924 ju·-

1911 4954 2073 5007 stam
2122 4944 2503 5008 divisionem
2549 4944 2939 5007 decimarum
2981 4943 3299 5005 universis
3340 4950 3404 5005 et

1913 5044 2183 5125 singulis
2214 5043 2342 5104 illis
2376 5062 2389 5106 :
2424 5043 2589 5105 sicut
2618 5062 2729 5124 per
2757 5042 3068 5123 justitiam
3101 5040 3405 5103 distribu-

1915 5145 2109 5207 tivam
2161 5143 2344 5205 datur
2374 5142 2720 5222 unicuique
2760 5141 2931 5222 quod
2979 5140 3037 5203 ei
3084 5139 3398 5211 debetur3

1913 5244 2193 5320 exceptis
2224 5242 2531 5312 maribus,
2556 5244 2635 5301 ab
2654 5242 2849 5301 annis
2872 5240 3075 5300 tribus
3094 5249 3151 5298 et
3172 5258 3401 5316 supra,

1915 5342 2165 5402 cunctis
2203 5341 2320 5420 qui
2358 5341 2889 5417 inorediebantur
2933 5341 3243 5414 templum
3282 5340 3405 5397 Do-
