4309 6259
104 1418 231 1459 [ἰθὺν.
248 1430 323 1466 xm,

92 4474 293 4523 datumst
308 4479 339 4517 t.

96 4728 149 4765 -.3.

124 4858 230 4904 Ibat.
250 4875 336 4911 xvi,

96 4922 147 4961 t».

112 4662 133 4703 1
136 4664 214 4706 bid.
225 4677 339 4713 xxxi,

95 4728 111 4747 ⁴

1166 538 1509 587 amanum
1553 542 1613 586 m
1658 532 1793 587 cAP.
1843 528 2039 587 xxxin
2079 529 2205 588 loa.
2250 562 2330 571 —
2371 534 2512 589 Am.
2561 535 2658 591 mn

3334 521 3454 589 659

356 731 496 773 eam
518 732 637 773 sua
658 712 927 774 assertio
950 712 1360 793 apparentius
1383 712 1861 774 confutatur.Dc-
1890 710 1939 773 A
1969 714 2460 793 cogitationibus
2491 724 2553 777 ct
2581 714 3034 778 affectionibus
3058 714 3449 791 inordinatiS,

358 810 580 891 nique,
610 811 962 871 secundum
994 810 1388 889 Gregorinm,
1416 811 1858 891 arrogantibus

358 909 694 990 proprium
717 917 835 983 est,
862 917 930 970 ut
959 918 1302 990 antequam
1335 908 1579 989 aliquid
1611 910 1853 982 dicunt,

353 1007 521 1068 mira
556 1026 624 1069 sc
656 1007 938 1070 dicturos
972 1008 1359 1083 existiment,
1380 1016 1441 1070 et
1472 1007 1855 1070 locutionem

354 1125 539 1167 suam
584 1106 877 1168 mirando
921 1106 1315 1187 praeveniant
1352 1123 1365 1167 :
1405 1106 1556 1186 quia
1597 1105 1744 1187 [vel]
1788 1106 1856 1167 in

354 1204 563 1265 acutis
594 1204 891 1266 sensibus
922 1205 1063 1286 ipsa
1091 1204 1281 1266 elatio
1322 1210 1558 1284 quanta
1601 1203 1857 1267 fatuitas

358 1303 464 1379 sit,
504 1303 823 1382 ignorant.
861 1303 1017 1365 ilinc
1058 1303 1286 1364 Paulus
1328 1304 1621 1365 Hebraeos
1662 1302 1858 1365 subli-

358 1402 549 1464 miter
588 1403 983 1477 exhortatuS‚
1016 1402 1349 1482 subjunxit
1385 1419 1398 1462 :
1434 1402 1605 1483 Rogo
1643 1410 1855 1463 autem

360 1521 495 1577 VOS,
534 1500 787 1572 fratreS‚
826 1509 895 1563 ut
936 1499 1265 1562 sufferatis
1300 1500 1561 1563 verbum
1606 1501 1851 1573 solatii3

356 1599 597 1661 etenim
634 1598 971 1680 perpaucis
1003 1597 1230 1679 scripsi
1251 1597 1455 1660 vohis.
1475 1598 1615 1659 Elin
1644 1606 1853 1661 autem

359 1698 658 1778 quaedam
710 1697 924 1757 inania
978 1696 1264 1778 protulit,
1298 1704 1358 1758 et
1404 1696 1589 1777 quasi
1637 1715 1859 1759 conso-

360 1797 554 1857 lando
586 1795 923 1877 subJ'ungit
949 1813 963 1855 :
994 1795 1361 1857 Miraculum
1394 1814 1604 1857 mcum
1638 1814 1765 1857 non
1798 1805 1856 1857 te

1966 822 2026 871 et
2052 816 2287 891 absque
2313 817 2570 884 delicte,
2601 813 2660 874 id
2704 821 2799 875 est
2844 815 2983 876 sinc
3029 813 3218 894 culpa
3263 813 3455 877 omis-

1968 910 2188 987 sionis,
2228 916 2682 975 z'mmaculatus
2724 931 2987 995 corpore
3029 932 3066 975 a
3106 911 3281 974 vitiis
3323 931 3453 975 car-

1969 1026 2089 1083 nis,
2122 1019 2183 1069 ec
2223 1030 2347 1070 non
2389 1020 2478 1070 est
2517 1013 2835 1089 iniquitas
2873 1008 3341 1072 commissionis
3379 1028 3452 1071 ac

1966 1126 2229 1190 operum
2293 1128 2403 1171 seu
2455 1110 2785 1190 injustitiae
2834 1118 3052 1172 contra
3101 1110 3298 1171 Deum
3345 1116 3454 1169 aut

1967 1207 2348 1288 proximum,
2372 1212 2442 1268 in
2475 1230 2592 1270 me.
2617 1210 2688 1269 Et
2719 1210 2840 1271 hoc
2861 1207 3002 1270 Elin
3035 1207 3454 1289 accipit,qua-

1967 1306 2018 1366 si
2049 1306 2164 1368 Job
2184 1306 2396 1370 dicere
2427 1308 2756 1382 voluisset,
2777 1308 2945 1388 quod
2977 1305 3138 1368 nulli
3171 1325 3450 1386 unquam

1967 1412 2225 1484 peccato
2257 1404 2449 1465 etiam
2481 1404 2716 1467 veniali
2748 1404 3088 1485 subjacuit,
3121 1422 3320 1485 quum
3362 1411 3454 1464 ta-

1966 1521 2111 1564 men
2159 1501 2275 1564 Job
2323 1502 2514 1583 hujus
2561 1504 2922 1586 oppositum
2975 1503 3180 1565 fassus
3222 1502 3325 1578 sit,
3357 1501 3452 1564 di-

1965 1620 2114 1663 cens
2150 1618 2163 1661 :
2199 1601 2457 1664 Peccavi
2495 1620 2508 1663 :
2542 1603 2698 1684 qnid
2732 1602 2960 1665 faciam
2996 1601 3134 1677 tibi,
3170 1621 3208 1666 o
3237 1610 3448 1665 custos

1966 1699 2345 1761 hominnm?
2375 1700 2448 1761 Et
2492 1702 2702 1763 denuo
2737 1720 2752 1763 τ
2789 1702 2880 1762 Tu
2909 1700 3169 1781 quidem
3196 1718 3450 1779 gressus

1967 1816 2139 1860 meos
2170 1799 2734 1871 dinumerasti‚sed
2759 1818 2944 1882 parce
2965 1798 3240 1881 peccatis
3270 1800 3446 1862 meis,

356 1903 617 1968 terreat,
645 1902 707 1955 et
740 1893 1108 1974 eloquentia
1138 1913 1278 1955 mea
1311 1913 1437 1956 non
1469 1894 1553 1955 sit
1584 1893 1699 1956 tibi
1726 1912 1857 1973 gra·
1892 1896 1937 1956 B
1964 1896 2099 1958 Non
2144 1897 2360 1978 itaque
2397 1917 2433 1958 a
2478 1898 2837 1961 venialibus
2883 1917 3142 1980 prorsus
3180 1898 3452 1960 asseruit

360 1993 480 2055 νίς.
516 1992 627 2054 llle
659 1992 827 2054 dicta
870 2012 1003 2067 sua,
1040 1991 1305 2054 verbum
1340 1991 1583 2065 solatii;
1618 1992 1722 2054 hic
1752 2012 1857 2055 ve-

360 2110 453 2160 ro,
488 2090 925 2170 eloquentiam
957 2098 1023 2151 et
1050 2090 1427 2151 miraculum
1464 2099 1666 2153 vocat.

440 2191 697 2250 Dimisti
737 2209 882 2266 erqo
924 2191 995 2247 in
1037 2192 1307 2248 auribus
1348 2192 1527 2259 meiS,
1558 2200 1616 2249 cc
1646 2209 1855 2249 vocem

361 2290 707 2348 verborum
759 2298 1019 2347 tuorum
1067 2290 1322 2348 audivi.
1368 2288 1715 2369 Dupliciter
1765 2287 1858 2348 di-

358 2385 529 2446 citur
580 2385 828 2467 aliquid
874 2385 1059 2446 alteri
1106 2386 1232 2447 dici
1280 2384 1345 2446 in
1391 2384 1651 2447 auribus
1692 2385 1854 2466 ejus,

360 2484 593 2560 Primo,
642 2484 794 2565 quia
845 2484 1091 2547 occulte
1138 2484 1198 2545 ei
1249 2484 1403 2564 quid
1452 2484 1706 2560 dicitur,
1750 2502 1859 2545 ore

360 2583 690 2663 loquentis
720 2583 1039 2664 applicato
1079 2582 1341 2644 auribus
1379 2581 1717 2643 audientis
1756 2582 1860 2643 Se—

360 2684 598 2758 cund0,
647 2683 802 2763 quia
843 2682 935 2745 sic
976 2681 1232 2758 dicitur,
1268 2683 1439 2762 quod
1486 2681 1678 2744 verba
1721 2700 1860 2763 per—

364 2783 624 2861 tingunt.
662 2800 867 2862 usque
908 2783 986 2844 ad
1029 2800 1214 2843 aures
1257 2780 1859 2861 perceptionemque

362 2879 686 2943 audientis
722 2897 736 2941 ε
774 2888 837 2941 et
880 2880 969 2941 ita
1016 2879 1321 2959 intelligit
1368 2878 1529 2939 Elin.
1569 2882 1859 2939 Mundus

358 3001 501 3039 sum
522 2998 651 3055 390,
672 2989 731 3039 et
753 2981 985 3057 absque
1004 2980 1233 3038 delicto
1244 3001 1270 3047 ,·
1298 2980 1775 3046 immaculatam,
1799 2987 1858 3037 et

1963 2014 2030 2057 se
2063 1995 2435 2058 immunem.

2046 2096 2212 2162 Quia
2244 2099 2535 2173 querelas
2567 2097 2640 2154 in
2669 2115 2769 2155 me
2797 2097 3034 2171 reperit
3066 2115 3088 2153 .·
3119 2093 3182 2156 id
3214 2101 3330 2169 est,
3365 2092 3455 2155 ita

1965 2209 2031 2251 se
2060 2190 2228 2253 circa
2259 2211 2359 2253 me
2390 2191 2634 2269 habuit,
2667 2192 2833 2254 sicut
2871 2191 2983 2273 qui
3023 2192 3101 2255 de
3139 2190 3266 2254 alio
3307 2209 3454 2253 con-

1964 2289 2276 2368 queritur,
2303 2298 2366 2352 et
2395 2290 2453 2353 ei
2485 2291 2649 2352 mala
2678 2290 2975 2372 imponit,
2999 2309 3199 2371 quum
3232 2288 3341 2351 ille
3369 2289 3454 2351 sit

1966 2386 2287 2451 innocens.
2304 2388 2598 2451 Albertus
2629 2397 2841 2450 autem
2863 2388 3123 2470 exponit
3152 2387 3274 2449 sic:
3299 2385 3456 2460 Quia

1968 2486 2280 2565 querelaS,
2314 2495 2460 2563 etc.,
2498 2486 2560 2549 id
2593 2495 2708 2564 est,
2734 2486 3096 2550 occasiones
3127 2485 3457 2550 invenien-

1965 2584 2031 2645 di
2062 2585 2354 2664 querelas
2383 2586 2684 2647 adversus
2714 2605 2813 2649 me
2853 2584 3114 2648 molitus
3154 2593 3270 2646 est.
3303 2587 3453 2645 Ideo

1967 2684 2326 2743 arbitratus
2363 2694 2451 2745 esc
2492 2704 2590 2744 mc
2627 2685 2970 2745 inimicum
3008 2685 3153 2744 sibi.
3189 2682 3317 2745 Hoc
3357 2702 3457 2744 su-

1966 2780 2083 2841 mit
2112 2800 2191 2843 ex
2220 2800 2296 2843 co
2329 2782 2499 2861 quod
2529 2782 2645 2844 Job
2675 2801 2866 2864 supra
2904 2781 3085 2857 dixit,
3120 2780 3455 2862 alloquens

1965 2886 2157 2958 atque
2209 2878 2604 2959 interrogans
2655 2881 2848 2942 Deum
2885 2879 3205 2953 :Quantas
3251 2878 3455 2942 habeo

1968 2976 2339 3057 iniquitates
2371 2987 2432 3039 et
2464 2982 2754 3059 peccata?
2776 2978 3016 3041 scelera
3040 2997 3180 3040 mea
3212 2985 3275 3041 et
3301 2977 3456 3040 deli-

362 3098 489 3137 non
512 3088 603 3137 est
625 3078 946 3157 iniquitas
972 3079 1041 3137 ιή
1062 3097 1181 3136 me.
1207 3075 1335 3137 Hoc
1362 3073 1717 3137 formaliter
1742 3073 1858 3138 Job
1891 3072 1937 3136 C
1968 3085 2063 3138 cta
2096 3076 2360 3138 ostende
2389 3076 2712 3137 mihi.Cur
2735 3075 2965 3139 faciem
2997 3085 3170 3138 tuam
3200 3075 3457 3138 abscon-

359 3194 489 3239 non
542 3174 706 3236 dixit
748 3200 762 3250 3
816 3180 877 3235 et
927 3174 1220 3254 quamvis
1272 3173 1562 3253 quaedam
1624 3172 1859 3234 similia

360 3272 655 3355 protulit,
692 3291 820 3336 non
852 3280 1065 3334 tamen
1094 3272 1171 3334 ad
1204 3290 1459 3333 sensum
1492 3290 1682 3351 quern
1715 3270 1856 3331 Elin

363 3372 512 3434 inde
554 3370 731 3433 elicit
770 3379 835 3433 et
873 3370 1166 3432 intendit.
1200 3370 1486 3450 Denique
1525 3370 1719 3432 moris
1764 3376 1859 3431 est

362 3470 789 3551 quorumdam
818 3469 1035 3531 animo
1068 3468 1485 3542 fervidorum,
1519 3469 1670 3529 dum
1701 3468 1857 3549 quid

368 3568 493 3630 sibi
552 3568 904 3651 displicens
962 3568 1253 3641 andiunt,
1306 3567 1463 3628 illud
1514 3567 1858 3648 repetendo

362 3684 767 3747 exaggerare,
800 3666 1075 3746 aliisque
1107 3665 1319 3727 verbis
1352 3665 1573 3728 durius
1604 3665 1854 3727 iterare.

362 3760 697 3827 Passiones
727 3764 1021 3844 equidem
1056 3763 1301 3825 ratione
1334 3782 1460 3825 non
1500 3763 1854 3838 refrcnatre,

366 3863 617 3925 faciunt
647 3882 683 3924 a
715 3862 925 3925 medio
958 3862 1214 3923 virtutis
1252 3881 1327 3923 ac
1368 3862 1652 3923 veritatis
1693 3880 1861 3923 rece-

363 3962 537 4024 dere.
574 3959 852 4041 imponit
896 3967 1106 4021 autem
1155 3958 1297 4019 Elin
1351 3958 1473 4039 ipsi
1518 3958 1655 4034 Job,
1689 3959 1859 4039 quod

362 4058 561 4122 verba
595 4058 728 4121 haec
760 4058 1010 4134 dixerit,
1045 4057 1197 4138 quia
1231 4058 1362 4137 jam
1405 4055 1772 4137 frequenter
1802 4064 1863 4117 ct

365 4156 613 4219 diffuse
664 4175 809 4218 suas
862 4156 1153 4218 recitavit
1194 4155 1495 4236 justitiaS,
1531 4162 1722 4235 atque
1763 4154 1863 4235 ju-

1966 3174 2168 3250 diS,et
2197 3174 2526 3236 arbitraris
2557 3194 2656 3235 me
2688 3174 3018 3236 inimicum
3051 3176 3276 3236 tuum?
3308 3172 3450 3248 Sed,

1970 3280 2037 3332 ut
2064 3290 2140 3333 ex
2170 3271 2358 3334 dictis
2392 3272 2458 3332 in
2489 3271 2886 3353 expositione
2923 3272 3264 3335 verborum
3309 3271 3458 3334 isto-

1969 3389 2107 3431 rum
2140 3370 2391 3445 claruit,
2426 3378 2679 3432 sanctus
2708 3369 2824 3432 Job
2852 3370 2929 3431 ad
2965 3369 3151 3432 talem
3196 3388 3456 3432 sensum

1968 3487 2094 3530 non
2148 3468 2410 3549 protulit
2459 3467 2650 3530 verba
2699 3466 2853 3543 haec,
2890 3468 2966 3529 ad
3013 3468 3266 3548 qualem
3317 3468 3458 3529 Elin

1968 3586 2038 3629 ea
2089 3574 2434 3646 retorquet.
2489 3566 2622 3627 Non
2673 3565 2845 3627 enim
2897 3566 3060 3627 Deus
3118 3565 3457 3627 insidiatur

1968 3664 2211 3726 homini
2265 3672 2563 3743 tanquam
2607 3663 2982 3737 malevoluS,
3016 3670 3085 3725 ut
3115 3662 3325 3743 capiat
3353 3663 3457 3725 vel

1967 3761 2422 3825 circumveniat
2464 3780 2631 3823 cum.
2665 3761 2794 3823 Imo
2835 3760 3047 3842 potius
3089 3760 3456 3822 occasiones

1968 3861 2313 3923 miserendi
2348 3859 2649 3941 exquirit.
2682 3860 2914 3921 Posuit
2945 3860 3016 3917 in
3047 3878 3241 3919 nervo
3268 3860 3457 3935 pedes

1968 3980 2155 4028 meae,
2199 3968 2267 4020 ut
2307 3978 2408 4020 me
2439 3957 2620 4038 quasi
2651 3964 2906 4038 captum
2939 3964 3221 4030 teneret3
3264 3966 3322 4016 et
3351 3977 3457 4016 cu-

1966 4059 2253 4127 stodivit,
2288 4057 2350 4118 id
2383 4064 2497 4130 est,
2533 4057 2612 4119 ad
2644 4056 3036 4138 puniendum
3069 4055 3451 4130 observavit,

1968 4175 2182 4216 omnes
2209 4157 2467 4215 semitas
2499 4176 2694 4224 meas,
2725 4163 2796 4215 ut
2834 4153 3195 4217 occasiones
3237 4161 3455 4215 contra

370 4265 541 4318 stum
593 4275 661 4317 se
704 4273 843 4317 esse
884 4254 1197 4337 probavit,
1235 4273 1351 4315 nec
1394 4252 1704 4315 meruisse
1748 4252 1864 4313 fla·
1894 4257 1943 4318 D
1971 4272 2072 4314 me
2112 4253 2436 4334 reperiret.
2473 4252 2679 4314 Verba
2721 4251 2854 4314 haec
2889 4252 3263 4333 jamdudum
3303 4250 3458 4313 scri-

368 4354 539 4435 gella
572 4352 696 4415 sibi
729 4352 925 4413 illata.
960 4352 1111 4414 Nam
1145 4351 1309 4413 inter
1339 4359 1547 4414 cetera
1576 4350 1645 4411 af
1652 4350 1676 4411 f
1681 4350 1865 4412 irma-

371 4454 466 4515 vit
500 4470 513 4514 :
549 4449 831 4529 vestigia
859 4450 1020 4531 ejuS,
1058 4450 1300 4512 scilicet
1328 4449 1460 4525 Dei,
1488 4457 1740 4511 secutus
1770 4457 1865 4511 est

372 4572 484 4635 pes
528 4568 717 4638 ‘meus
758 4570 773 4623 3
826 4548 995 4611 viam
1044 4548 1181 4629 ejus
1234 4548 1571 4623 custodivi,
1626 4556 1688 4609 et
1737 4566 1863 4609 non

371 4646 693 4713 declinavi
744 4667 821 4711 ex
866 4665 961 4709 ea.
1004 4647 1284 4727 Itemque
1322 4662 1333 4705 :
1372 4646 1632 4726 Semper
1680 4645 1863 4726 quasi

372 4755 693 4811 tumentes
722 4764 913 4827 super
934 4764 1035 4807 me
1070 4743 1307 4806 fluctus
1342 4743 1522 4805 timui
1554 4742 1865 4805 Deum.Et

370 4865 589 4908 rursus
617 4861 630 4904 :
656 4844 799 4906 Haec
824 4862 1049 4924 passus
1082 4862 1221 4902 sum
1253 4842 1495 4920 absque
1526 4840 1863 4920 iniquitate

368 4962 599 5005 manus
646 4960 825 5016 meae,
869 4959 1066 5021 quum
1118 4938 1417 5000 haberem
1469 4938 1737 4999 mundas
1784 4939 1862 5000 ad

372 5042 565 5104 Deum
601 5058 845 5122 preceS.

445 5140 733 5220 Insuper,
770 5135 1065 5218 quamvis
1099 5134 1287 5198 verba
1322 5134 1577 5197 inducta
1618 5135 1865 5197 soleant

365 5237 571 5320 accipi
615 5254 732 5318 pro
777 5236 1023 5309 eodem,
1072 5242 1279 5295 tamen
1327 5232 1429 5296 hic
1472 5242 1741 5315 possunt
1770 5234 1864 5295 di-

365 5335 607 5416 stingui
652 5336 773 5397 hoc
812 5334 1000 5395 modo
1038 5350 1051 5393 ε
1090 5335 1379 5393 Mundus
1418 5354 1562 5391 sum
1600 5332 1787 5393 corde
1827 5352 1862 5394 a

1972 4359 2075 4432 pta
2122 4359 2315 4432 atque
2365 4350 2649 4431 exposita
2697 4358 2864 4423 sunt,
2907 4358 3099 4429 atque
3146 4368 3221 4411 ex
3267 4348 3457 4411 dictis

1973 4448 2208 4511 ibidem
2252 4448 2538 4530 patescit,
2570 4448 2741 4529 quod
2782 4449 3130 4511 secundum
3163 4447 3334 4511 hunc
3362 4447 3458 4509 in-

1974 4547 2296 4609 tellectum
2348 4547 2571 4609 beatus
2618 4546 2735 4608 Job
2777 4547 2968 4609 verba
3017 4564 3145 4608 non
3194 4545 3460 4628 protulit

1972 4644 2112 4706 ista.

2052 4747 2188 4805 Hoc
2215 4752 2304 4803 est
2332 4764 2480 4820 erqo
2511 4745 2583 4803 in
2615 4762 2739 4821 quo
2771 4762 2896 4803 non
2927 4764 2987 4802 es
3003 4744 3408 4821 justificat-us
3437 4758 3460 4803 .·

1973 4839 2035 4903 id
2084 4850 2202 4917 est,
2231 4842 2526 4923 quamvis
2579 4841 2644 4902 in
2677 4840 2853 4902 nullo
2887 4839 3013 4902 alio
3057 4840 3456 4917 excessisseS,

1972 4958 2164 5020 qnam
2204 4939 2270 5000 in
2304 4939 2514 5003 verbis
2553 4940 2652 5000 his
2681 4940 2808 5001 Deo
2850 4937 2942 4999 sic
2985 4938 3456 5018 derogantibus,

1971 5037 2213 5100 clarum
2265 5046 2430 5099 esset
2471 5039 2642 5119 qnod
2693 5036 2971 5117 graviter
3019 5034 3457 5098 offendisses:

1970 5136 2141 5217 quod
2173 5154 2392 5197 verum
2427 5135 2616 5212 est,si
2647 5134 2762 5196 Job
2802 5143 2930 5196 tam
2965 5133 3128 5195 male
3159 5134 3461 5196 sensisset

1970 5236 2047 5296 de.
2096 5234 2243 5308 Dee,
2295 5241 2400 5295 aut
2451 5252 2705 5296 sensum
2767 5233 2934 5294 bunc
2994 5232 3454 5312 praetendisset.

1969 5332 2294 5408 Praeterea,
2328 5332 2504 5411 juxta
2531 5330 2924 5411 Gregorium,
2959 5348 3139 5392 mens
3167 5349 3457 5411 arrogan-

3489 1620 3574 1663 Job
3589 1634 3660 1670 vu,
3673 1622 3740 1662 2⁰.

3513 1718 3630 1763 Ιὸίά.
3657 1733 3742 1769 xiv,

3485 1786 3547 1824 16.

3519 2900 3636 2945 Ιὸίά.
3659 2914 3746 2951 xm,

3483 2967 3551 3021 23,
3571 2966 3637 3006 24.

3519 4274 3638 4319 lbid.
3660 4276 3727 4317 27.
