4309 6259
858 497 939 562 94

1416 514 1763 564 manuue
1804 515 1867 560 m
1908 513 2045 560 ω.
2092 511 2240 558 XXIV
2283 512 2440 558 1.le
2483 512 2706 568 onaan
2745 513 2970 560 RBGUH.
3015 533 3098 544 -·
3135 515 3278 560 ΛΒΤ.
3322 513 3470 560 xxv1

852 687 1198 765 ignoscere,
1219 687 1559 751 relaxando
1584 686 1863 750 debitam
1896 703 2187 767 poenam;
2213 684 2344 746 cul·
2371 682 2424 744 A
2455 687 2758 757 Nohesta‚
2775 689 2922 765 filia
2953 689 3315 758 Etnathan,
3345 689 3425 746 de
3448 689 3827 747 Jerusalem.
3851 685 3942 744 Et

854 802 999 865 pam
1052 793 1263 848 tamen
1312 785 1773 868 poenilentibus
1822 803 1971 846 vere
2019 781 2286 845 indulsit
2323 799 2338 842 :

853 881 983 946 imo
1009 883 1163 965 quia
1192 903 1309 966 pro
1342 885 1615 946 maxima
1658 891 1839 966 parte
1881 882 2049 958 duri,
2082 879 2344 944 incorri-

849 981 1208 1064 gibilesque
1238 981 1518 1058 fuerunt,
1540 983 1705 1045 sicut
1734 982 2045 1044 Manasses
2074 981 2154 1043 ad
2185 989 2342 1042 tem-

850 1099 995 1163 puS,
1058 1081 1202 1144 ideo
1252 1089 1380 1144 tam
1439 1082 1577 1144 dire
1635 1080 1868 1164 puniti,
1922 1089 1986 1142 et
2030 1078 2339 1142 Dominus

852 1179 1057 1241 noluit
1086 1180 1179 1242 eis
1211 1179 1567 1262 propitiari.

915 1281 1195 1358 Reliqua
1214 1289 1430 1340 autem
1448 1298 1817 1338 sermonum
1832 1280 1995 1338 Joak
2004 1277 2095 1336 im
2113 1285 2175 1335 et
2195 1277 2342 1335 uni-

849 1397 1031 1437 versa
1059 1399 1203 1457 quoe
1231 1378 1407 1455 fecit,
1428 1397 1639 1438 nonne
1666 1379 1800 1438 kaec
1818 1378 2059 1452 scripta
2089 1384 2242 1435 sunt
2265 1376 2336 1433 in

848 1476 1012 1534 libro
1042 1477 1431 1536 Sermonum
1459 1477 1719 1534 dierum
1748 1492 1971 1550 requm
2001 1475 2225 1533 Iuda?
2252 1474 2339 1532 Et

845 1574 1159 1632 dormivit
1186 1575 1445 1633 Joakim
1474 1593 1621 1632 cum
1645 1573 1947 1649 patribus
1964 1573 2127 1640 suis,
2148 1568 2214 1630 id
2243 1577 2340 1631 est

846 1669 1189 1733 defunctus
1237 1679 1353 1747 est,
1407 1689 1535 1733 non
1586 1679 1796 1732 tamen
1846 1669 1914 1730 in
1966 1688 2122 1751 pace
2158 1685 2172 1729 :
2209 1667 2338 1730 imo

848 1768 1131 1831 violenta
1158 1769 1404 1832 occisus
1433 1778 1529 1832 est
1558 1777 1761 1832 morte
1792 1787 1829 1830 a
1848 1767 2341 1830 Nabuchodono-

2450 784 2604 861 fecit
2635 789 2884 846 malum
2921 807 3138 846 coram
3169 787 3463 856 DominO,
3482 785 3692 861 juaeta
3717 783 3940 843 omnia

2449 906 2594 964 quoe
2619 886 2907 960 fecerant
2929 894 3149 961 patres
3165 885 3328 962 ejus.

2528 986 2612 1043 In
2645 986 2759 1043 illo
2784 994 3058 1060 tempore
3077 985 3502 1043 ascenderunt
3529 982 3701 1040 servi
3721 981 3943 1042 Nabu-

2449 1083 2836 1142 chodonosor
2869 1083 3037 1158 reqis
3067 1082 3420 1158 Babylonis
3455 1081 3528 1140 in
3554 1081 3936 1147 Jerusalem,

2451 1180 2513 1243 id
2545 1189 2641 1243 est
2669 1200 2874 1263 usque
2919 1181 2996 1242 ad
3027 1199 3189 1243 eam.
3225 1180 3350 1242 Rex
3395 1179 3566 1242 enim
3599 1176 3940 1259 Babylonis

2448 1278 2758 1360 praemisit
2804 1279 2958 1342 illuc
3005 1297 3190 1340 suum
3239 1276 3607 1351 exercitum,
3653 1283 3724 1336 ut
3766 1273 3943 1337 Jose-

2449 1376 2614 1458 phus
2664 1376 2988 1440 insinuare
3035 1376 3309 1439 videtur.
3359 1373 3943 1438 Nabuchodonosor

2449 1495 2724 1557 namque
2764 1496 2962 1557 quum
3005 1476 3305 1558 coepisset
3334 1474 3589 1550 reverti,
3623 1472 3820 1554 coepit
3867 1472 3938 1533 in

2448 1574 2550 1637 via
2593 1574 2904 1656 suspicari
2944 1594 3018 1636 ac
3058 1572 3426 1649 formidare,
3459 1571 3628 1654 quod
3670 1570 3938 1634 Joachin

2447 1673 2568 1736 iste
2599 1671 2785 1736 fieret
2815 1672 2939 1735 sibi
2975 1672 3259 1735 infidelis
3303 1680 3494 1752 atque
3541 1670 3822 1746 rebelliS,
3859 1687 3939 1732 eo

2447 1773 2618 1853 quod
2650 1780 2893 1854 patrem
2925 1791 3110 1833 suum
3153 1771 3471 1834 occiderat
3507 1787 3520 1831 :
3558 1769 3795 1831 idcirco
3830 1768 3941 1830 de-

849 1885 952 1929 SOl'
973 1885 1141 1948 rege,
1162 1868 1699 1949 quemadmodum
1730 1867 1795 1930 in
1820 1866 2212 1930 Scholastica
2239 1865 2336 1926 hi-
2372 1866 2419 1929 Β
2448 1870 2646 1935 crevit
2689 1871 2919 1947 redire,
2953 1870 3118 1933 sicut
3162 1877 3367 1932 textus
3411 1875 3648 1930 narrat.
3683 1869 3768 1928 Et
3810 1869 3940 1926 cir-

848 1965 1041 2028 storia
1068 1966 1273 2029 fertur
1301 1986 1377 2029 ex
1404 1967 1698 2049 losepho.
1732 1966 1977 2050 Joakim
2016 1965 2188 2028 enim
2221 1964 2337 2026 Na-

845 2064 1333 2129 buchodonosor
1390 2085 1601 2148 regem
1648 2067 1770 2128 sub
1818 2062 2031 2146 specie
2080 2071 2143 2126 et
2192 2062 2335 2144 jure

848 2159 1106 2224 foederis
1136 2163 1426 2244 permisit
1462 2164 1699 2226 intrare
1742 2163 2062 2226 civitatem
2091 2160 2336 2223 Jerusa-

845 2258 972 2322 lem
999 2278 1229 2342 :quam
1260 2262 1606 2342 ingressuS,
1633 2260 1831 2324 fidem
1853 2269 1917 2323 et
1948 2259 2158 2322 foedus
2188 2276 2332 2321 mox

846 2356 1055 2444 fregit,
1093 2360 1431 2442 ipsumque
1459 2359 1701 2423 Joakim
1735 2357 2078 2434 interfecit,
2104 2366 2168 2420 et
2197 2375 2334 2420 cor-

845 2477 967 2539 pus
1004 2457 1143 2539 ejus
1181 2469 1357 2522 extra
1394 2477 1609 2521 muros
1654 2457 1881 2540 projici
1917 2457 2130 2538 jussit,
2167 2456 2334 2518 sicut

590 2578 813 2626 lenna.
845 2557 1221 2639 praedixerat
1250 2557 1574 2632 ieremias,
1610 2556 1967 2639 Sepultura,
2004 2555 2325 2635 inquienS,

551 2643 617 2684 ¹⁹·
842 2655 1008 2718 asini
1040 2656 1404 2739 sepelietur.
1428 2655 1670 2718 Occidit
1689 2673 1947 2738 quoque
1968 2653 2158 2716 simul
2183 2671 2329 2714 cum

837 2753 1081 2818 Joakim
1110 2755 1379 2837 juvenes
1411 2752 1795 2816 fortissimos
1815 2773 1887 2816 ac
1920 2751 2200 2815 famosos
2227 2768 2241 2814 τ
2267 2759 2331 2812 et

838 2852 985 2915 ideo
1010 2872 1137 2916 non
1168 2853 1444 2916 servavit
1476 2852 1625 2914 huic
1640 2851 1885 2915 Joakim
1918 2849 2138 2926 fidem,
2165 2867 2324 2930 quo-

2445 1973 2746 2031 cumdata
2774 1980 2864 2030 est
2893 1971 3044 2030 urbs
3068 1969 3567 2035 munitionibus,
3589 1965 3652 2027 id
3683 1973 3780 2028 est
3801 1965 3942 2027 bel-

2445 2068 2584 2131 licis
2625 2067 2976 2140 machinis3
3023 2070 3323 2146 venitque
3354 2066 3940 2128 Nabuchodonosor

2443 2187 2559 2226 rex
2579 2168 2932 2244 Babylonis
2949 2169 3038 2226 ad
3056 2168 3388 2225 civitatem
3407 2184 3545 2224 cum
3563 2165 3764 2222 servis
3781 2163 3938 2230 suis,

2445 2266 2557 2346 qui
2607 2284 2819 2328 secum
2861 2272 3323 2341 remanserunt,
3369 2274 3442 2323 ut
3489 2271 3942 2340 oppuynarent

2443 2385 2606 2425 eam.
2651 2368 3070 2442 E'yressusque
3097 2372 3186 2422 est
3203 2363 3478 2423 Joachin
3505 2381 3625 2420 rea:
3641 2363 3820 2420 Juda
3847 2361 3940 2419 ad

2439 2483 2650 2539 reyem
2685 2463 3056 2538 Babylonis.
3091 2459 3218 2521 Hoc
3249 2457 3404 2520 fecit
3431 2455 3692 2520 Joachin
3725 2475 3800 2518 ex
3833 2455 3942 2518 ad-

2441 2558 2902 2621 monitionibus
2947 2557 3255 2632 Jeremiae,
3291 2575 3373 2618 ne
3419 2555 3501 2618 ob
3550 2573 3731 2616 suam
3783 2553 3940 2616 resi-

2439 2657 2736 2719 stentiam
2765 2665 2987 2719 contra
3017 2674 3230 2736 regem
3261 2652 3594 2729 Chaldaeae,
3622 2653 3852 2715 civitas
3873 2661 3938 2715 et

2442 2757 2746 2840 templum
2797 2765 2859 2818 et
2902 2764 3067 2819 totus
3108 2755 3382 2837 populus
3421 2772 3576 2815 suus
3620 2752 3941 2835 periclita-

2439 2865 2680 2918 rentur.
2715 2859 2858 2933 Ipse
2895 2864 2954 2915 et
2996 2863 3200 2914 mater
3231 2855 3370 2931 ejus
3399 2862 3459 2912 et
3496 2855 3670 2912 servi
3706 2853 3850 2929 ejus
3875 2860 3938 2910 et

838 2951 1009 3013 niam
1050 2951 1187 3033 ipse
1222 2951 1467 3013 Joakim
1503 2950 1634 3032 jam
1677 2950 1736 3012 ei
1778 2949 2157 3013 fidelitatem
2199 2966 2326 3010 non
2430 2956 2762 3031 principes
2790 2962 2849 3012 et
2866 2953 3152 3012 eunuchi
3175 2952 3318 3029 ejus
3347 2972 3371 3010 .·
3399 2950 3514 3032 qui
3547 2967 3772 3013 omnes
3808 2968 3938 3012 una

834 3049 1111 3112 servavit
1167 3049 1457 3130 negando
1508 3048 1840 3111 tributum.
1896 3051 1979 3110 E't
2027 3047 2326 3124 reynavit
2361 3049 2406 3114 C
2437 3069 2578 3113 cum
2609 3050 2872 3114 Joachin
2905 3067 3050 3130 rege
3081 3066 3196 3111 suo
3231 3048 3522 3111 exierunt
3562 3055 3627 3111 et
3658 3047 3939 3111 tradide-

829 3149 1100 3208 Joaclzin
1144 3150 1329 3226 filius
1365 3149 1505 3224 ejus
1533 3167 1659 3224 pro
1694 3167 1785 3207 e0.
1818 3145 2037 3208 Occiso
2086 3143 2323 3206 etenim

825 3245 1094 3322 Joakim,
1138 3264 1245 3309 rex
1292 3245 1871 3308 Nabuchodonosor
1914 3241 2127 3305 filium
2183 3242 2323 3322 ejus

832 3342 1091 3406 nomine
1119 3343 1381 3406 Joachin
1412 3343 1745 3407 constituit
1776 3361 2014 3424 regem.

897 3445 985 3504 Et
1006 3446 1185 3504 ultra
1206 3463 1334 3504 non
1356 3444 1618 3504 addidit
1638 3463 1755 3501 rex
1767 3443 2044 3518 AEyypti
2063 3451 2135 3501 ut
2154 3460 2328 3517 cyre-

832 3545 1095 3602 deretur
1113 3544 1191 3601 de
1213 3551 1385 3601 terra
1402 3562 1546 3612 sua,
1566 3540 1642 3602 ad
1674 3539 2181 3621 impugnandum
2206 3546 2328 3600 ter-

836 3640 1057 3703 ritoria
1084 3641 1316 3717 aliena,
1350 3659 1468 3703 nec
1497 3640 1689 3703 etiam
1720 3639 1796 3702 ad
1840 3638 2326 3720 repugnandum

834 3739 1198 3823 Babylonia.
1220 3739 1375 3820 regi.
1408 3743 1667 3801 Tulerat
1686 3741 1884 3809 enim,
1910 3736 1973 3799 id
1997 3745 2091 3798 est
2112 3736 2328 3798 abstu-

835 3837 1014 3914 lerat,
1047 3860 1164 3899 rem
1204 3838 1558 3915 Babylonis
1599 3837 1821 3896 omnia
1866 3855 2010 3913 quoe
2058 3836 2328 3913 fuerant

834 3939 1003 4014 reqis
1030 3939 1307 4015 AEqypti
1336 3959 1375 3996 a
1418 3938 1559 3997 rivo
1588 3936 1890 4011 AEyypti,
1926 3931 1991 3994 id
2032 3940 2129 3995 est
2159 3932 2322 4009 Nilo,

834 4042 903 4096 ut
930 4035 1132 4116 aliqui
1178 4035 1420 4108 dicunt,
1458 4032 1555 4096 vel
1598 4031 1724 4094 alio
1755 4031 1893 4094 rivo
1938 4029 2049 4111 qui
2092 4049 2171 4092 ex
2199 4048 2328 4091 una

832 4141 1013 4215 parte
1042 4132 1340 4195 terminat
1371 4130 1530 4192 illud
1562 4147 1849 4210 regnum,
1874 4149 2073 4208 usque
2092 4131 2181 4188 ad
2199 4131 2330 4203 flu-

2437 3155 2586 3210 runt
2617 3167 2684 3211 se
2716 3147 2846 3227 regi
2877 3147 3190 3211 Chaldaeo.
3226 3147 3485 3224 Tamen,
3521 3154 3592 3208 ut
3619 3145 3936 3227 Iosephus

2437 3254 2669 3322 narrat,
2720 3245 2980 3309 Joachin
3021 3245 3110 3307 ita
3155 3263 3224 3308 se
3269 3244 3680 3326 praesentavit
3729 3243 3938 3306 Nabu-

2434 3345 2833 3408 chodonosor
2861 3343 3015 3423 regi,
3042 3351 3302 3425 accepto
3323 3343 3692 3424 juramento
3727 3361 3766 3404 a
3783 3359 3936 3422 rege

2437 3443 2571 3519 illo,
2588 3444 2759 3524 quod
2791 3461 2906 3504 nec
2926 3442 3066 3524 ipse
3087 3460 3204 3504 nec
3226 3441 3454 3504 civitas
3479 3459 3598 3504 nec
3629 3439 3938 3503 exsisten-

2436 3549 2529 3604 tes
2560 3561 2772 3605 secum
2803 3549 3170 3622 paterentur
3199 3539 3354 3602 mali
3399 3539 3644 3620 aliquid
3679 3538 3762 3601 ab
3793 3539 3938 3622 ipso

2435 3638 3014 3703 Nabuchodonosor
3066 3647 3130 3701 et
3177 3636 3486 3700 Chaldaeis
3534 3654 3548 3699 :
3602 3637 3714 3718 qui
3763 3638 3938 3718 jura-

2437 3745 2720 3800 mentum
2751 3756 2937 3798 suum
2981 3754 3127 3799 mox
3170 3736 3597 3812 violaverunt,
3634 3745 3828 3819 prout
3867 3736 3936 3798 in

2437 3845 2611 3898 textu
2669 3834 3101 3916 subJungitur.
3156 3837 3243 3895 Et
3289 3837 3568 3913 suscepit
3621 3855 3770 3896 eum
3817 3857 3940 3896 rex

2435 3935 2792 4011 Babylonis
2821 3953 2994 3992 anno
3033 3943 3250 3992 octavo
3287 3935 3474 4010 reyni
3499 3936 3630 3994 sui.
3669 3936 3755 3994 Et
3783 3953 3940 4010 pro-

2439 4035 2616 4101 tulit,
2661 4031 2726 4094 id
2773 4039 2870 4092 est
2915 4029 3294 4112 exportavit,
3347 4031 3940 4094 Nabuchodonosor

2440 4133 2590 4190 inde
2635 4149 2848 4190 omnes
2889 4129 3216 4188 thesauros
3253 4131 3482 4188 domus
3525 4132 3826 4198 Domini,
3869 4129 3936 4191 id

832 4251 980 4292 men
1008 4233 1417 4309 Euphraten,
1446 4229 1619 4309 quod
1660 4227 1861 4290 currit
1904 4244 2017 4307 per
2047 4225 2330 4287 Chaldae-
2360 4231 2408 4292 D
2435 4236 2531 4290 est
2577 4226 2822 4308 templi,
2855 4237 2914 4288 et
2955 4227 3282 4287 thesauros
3329 4229 3560 4286 domus
3607 4229 3826 4305 reyioe,
3876 4239 3940 4289 et

835 4349 962 4406 am,
1002 4337 1067 4392 et
1109 4349 1221 4411 per
1254 4328 1535 4391 medium
1583 4325 1783 4401 urbiS,
1825 4323 2085 4387 nomine
2132 4323 2329 4405 Baby-

836 4427 968 4504 lon,
1004 4426 1419 4490 discurrebat.
1444 4423 1654 4488 Currit
1672 4439 1931 4504 quoque
1948 4422 2047 4500 (ut
2066 4420 2330 4500 legitur)

556 4555 806 4608 commu.
837 4544 951 4608 per
979 4524 1339 4588 Armeniam
1374 4523 1685 4584 minorem
1716 4527 1779 4583 et
1808 4519 2106 4595 Persium,
2140 4526 2328 4600 prout

836 4643 1029 4706 super
1072 4622 1368 4686 Genesim
1402 4621 1643 4683 dictum
1693 4627 1810 4682 est.
1862 4618 2076 4698 ltaque
2129 4626 2328 4680 terras

833 4741 993 4804 quas
1025 4740 1134 4784 rex
1162 4718 1412 4802 Egypti
1443 4717 1739 4780 bellando
1769 4714 2153 4791 obtinuerat,
2186 4715 2330 4777 abs-

836 4820 983 4882 tulit
1020 4819 1079 4883 ei
1120 4837 1234 4901 per
1278 4816 1496 4899 praelia
1544 4835 1650 4878 rex
1681 4813 2041 4896 BabyloniS,
2086 4821 2149 4874 et
2191 4820 2330 4874 tan-

832 4919 976 4980 dem
1005 4915 1269 4980 abstulit
1288 4915 1347 4978 ei
1369 4924 1601 4977 terram
1623 4911 1894 4994 AEgypti,
1922 4911 2087 4973 sicut
2106 4911 2186 4972 de
2206 4911 2326 4972 hoc

563 5047 661 5091 10„
682 5059 798 5098 m„
833 5015 899 5077 in
926 5014 1199 5078 Jeremia
1227 5021 1289 5076 et
1320 5011 1646 5076 Ezechiele
1686 5010 1887 5072 multa
1932 5007 2323 5071 scribuntur.

532 5109 800 5216 fiflfmn·
912 5119 1139 5177 Decem
1192 5124 1253 5174 et
1310 5123 1443 5174 octo
1489 5131 1811 5173 annorum
1869 5116 2011 5168 erat
2051 5108 2326 5168 Joackin

652 5203 663 5215 ⁶
830 5235 1035 5294 quum
1064 5232 1337 5291 reynare
1366 5213 1672 5289 coepisset,
1693 5217 1753 5268 et
1780 5207 1984 5268 tribus
2006 5206 2327 5264 mensibus

834 5313 1131 5391 reynavit
1162 5313 1237 5372 in
1263 5313 1639 5372 Jerusalem.
1662 5309 1913 5368 Nomen
1932 5303 2167 5364 matris
2187 5303 2328 5378 ejus

2435 4326 2735 4397 concidit,
2785 4324 2851 4385 id
2897 4331 3014 4399 est,
3062 4323 3443 4386 comminuit
3479 4332 3544 4386 et
3585 4323 3934 4405 confregit,

2439 4424 2742 4482 universa
2765 4441 2917 4480 vasa
2947 4441 3174 4488 aurea,
3193 4443 3337 4501 quoe
3353 4422 3597 4496 fecerat
3615 4424 3933 4484 Salomon

2436 4539 2552 4579 rea·
2581 4523 2786 4580 Israel
2830 4521 2901 4579 in
2943 4523 3174 4596 templo
3216 4521 3509 4590 Domini,
3535 4521 3749 4596 juxta
3800 4542 3940 4581 ver-

2441 4619 2590 4676 bum
2620 4619 2915 4686 Domini,
2947 4615 3007 4677 id
3039 4624 3136 4677 est
3175 4617 3467 4697 quaedam
3499 4617 3580 4679 de
3623 4618 3938 4682 omnibus

2437 4715 2606 4778 vasis
2639 4714 2883 4795 templi,
2917 4732 3046 4777 non
3084 4714 3466 4796 simpliciter
3503 4716 3724 4778 omnia
3767 4717 3880 4780 illa
3917 4737 3932 4780 :

2436 4813 2566 4875 imo
2615 4811 2814 4873 multa
2866 4811 3077 4893 posuit
3125 4812 3192 4874 in
3243 4813 3482 4895 templo
3544 4813 3650 4877 dei
3712 4815 3814 4877 sui
3864 4815 3936 4878 in

2434 4908 2770 4990 Babylone,
2805 4929 2946 4990 quae
2986 4909 3092 4971 diu
3137 4918 3280 4991 post
3320 4929 3436 4992 per
3469 4911 3738 4974 Esdram
3783 4923 3940 4975 sunt

2437 5014 2783 5089 reportata,
2837 5016 2906 5068 ut
2954 5007 3019 5069 in
3072 5007 3280 5089 primo
3327 5009 3543 5072 Esdrae
3603 5009 3774 5074 libro
3825 5012 3940 5074 ha—

2436 5105 2643 5166 betur.

2519 5205 2600 5262 Et
2633 5203 2970 5262 transtulit
2999 5222 3252 5263 omnem
3280 5207 3667 5276 Jerusalem,
3693 5217 3754 5266 et
3787 5211 3941 5268 uni-

2437 5319 2642 5361 versos
2680 5301 3037 5377 principes,
3081 5312 3141 5362 et
3187 5323 3402 5363 omnes
3448 5305 3650 5379 sortes
3690 5309 3940 5366 eaeerci-

3993 4445 4050 4489 111
4059 4447 4260 4504 Boysn,

3969 4509 4128 4554 45-51.

4013 5037 4210 5086 {Beda
4227 5059 4258 5089 ι,

3971 5103 4084 5144 Ὶ-Η.
