<?xml version="1.0" encoding="UTF-8"?>
<!DOCTYPE html PUBLIC "-//W3C//DTD XHTML 1.0 Transitional//EN"
    "http://www.w3.org/TR/xhtml1/DTD/xhtml1-transitional.dtd">
<html xmlns="http://www.w3.org/1999/xhtml" xml:lang="en" lang="en">
 <head>
  <title>
</title>
<meta http-equiv="Content-Type" content="text/html;charset=utf-8" />
  <meta name='ocr-system' content='tesseract 3.04.00' />
  <meta name='ocr-capabilities' content='ocr_page ocr_carea ocr_par ocr_line ocrx_word'/>
</head>
<body>
  <div class='ocr_page' id='page_1' title='image "./doctorisecstati06unkngoog_0333.png"; bbox 0 0 4309 6259; ppageno 0'>
   <div class='ocr_carea' id='block_1_1' title="bbox 90 979 286 1037">
    <p class='ocr_par' dir='ltr' id='par_1_1' title="bbox 90 979 286 1037">
     <span class='ocr_line' id='line_1_1' title="bbox 90 979 286 1037; baseline -0.031 -4"><span class='ocrx_word' id='word_1_1' title='bbox 90 990 150 1033; x_wconf 70' lang='lat' dir='ltr'><strong>lot</strong></span> <span class='ocrx_word' id='word_1_2' title='bbox 161 979 218 1037; x_wconf 66' lang='lat' dir='ltr'><strong>vu,</strong></span> <span class='ocrx_word' id='word_1_3' title='bbox 231 989 286 1029; x_wconf 84' lang='lat'><strong>15.</strong></span> 
     </span>
    </p>
   </div>
   <div class='ocr_carea' id='block_1_2' title="bbox 97 1490 289 1538">
    <p class='ocr_par' dir='ltr' id='par_1_2' title="bbox 97 1490 289 1538">
     <span class='ocr_line' id='line_1_2' title="bbox 97 1490 289 1538; baseline 0 -7"><span class='ocrx_word' id='word_1_4' title='bbox 97 1490 183 1533; x_wconf 71' lang='lat' dir='ltr'><strong>nid.</strong></span> <span class='ocrx_word' id='word_1_5' title='bbox 195 1505 242 1538; x_wconf 79' lang='grc' dir='ltr'><strong>ιιι,</strong></span> <span class='ocrx_word' id='word_1_6' title='bbox 254 1493 289 1537; x_wconf 82' lang='grc'><strong>3,</strong></span> 
     </span>
    </p>
   </div>
   <div class='ocr_carea' id='block_1_3' title="bbox 87 1875 292 1988">
    <p class='ocr_par' dir='ltr' id='par_1_3' title="bbox 87 1875 292 1988">
     <span class='ocr_line' id='line_1_3' title="bbox 121 1875 292 1926; baseline 0.012 -11"><span class='ocrx_word' id='word_1_7' title='bbox 121 1875 212 1917; x_wconf 69' lang='lat' dir='ltr'><strong>md.</strong></span> <span class='ocrx_word' id='word_1_8' title='bbox 229 1890 292 1926; x_wconf 76' lang='lat' dir='ltr'><strong>ru,</strong></span> 
     </span>
     <span class='ocr_line' id='line_1_4' title="bbox 87 1938 292 1988; baseline 0.01 -11"><span class='ocrx_word' id='word_1_9' title='bbox 87 1938 138 1986; x_wconf 59' lang='grc' dir='ltr'><strong>ἐΰς</strong></span> <span class='ocrx_word' id='word_1_10' title='bbox 153 1952 219 1988; x_wconf 81' lang='lat' dir='ltr'><strong>nn,</strong></span> <span class='ocrx_word' id='word_1_11' title='bbox 234 1942 292 1979; x_wconf 72' lang='lat'><strong>25.</strong></span> 
     </span>
    </p>
   </div>
   <div class='ocr_carea' id='block_1_4' title="bbox 97 2170 291 2223">
    <p class='ocr_par' dir='ltr' id='par_1_4' title="bbox 97 2170 291 2223">
     <span class='ocr_line' id='line_1_5' title="bbox 97 2170 291 2223; baseline 0.026 -13"><span class='ocrx_word' id='word_1_12' title='bbox 97 2170 291 2223; x_wconf 66' lang='lat' dir='ltr'><strong>ltidnvu.</strong></span> 
     </span>
    </p>
   </div>
   <div class='ocr_carea' id='block_1_5' title="bbox 103 2865 281 2915">
    <p class='ocr_par' dir='ltr' id='par_1_5' title="bbox 103 2865 281 2915">
     <span class='ocr_line' id='line_1_6' title="bbox 103 2865 281 2915; baseline 0.056 -9"><span class='ocrx_word' id='word_1_13' title='bbox 103 2865 190 2913; x_wconf 72' lang='lat' dir='ltr'><strong>md.</strong></span> <span class='ocrx_word' id='word_1_14' title='bbox 201 2885 281 2915; x_wconf 72' lang='lat' dir='ltr'><strong>xxxi</strong></span> 
     </span>
    </p>
   </div>
   <div class='ocr_carea' id='block_1_6' title="bbox 1211 516 2515 563">
    <p class='ocr_par' dir='ltr' id='par_1_6' title="bbox 1211 516 2515 563">
     <span class='ocr_line' id='line_1_7' title="bbox 1211 516 2515 563; baseline -0.001 0"><span class='ocrx_word' id='word_1_15' title='bbox 1211 516 1556 563; x_wconf 67' lang='lat' dir='ltr'><strong>mannum</strong></span> <span class='ocrx_word' id='word_1_16' title='bbox 1599 517 1660 561; x_wconf 82' lang='lat' dir='ltr'><strong>IN</strong></span> <span class='ocrx_word' id='word_1_17' title='bbox 1703 517 1925 563; x_wconf 66' lang='lat' dir='ltr'><strong>mentm</strong></span> <span class='ocrx_word' id='word_1_18' title='bbox 1965 516 2091 562; x_wconf 75' lang='lat'><strong>³013.</strong></span> <span class='ocrx_word' id='word_1_19' title='bbox 2137 536 2217 547; x_wconf 85' lang='lat'><strong>--</strong></span> <span class='ocrx_word' id='word_1_20' title='bbox 2258 516 2401 563; x_wconf 70' lang='lat' dir='ltr'><strong>Am.</strong></span> <span class='ocrx_word' id='word_1_21' title='bbox 2447 517 2515 562; x_wconf 84' lang='lat'><strong>111</strong></span> 
     </span>
    </p>
   </div>
   <div class='ocr_carea' id='block_1_7' title="bbox 3286 494 3405 557">
    <p class='ocr_par' dir='ltr' id='par_1_7' title="bbox 3286 494 3405 557">
     <span class='ocr_line' id='line_1_8' title="bbox 3286 494 3405 557; baseline 0 0"><span class='ocrx_word' id='word_1_22' title='bbox 3286 494 3405 557; x_wconf 74' lang='lat'><strong>299</strong></span> 
     </span>
    </p>
   </div>
   <div class='ocr_carea' id='block_1_8' title="bbox 317 682 3409 770">
    <p class='ocr_par' dir='ltr' id='par_1_8' title="bbox 317 682 3409 770">
     <span class='ocr_line' id='line_1_9' title="bbox 317 682 3409 770; baseline -0.001 -21"><span class='ocrx_word' id='word_1_23' title='bbox 317 688 482 768; x_wconf 90' lang='lat' dir='ltr'><strong>quod</strong></span> <span class='ocrx_word' id='word_1_24' title='bbox 511 706 920 769; x_wconf 78' lang='lat' dir='ltr'><strong>nequaquam</strong></span> <span class='ocrx_word' id='word_1_25' title='bbox 949 706 1146 751; x_wconf 86' lang='lat' dir='ltr'><strong>vanas</strong></span> <span class='ocrx_word' id='word_1_26' title='bbox 1187 695 1517 770; x_wconf 87' lang='lat' dir='ltr'><strong>poetarum</strong></span> <span class='ocrx_word' id='word_1_27' title='bbox 1557 684 1808 749; x_wconf 87' lang='lat' dir='ltr'><strong>fabulas</strong></span> <span class='ocrx_word' id='word_1_28' title='bbox 1837 684 1892 748; x_wconf 86' lang='grc' dir='ltr'><strong>Α</strong></span> <span class='ocrx_word' id='word_1_29' title='bbox 1921 685 2375 749; x_wconf 81' lang='lat' dir='ltr'><strong>confutandam</strong></span> <span class='ocrx_word' id='word_1_30' title='bbox 2398 685 2859 769; x_wconf 88' lang='lat' dir='ltr'><strong>impudentiam</strong></span> <span class='ocrx_word' id='word_1_31' title='bbox 2890 682 3409 764; x_wconf 87' lang='lat' dir='ltr'><strong>nostram,genti-</strong></span> 
     </span>
    </p>
   </div>
   <div class='ocr_carea' id='block_1_9' title="bbox 315 785 1812 1853">
    <p class='ocr_par' dir='ltr' id='par_1_9' title="bbox 315 785 1812 1853">
     <span class='ocr_line' id='line_1_10' title="bbox 315 785 1809 867; baseline 0 -20"><span class='ocrx_word' id='word_1_32' title='bbox 315 786 622 866; x_wconf 88' lang='lat' dir='ltr'><strong>sequitur,</strong></span> <span class='ocrx_word' id='word_1_33' title='bbox 649 796 720 848; x_wconf 90' lang='lat' dir='ltr'><strong>ut</strong></span> <span class='ocrx_word' id='word_1_34' title='bbox 747 786 969 849; x_wconf 89' lang='lat' dir='ltr'><strong>mundi</strong></span> <span class='ocrx_word' id='word_1_35' title='bbox 1003 787 1236 849; x_wconf 92' lang='lat' dir='ltr'><strong>molem</strong></span> <span class='ocrx_word' id='word_1_36' title='bbox 1258 785 1497 867; x_wconf 88' lang='lat' dir='ltr'><strong>portari</strong></span> <span class='ocrx_word' id='word_1_37' title='bbox 1517 785 1809 865; x_wconf 84' lang='lat' dir='ltr'><strong>giganteo</strong></span> 
     </span>
     <span class='ocr_line' id='line_1_11' title="bbox 315 882 1810 965; baseline -0.001 -20"><span class='ocrx_word' id='word_1_38' title='bbox 315 884 675 965; x_wconf 88' lang='lat' dir='ltr'><strong>suspicetur</strong></span> <span class='ocrx_word' id='word_1_39' title='bbox 705 885 981 947; x_wconf 70' lang='lat' dir='ltr'><strong>sudore?</strong></span> <span class='ocrx_word' id='word_1_40' title='bbox 1009 884 1087 946; x_wconf 89' lang='lat' dir='ltr'><strong>Et</strong></span> <span class='ocrx_word' id='word_1_41' title='bbox 1117 904 1336 946; x_wconf 90' lang='lat' dir='ltr'><strong>rursus</strong></span> <span class='ocrx_word' id='word_1_42' title='bbox 1359 882 1810 965; x_wconf 88' lang='lat' dir='ltr'><strong>persecutioni-</strong></span> 
     </span>
     <span class='ocr_line' id='line_1_12' title="bbox 318 980 1810 1063; baseline 0 -20"><span class='ocrx_word' id='word_1_43' title='bbox 318 980 432 1043; x_wconf 87' lang='lat' dir='ltr'><strong>bus</strong></span> <span class='ocrx_word' id='word_1_44' title='bbox 465 1000 748 1063; x_wconf 90' lang='lat' dir='ltr'><strong>pressus,</strong></span> <span class='ocrx_word' id='word_1_45' title='bbox 769 982 862 1044; x_wconf 88' lang='lat' dir='ltr'><strong>ait</strong></span> <span class='ocrx_word' id='word_1_46' title='bbox 885 999 900 1043; x_wconf 89' lang='lat'><strong>:</strong></span> <span class='ocrx_word' id='word_1_47' title='bbox 924 982 1130 1063; x_wconf 80' lang='lat' dir='ltr'>Elegit</span> <span class='ocrx_word' id='word_1_48' title='bbox 1152 982 1568 1063; x_wconf 81' lang='lat' dir='ltr'><strong>suspendium</strong></span> <span class='ocrx_word' id='word_1_49' title='bbox 1595 980 1810 1043; x_wconf 85' lang='lat' dir='ltr'><strong>anima</strong></span> 
     </span>
     <span class='ocr_line' id='line_1_13' title="bbox 317 1080 1810 1162; baseline 0 -19"><span class='ocrx_word' id='word_1_50' title='bbox 317 1098 474 1156; x_wconf 87' lang='lat' dir='ltr'><strong>mea,</strong></span> <span class='ocrx_word' id='word_1_51' title='bbox 507 1090 572 1142; x_wconf 90' lang='lat' dir='ltr'><strong>et</strong></span> <span class='ocrx_word' id='word_1_52' title='bbox 602 1090 873 1144; x_wconf 89' lang='lat' dir='ltr'><strong>mortem</strong></span> <span class='ocrx_word' id='word_1_53' title='bbox 903 1100 1045 1144; x_wconf 92' lang='lat' dir='ltr'><strong>ossa</strong></span> <span class='ocrx_word' id='word_1_54' title='bbox 1074 1100 1234 1157; x_wconf 88' lang='lat' dir='ltr'><strong>mea,</strong></span> <span class='ocrx_word' id='word_1_55' title='bbox 1269 1080 1452 1162; x_wconf 87' lang='lat' dir='ltr'><strong>quasi</strong></span> <span class='ocrx_word' id='word_1_56' title='bbox 1493 1080 1592 1142; x_wconf 88' lang='lat' dir='ltr'><strong>vir</strong></span> <span class='ocrx_word' id='word_1_57' title='bbox 1622 1088 1810 1143; x_wconf 76' lang='lat' dir='ltr'><strong>tantae</strong></span> 
     </span>
     <span class='ocr_line' id='line_1_14' title="bbox 317 1178 1809 1262; baseline 0.001 -23"><span class='ocrx_word' id='word_1_58' title='bbox 317 1178 568 1241; x_wconf 87' lang='lat' dir='ltr'><strong>virtutis</strong></span> <span class='ocrx_word' id='word_1_59' title='bbox 591 1179 870 1243; x_wconf 87' lang='lat' dir='ltr'><strong>voluerit</strong></span> <span class='ocrx_word' id='word_1_60' title='bbox 901 1187 1161 1262; x_wconf 89' lang='lat' dir='ltr'><strong>propter</strong></span> <span class='ocrx_word' id='word_1_61' title='bbox 1181 1179 1446 1243; x_wconf 86' lang='lat' dir='ltr'><strong>adversa</strong></span> <span class='ocrx_word' id='word_1_62' title='bbox 1463 1178 1809 1261; x_wconf 90' lang='lat' dir='ltr'><strong>suspendio</strong></span> 
     </span>
     <span class='ocr_line' id='line_1_15' title="bbox 315 1278 1810 1361; baseline 0 -21"><span class='ocrx_word' id='word_1_63' title='bbox 315 1278 506 1340; x_wconf 82' lang='lat' dir='ltr'><strong>vitam</strong></span> <span class='ocrx_word' id='word_1_64' title='bbox 539 1278 760 1341; x_wconf 89' lang='lat' dir='ltr'><strong>finire.</strong></span> <span class='ocrx_word' id='word_1_65' title='bbox 794 1278 1152 1360; x_wconf 86' lang='lat' dir='ltr'><strong>Aliquando</strong></span> <span class='ocrx_word' id='word_1_66' title='bbox 1183 1278 1320 1361; x_wconf 89' lang='lat' dir='ltr'><strong>ipsa</strong></span> <span class='ocrx_word' id='word_1_67' title='bbox 1351 1278 1544 1341; x_wconf 81' lang='lat' dir='ltr'><strong>verba</strong></span> <span class='ocrx_word' id='word_1_68' title='bbox 1585 1278 1810 1340; x_wconf 83' lang='lat' dir='ltr'><strong>litterae</strong></span> 
     </span>
     <span class='ocr_line' id='line_1_16' title="bbox 316 1369 1806 1459; baseline 0 -21"><span class='ocrx_word' id='word_1_69' title='bbox 316 1396 380 1439; x_wconf 89' lang='lat' dir='ltr'><strong>se</strong></span> <span class='ocrx_word' id='word_1_70' title='bbox 407 1377 812 1459; x_wconf 87' lang='lat' dir='ltr'><strong>impugnant,</strong></span> <span class='ocrx_word' id='word_1_71' title='bbox 834 1397 914 1441; x_wconf 90' lang='grc'><strong>116</strong></span> <span class='ocrx_word' id='word_1_72' title='bbox 939 1379 1020 1441; x_wconf 90' lang='lat' dir='ltr'><strong>ad</strong></span> <span class='ocrx_word' id='word_1_73' title='bbox 1049 1378 1324 1439; x_wconf 81' lang='lat' dir='ltr'><strong>litteram</strong></span> <span class='ocrx_word' id='word_1_74' title='bbox 1349 1369 1806 1457; x_wconf 80' lang='lat' dir='ltr'><strong>intelligantur.</strong></span> 
     </span>
     <span class='ocr_line' id='line_1_17' title="bbox 317 1476 1805 1558; baseline -0.001 -20"><span class='ocrx_word' id='word_1_75' title='bbox 317 1476 416 1538; x_wconf 75' lang='lat' dir='ltr'><strong>Ait</strong></span> <span class='ocrx_word' id='word_1_76' title='bbox 443 1496 726 1558; x_wconf 87' lang='lat' dir='ltr'><strong>namque</strong></span> <span class='ocrx_word' id='word_1_77' title='bbox 746 1477 997 1540; x_wconf 91' lang='lat' dir='ltr'><strong>:Pereat</strong></span> <span class='ocrx_word' id='word_1_78' title='bbox 1024 1477 1248 1541; x_wconf 91' lang='lat' dir='ltr'><strong>diesin</strong></span> <span class='ocrx_word' id='word_1_79' title='bbox 1279 1496 1402 1558; x_wconf 89' lang='lat' dir='ltr'><strong>qua</strong></span> <span class='ocrx_word' id='word_1_80' title='bbox 1434 1484 1619 1538; x_wconf 89' lang='lat' dir='ltr'><strong>natus</strong></span> <span class='ocrx_word' id='word_1_81' title='bbox 1641 1495 1805 1550; x_wconf 83' lang='lat' dir='ltr'><strong>sum3</strong></span> 
     </span>
     <span class='ocr_line' id='line_1_18' title="bbox 317 1574 1812 1657; baseline -0.001 -21"><span class='ocrx_word' id='word_1_82' title='bbox 317 1583 397 1652; x_wconf 87' lang='lat' dir='ltr'><strong>et,</strong></span> <span class='ocrx_word' id='word_1_83' title='bbox 420 1574 702 1657; x_wconf 82' lang='lat' dir='ltr'><strong>Occupet</strong></span> <span class='ocrx_word' id='word_1_84' title='bbox 721 1594 866 1637; x_wconf 89' lang='lat' dir='ltr'><strong>eum</strong></span> <span class='ocrx_word' id='word_1_85' title='bbox 889 1575 1114 1656; x_wconf 88' lang='lat' dir='ltr'><strong>caligo.</strong></span> <span class='ocrx_word' id='word_1_86' title='bbox 1137 1574 1254 1649; x_wconf 90' lang='lat' dir='ltr'><strong>Qui</strong></span> <span class='ocrx_word' id='word_1_87' title='bbox 1275 1575 1412 1637; x_wconf 89' lang='lat' dir='ltr'><strong>dies</strong></span> <span class='ocrx_word' id='word_1_88' title='bbox 1441 1575 1572 1655; x_wconf 86' lang='lat' dir='ltr'><strong>jam</strong></span> <span class='ocrx_word' id='word_1_89' title='bbox 1601 1574 1812 1638; x_wconf 86' lang='lat' dir='ltr'><strong>evolu-</strong></span> 
     </span>
     <span class='ocr_line' id='line_1_19' title="bbox 318 1672 1810 1756; baseline 0.001 -21"><span class='ocrx_word' id='word_1_90' title='bbox 318 1682 435 1748; x_wconf 90' lang='grc'><strong>165,</strong></span> <span class='ocrx_word' id='word_1_91' title='bbox 469 1682 642 1736; x_wconf 90' lang='lat' dir='ltr'><strong>stare</strong></span> <span class='ocrx_word' id='word_1_92' title='bbox 671 1692 800 1737; x_wconf 89' lang='lat' dir='ltr'><strong>non</strong></span> <span class='ocrx_word' id='word_1_93' title='bbox 820 1682 1100 1756; x_wconf 89' lang='lat' dir='ltr'><strong>poterat:</strong></span> <span class='ocrx_word' id='word_1_94' title='bbox 1122 1674 1440 1755; x_wconf 91' lang='lat' dir='ltr'><strong>quomodo</strong></span> <span class='ocrx_word' id='word_1_95' title='bbox 1471 1692 1620 1754; x_wconf 89' lang='lat' dir='ltr'><strong>ergo</strong></span> <span class='ocrx_word' id='word_1_96' title='bbox 1640 1672 1810 1736; x_wconf 90' lang='lat' dir='ltr'><strong>hunc</strong></span> 
     </span>
     <span class='ocr_line' id='line_1_20' title="bbox 319 1772 1806 1853; baseline 0 -20"><span class='ocrx_word' id='word_1_97' title='bbox 319 1772 590 1853; x_wconf 84' lang='lat' dir='ltr'><strong>caligine</strong></span> <span class='ocrx_word' id='word_1_98' title='bbox 624 1772 865 1837; x_wconf 85' lang='lat' dir='ltr'><strong>involvi</strong></span> <span class='ocrx_word' id='word_1_99' title='bbox 895 1772 1202 1853; x_wconf 77' lang='lat' dir='ltr'><strong>optabat?</strong></span> <span class='ocrx_word' id='word_1_100' title='bbox 1229 1772 1345 1846; x_wconf 84' lang='lat' dir='ltr'><strong>Qui</strong></span> <span class='ocrx_word' id='word_1_101' title='bbox 1379 1773 1608 1836; x_wconf 89' lang='lat' dir='ltr'><strong>iterum</strong></span> <span class='ocrx_word' id='word_1_102' title='bbox 1629 1772 1806 1847; x_wconf 89' lang='lat' dir='ltr'><strong>dicit,</strong></span> 
     </span>
    </p>
   </div>
   <div class='ocr_carea' id='block_1_10' title="bbox 1920 784 3417 1855">
    <p class='ocr_par' dir='ltr' id='par_1_10' title="bbox 1920 784 3417 1855">
     <span class='ocr_line' id='line_1_21' title="bbox 1920 784 3409 868; baseline -0.001 -21"><span class='ocrx_word' id='word_1_103' title='bbox 1920 785 2000 847; x_wconf 92' lang='lat' dir='ltr'><strong>lis</strong></span> <span class='ocrx_word' id='word_1_104' title='bbox 2032 786 2222 847; x_wconf 89' lang='lat' dir='ltr'><strong>homo</strong></span> <span class='ocrx_word' id='word_1_105' title='bbox 2250 785 2329 846; x_wconf 92' lang='lat' dir='ltr'><strong>ad</strong></span> <span class='ocrx_word' id='word_1_106' title='bbox 2360 786 2719 868; x_wconf 86' lang='lat' dir='ltr'><strong>exemplum</strong></span> <span class='ocrx_word' id='word_1_107' title='bbox 2742 786 3075 848; x_wconf 83' lang='lat' dir='ltr'><strong>deducitur</strong></span> <span class='ocrx_word' id='word_1_108' title='bbox 3102 802 3115 846; x_wconf 93' lang='lat'><strong>:</strong></span> <span class='ocrx_word' id='word_1_109' title='bbox 3142 792 3231 860; x_wconf 86' lang='lat' dir='ltr'><strong>ut,</strong></span> <span class='ocrx_word' id='word_1_110' title='bbox 3258 784 3409 865; x_wconf 93' lang='lat' dir='ltr'><strong>quia</strong></span> 
     </span>
     <span class='ocr_line' id='line_1_22' title="bbox 1921 882 3411 966; baseline -0.003 -19"><span class='ocrx_word' id='word_1_111' title='bbox 1921 884 2184 947; x_wconf 91' lang='lat' dir='ltr'><strong>obedire</strong></span> <span class='ocrx_word' id='word_1_112' title='bbox 2213 886 2403 947; x_wconf 91' lang='lat' dir='ltr'><strong>homo</strong></span> <span class='ocrx_word' id='word_1_113' title='bbox 2432 885 2559 965; x_wconf 89' lang='lat' dir='ltr'><strong>legi</strong></span> <span class='ocrx_word' id='word_1_114' title='bbox 2590 885 2710 948; x_wconf 92' lang='lat' dir='ltr'><strong>sub</strong></span> <span class='ocrx_word' id='word_1_115' title='bbox 2749 885 2887 965; x_wconf 89' lang='lat' dir='ltr'><strong>lege</strong></span> <span class='ocrx_word' id='word_1_116' title='bbox 2919 883 3161 966; x_wconf 89' lang='lat' dir='ltr'><strong>positus</strong></span> <span class='ocrx_word' id='word_1_117' title='bbox 3208 882 3411 965; x_wconf 90' lang='lat' dir='ltr'><strong>despi-</strong></span> 
     </span>
     <span class='ocr_line' id='line_1_23' title="bbox 1923 981 3407 1065; baseline -0.003 -19"><span class='ocrx_word' id='word_1_118' title='bbox 1923 982 2032 1059; x_wconf 87' lang='lat' dir='ltr'><strong>cit,</strong></span> <span class='ocrx_word' id='word_1_119' title='bbox 2067 986 2208 1064; x_wconf 66' lang='grc'><strong>61115</strong></span> <span class='ocrx_word' id='word_1_120' title='bbox 2237 984 2461 1045; x_wconf 84' lang='grc'><strong>56116111</strong></span> <span class='ocrx_word' id='word_1_121' title='bbox 2490 984 2962 1065; x_wconf 90' lang='lat' dir='ltr'><strong>comparatione</strong></span> <span class='ocrx_word' id='word_1_122' title='bbox 2990 981 3262 1061; x_wconf 90' lang='lat' dir='ltr'><strong>evigilet,</strong></span> <span class='ocrx_word' id='word_1_123' title='bbox 3298 981 3407 1062; x_wconf 92' lang='lat' dir='ltr'><strong>qui</strong></span> 
     </span>
     <span class='ocr_line' id='line_1_24' title="bbox 1923 1080 3405 1164; baseline -0.003 -19"><span class='ocrx_word' id='word_1_124' title='bbox 1923 1083 2062 1145; x_wconf 89' lang='lat' dir='ltr'><strong>sine</strong></span> <span class='ocrx_word' id='word_1_125' title='bbox 2111 1083 2248 1163; x_wconf 88' lang='lat' dir='ltr'><strong>lege</strong></span> <span class='ocrx_word' id='word_1_126' title='bbox 2284 1082 2557 1163; x_wconf 89' lang='lat' dir='ltr'><strong>(scilicet</strong></span> <span class='ocrx_word' id='word_1_127' title='bbox 2595 1082 2857 1164; x_wconf 89' lang='lat' dir='ltr'><strong>scripta)</strong></span> <span class='ocrx_word' id='word_1_128' title='bbox 2893 1082 3182 1163; x_wconf 84' lang='lat' dir='ltr'><strong>legaliter</strong></span> <span class='ocrx_word' id='word_1_129' title='bbox 3225 1080 3405 1144; x_wconf 86' lang='lat' dir='ltr'><strong>vixit.</strong></span> 
     </span>
     <span class='ocr_line' id='line_1_25' title="bbox 1921 1179 3410 1262; baseline -0.001 -19"><span class='ocrx_word' id='word_1_130' title='bbox 1921 1182 2172 1244; x_wconf 88' lang='lat' dir='ltr'><strong>Erranti</strong></span> <span class='ocrx_word' id='word_1_131' title='bbox 2205 1181 2398 1262; x_wconf 88' lang='lat' dir='ltr'><strong>igitur</strong></span> <span class='ocrx_word' id='word_1_132' title='bbox 2428 1182 2671 1244; x_wconf 91' lang='lat' dir='ltr'><strong>homini</strong></span> <span class='ocrx_word' id='word_1_133' title='bbox 2703 1182 2842 1243; x_wconf 87' lang='lat' dir='ltr'><strong>data</strong></span> <span class='ocrx_word' id='word_1_134' title='bbox 2878 1189 2975 1244; x_wconf 92' lang='lat' dir='ltr'><strong>est</strong></span> <span class='ocrx_word' id='word_1_135' title='bbox 3001 1181 3141 1259; x_wconf 83' lang='lat' dir='ltr'><strong>lex3</strong></span> <span class='ocrx_word' id='word_1_136' title='bbox 3174 1179 3410 1243; x_wconf 85' lang='lat' dir='ltr'><strong>erranti</strong></span> 
     </span>
     <span class='ocr_line' id='line_1_26' title="bbox 1923 1279 3413 1359; baseline -0.003 -13"><span class='ocrx_word' id='word_1_137' title='bbox 1923 1299 2073 1346; x_wconf 89' lang='lat' dir='ltr'><strong>vero</strong></span> <span class='ocrx_word' id='word_1_138' title='bbox 2119 1280 2242 1343; x_wconf 91' lang='lat' dir='ltr'><strong>sub</strong></span> <span class='ocrx_word' id='word_1_139' title='bbox 2279 1280 2417 1359; x_wconf 90' lang='lat' dir='ltr'><strong>lege</strong></span> <span class='ocrx_word' id='word_1_140' title='bbox 2461 1280 2798 1342; x_wconf 83' lang='lat' dir='ltr'><strong>adducitur</strong></span> <span class='ocrx_word' id='word_1_141' title='bbox 2835 1279 3269 1342; x_wconf 87' lang='lat' dir='ltr'><strong>testimonium</strong></span> <span class='ocrx_word' id='word_1_142' title='bbox 3318 1296 3413 1341; x_wconf 89' lang='lat' dir='ltr'><strong>eo·</strong></span> 
     </span>
     <span class='ocr_line' id='line_1_27' title="bbox 1923 1378 3413 1461; baseline -0.001 -20"><span class='ocrx_word' id='word_1_143' title='bbox 1923 1399 2065 1442; x_wconf 87' lang='lat' dir='ltr'><strong>rum</strong></span> <span class='ocrx_word' id='word_1_144' title='bbox 2095 1380 2206 1461; x_wconf 89' lang='lat' dir='ltr'><strong>qui</strong></span> <span class='ocrx_word' id='word_1_145' title='bbox 2238 1388 2411 1442; x_wconf 87' lang='lat' dir='ltr'><strong>extra</strong></span> <span class='ocrx_word' id='word_1_146' title='bbox 2441 1378 2643 1459; x_wconf 87' lang='lat' dir='ltr'><strong>legem</strong></span> <span class='ocrx_word' id='word_1_147' title='bbox 2673 1387 2862 1441; x_wconf 87' lang='lat' dir='ltr'><strong>sunt:</strong></span> <span class='ocrx_word' id='word_1_148' title='bbox 2895 1387 2985 1455; x_wconf 91' lang='lat' dir='ltr'><strong>ut,</strong></span> <span class='ocrx_word' id='word_1_149' title='bbox 3016 1378 3171 1459; x_wconf 89' lang='lat' dir='ltr'><strong>quia</strong></span> <span class='ocrx_word' id='word_1_150' title='bbox 3201 1379 3413 1441; x_wconf 92' lang='lat' dir='ltr'><strong>condi-</strong></span> 
     </span>
     <span class='ocr_line' id='line_1_28' title="bbox 1925 1477 3407 1555; baseline -0.001 -14"><span class='ocrx_word' id='word_1_151' title='bbox 1925 1479 2117 1541; x_wconf 89' lang='lat' dir='ltr'><strong>tionis</strong></span> <span class='ocrx_word' id='word_1_152' title='bbox 2166 1487 2395 1541; x_wconf 84' lang='lat' dir='ltr'><strong>nostrae</strong></span> <span class='ocrx_word' id='word_1_153' title='bbox 2435 1477 2725 1541; x_wconf 87' lang='lat' dir='ltr'><strong>ordinem</strong></span> <span class='ocrx_word' id='word_1_154' title='bbox 2772 1496 3025 1541; x_wconf 86' lang='lat' dir='ltr'><strong>servare</strong></span> <span class='ocrx_word' id='word_1_155' title='bbox 3064 1477 3407 1555; x_wconf 81' lang='grc'><strong>1101611665,</strong></span> 
     </span>
     <span class='ocr_line' id='line_1_29' title="bbox 1925 1577 3413 1660; baseline 0.001 -22"><span class='ocrx_word' id='word_1_156' title='bbox 1925 1577 2259 1660; x_wconf 67' lang='lat' dir='ltr'><strong>praeceptis</strong></span> <span class='ocrx_word' id='word_1_157' title='bbox 2304 1579 2833 1657; x_wconf 84' lang='lat' dir='ltr'><strong>admoneremur3</strong></span> <span class='ocrx_word' id='word_1_158' title='bbox 2884 1577 3033 1658; x_wconf 91' lang='lat' dir='ltr'><strong>quia</strong></span> <span class='ocrx_word' id='word_1_159' title='bbox 3081 1578 3413 1660; x_wconf 86' lang='lat' dir='ltr'><strong>praeceptis</strong></span> 
     </span>
     <span class='ocr_line' id='line_1_30' title="bbox 1923 1669 3417 1759; baseline 0 -19"><span class='ocrx_word' id='word_1_160' title='bbox 1923 1669 2185 1740; x_wconf 85' lang='lat' dir='ltr'><strong>obedire</strong></span> <span class='ocrx_word' id='word_1_161' title='bbox 2204 1676 2725 1759; x_wconf 87' lang='lat' dir='ltr'><strong>contempsimus,</strong></span> <span class='ocrx_word' id='word_1_162' title='bbox 2747 1676 3053 1758; x_wconf 85' lang='lat' dir='ltr'><strong>exemplis</strong></span> <span class='ocrx_word' id='word_1_163' title='bbox 3076 1676 3227 1739; x_wconf 91' lang='lat' dir='ltr'><strong>conf</strong></span> <span class='ocrx_word' id='word_1_164' title='bbox 3232 1678 3417 1740; x_wconf 90' lang='lat' dir='ltr'><strong>unde-</strong></span> 
     </span>
     <span class='ocr_line' id='line_1_31' title="bbox 1923 1774 3417 1855; baseline 0 -18"><span class='ocrx_word' id='word_1_165' title='bbox 1923 1794 2148 1838; x_wconf 90' lang='lat' dir='ltr'><strong>remur.</strong></span> <span class='ocrx_word' id='word_1_166' title='bbox 2170 1775 2385 1855; x_wconf 86' lang='lat' dir='ltr'><strong>Itaque</strong></span> <span class='ocrx_word' id='word_1_167' title='bbox 2406 1793 2483 1837; x_wconf 86' lang='lat' dir='ltr'><strong>ex</strong></span> <span class='ocrx_word' id='word_1_168' title='bbox 2510 1774 2639 1837; x_wconf 85' lang='lat' dir='ltr'><strong>vita</strong></span> <span class='ocrx_word' id='word_1_169' title='bbox 2660 1774 2995 1855; x_wconf 88' lang='lat' dir='ltr'><strong>gentilium</strong></span> <span class='ocrx_word' id='word_1_170' title='bbox 3018 1775 3417 1855; x_wconf 89' lang='lat' dir='ltr'><strong>redarguitur</strong></span> 
     </span>
    </p>
   </div>
   <div class='ocr_carea' id='block_1_11' title="bbox 318 1870 3410 1954">
    <p class='ocr_par' dir='ltr' id='par_1_11' title="bbox 318 1870 3410 1954">
     <span class='ocr_line' id='line_1_32' title="bbox 318 1870 3410 1954; baseline 0.001 -23"><span class='ocrx_word' id='word_1_171' title='bbox 318 1870 598 1945; x_wconf 82' lang='grc' dir='ltr'><strong>Ρ6666ν1,</strong></span> <span class='ocrx_word' id='word_1_172' title='bbox 637 1871 793 1952; x_wconf 91' lang='lat' dir='ltr'><strong>quid</strong></span> <span class='ocrx_word' id='word_1_173' title='bbox 835 1870 1066 1934; x_wconf 88' lang='lat' dir='ltr'><strong>faciam</strong></span> <span class='ocrx_word' id='word_1_174' title='bbox 1116 1871 1256 1947; x_wconf 92' lang='lat' dir='ltr'><strong>tibi,</strong></span> <span class='ocrx_word' id='word_1_175' title='bbox 1289 1890 1328 1934; x_wconf 94' lang='grc'><strong>0</strong></span> <span class='ocrx_word' id='word_1_176' title='bbox 1357 1880 1570 1934; x_wconf 84' lang='grc'><strong>665105</strong></span> <span class='ocrx_word' id='word_1_177' title='bbox 1611 1870 1813 1933; x_wconf 84' lang='grc'><strong>1101111-</strong></span> <span class='ocrx_word' id='word_1_178' title='bbox 1850 1872 1897 1933; x_wconf 87' lang='lat' dir='ltr'>B</span> <span class='ocrx_word' id='word_1_179' title='bbox 1925 1874 2054 1936; x_wconf 89' lang='lat' dir='ltr'><strong>vita</strong></span> <span class='ocrx_word' id='word_1_180' title='bbox 2083 1872 2204 1935; x_wconf 89' lang='lat' dir='ltr'><strong>sub</strong></span> <span class='ocrx_word' id='word_1_181' title='bbox 2235 1872 2373 1953; x_wconf 83' lang='lat' dir='ltr'><strong>lege</strong></span> <span class='ocrx_word' id='word_1_182' title='bbox 2411 1873 2603 1936; x_wconf 91' lang='lat' dir='ltr'><strong>etiam</strong></span> <span class='ocrx_word' id='word_1_183' title='bbox 2632 1872 2997 1952; x_wconf 86' lang='lat' dir='ltr'><strong>evangelica</strong></span> <span class='ocrx_word' id='word_1_184' title='bbox 3037 1872 3410 1954; x_wconf 90' lang='lat' dir='ltr'><strong>positorum,</strong></span> 
     </span>
    </p>
   </div>
   <div class='ocr_carea' id='block_1_12' title="bbox 317 1968 1818 2841">
    <p class='ocr_par' dir='ltr' id='par_1_12' title="bbox 317 1968 1818 2841">
     <span class='ocr_line' id='line_1_33' title="bbox 319 1968 1815 2052; baseline -0.001 -19"><span class='ocrx_word' id='word_1_185' title='bbox 319 1972 512 2033; x_wconf 65' lang='lat' dir='ltr'><strong>num?</strong></span> <span class='ocrx_word' id='word_1_186' title='bbox 543 1969 624 2031; x_wconf 89' lang='lat' dir='ltr'><strong>Et</strong></span> <span class='ocrx_word' id='word_1_187' title='bbox 659 1988 672 2032; x_wconf 78' lang='grc' dir='ltr'><strong><em>ε</em></strong></span> <span class='ocrx_word' id='word_1_188' title='bbox 705 1968 1092 2033; x_wconf 88' lang='lat' dir='ltr'><strong>Consumere</strong></span> <span class='ocrx_word' id='word_1_189' title='bbox 1114 1989 1216 2033; x_wconf 90' lang='lat' dir='ltr'><strong>me</strong></span> <span class='ocrx_word' id='word_1_190' title='bbox 1236 1969 1332 2034; x_wconf 88' lang='lat' dir='ltr'><strong>vis</strong></span> <span class='ocrx_word' id='word_1_191' title='bbox 1364 1969 1639 2052; x_wconf 89' lang='lat' dir='ltr'><strong>peccatis</strong></span> <span class='ocrx_word' id='word_1_192' title='bbox 1667 1969 1815 2032; x_wconf 89' lang='lat' dir='ltr'><strong>ado-</strong></span> 
     </span>
     <span class='ocr_line' id='line_1_34' title="bbox 319 2066 1815 2150; baseline 0.001 -22"><span class='ocrx_word' id='word_1_193' title='bbox 319 2067 644 2131; x_wconf 78' lang='lat' dir='ltr'><strong>lescentiae</strong></span> <span class='ocrx_word' id='word_1_194' title='bbox 669 2086 848 2131; x_wconf 77' lang='lat' dir='ltr'><strong>meae.</strong></span> <span class='ocrx_word' id='word_1_195' title='bbox 881 2068 958 2129; x_wconf 92' lang='lat' dir='ltr'><strong>Et</strong></span> <span class='ocrx_word' id='word_1_196' title='bbox 987 2076 1197 2130; x_wconf 85' lang='lat' dir='ltr'><strong>tamen</strong></span> <span class='ocrx_word' id='word_1_197' title='bbox 1236 2068 1360 2129; x_wconf 88' lang='lat' dir='ltr'><strong>alia</strong></span> <span class='ocrx_word' id='word_1_198' title='bbox 1400 2066 1815 2150; x_wconf 88' lang='lat' dir='ltr'><strong>responsione</strong></span> 
     </span>
     <span class='ocr_line' id='line_1_35' title="bbox 319 2166 1818 2250; baseline 0 -23"><span class='ocrx_word' id='word_1_199' title='bbox 319 2167 687 2247; x_wconf 89' lang='lat' dir='ltr'><strong>subjungit:</strong></span> <span class='ocrx_word' id='word_1_200' title='bbox 709 2166 925 2248; x_wconf 90' lang='lat' dir='ltr'><strong>Neque</strong></span> <span class='ocrx_word' id='word_1_201' title='bbox 945 2166 1116 2229; x_wconf 90' lang='lat' dir='ltr'><strong>enim</strong></span> <span class='ocrx_word' id='word_1_202' title='bbox 1149 2166 1558 2250; x_wconf 85' lang='lat' dir='ltr'><strong>reprehendit</strong></span> <span class='ocrx_word' id='word_1_203' title='bbox 1585 2184 1688 2229; x_wconf 88' lang='lat' dir='ltr'><strong>me</strong></span> <span class='ocrx_word' id='word_1_204' title='bbox 1708 2185 1818 2229; x_wconf 92' lang='lat' dir='ltr'><strong>cor</strong></span> 
     </span>
     <span class='ocr_line' id='line_1_36' title="bbox 317 2265 1812 2340; baseline -0.001 -11"><span class='ocrx_word' id='word_1_205' title='bbox 317 2286 524 2329; x_wconf 90' lang='lat' dir='ltr'><strong>meum</strong></span> <span class='ocrx_word' id='word_1_206' title='bbox 557 2267 631 2329; x_wconf 93' lang='lat' dir='ltr'><strong>in</strong></span> <span class='ocrx_word' id='word_1_207' title='bbox 661 2267 839 2329; x_wconf 91' lang='lat' dir='ltr'><strong>omni</strong></span> <span class='ocrx_word' id='word_1_208' title='bbox 879 2265 1010 2330; x_wconf 85' lang='lat' dir='ltr'><strong>vita</strong></span> <span class='ocrx_word' id='word_1_209' title='bbox 1053 2286 1216 2328; x_wconf 90' lang='lat' dir='ltr'><strong>mea.</strong></span> <span class='ocrx_word' id='word_1_210' title='bbox 1249 2265 1396 2340; x_wconf 84' lang='lat' dir='ltr'><strong>Quae</strong></span> <span class='ocrx_word' id='word_1_211' title='bbox 1428 2266 1624 2329; x_wconf 87' lang='lat' dir='ltr'><strong>verba</strong></span> <span class='ocrx_word' id='word_1_212' title='bbox 1661 2266 1812 2327; x_wconf 89' lang='lat' dir='ltr'><strong>dum</strong></span> 
     </span>
     <span class='ocr_line' id='line_1_37' title="bbox 317 2364 1814 2445; baseline -0.001 -18"><span class='ocrx_word' id='word_1_213' title='bbox 317 2366 404 2429; x_wconf 88' lang='lat' dir='ltr'><strong>sic</strong></span> <span class='ocrx_word' id='word_1_214' title='bbox 435 2366 718 2430; x_wconf 86' lang='lat' dir='ltr'><strong>invicem</strong></span> <span class='ocrx_word' id='word_1_215' title='bbox 748 2366 978 2429; x_wconf 88' lang='lat' dir='ltr'><strong>collata</strong></span> <span class='ocrx_word' id='word_1_216' title='bbox 1007 2364 1352 2430; x_wconf 89' lang='lat' dir='ltr'><strong>convenire</strong></span> <span class='ocrx_word' id='word_1_217' title='bbox 1381 2374 1677 2445; x_wconf 89' lang='lat' dir='ltr'><strong>starcque</strong></span> <span class='ocrx_word' id='word_1_218' title='bbox 1707 2384 1814 2426; x_wconf 90' lang='grc'><strong>116-</strong></span> 
     </span>
     <span class='ocr_line' id='line_1_38' title="bbox 320 2464 1811 2546; baseline -0.002 -20"><span class='ocrx_word' id='word_1_219' title='bbox 320 2474 580 2546; x_wconf 90' lang='lat' dir='ltr'><strong>queunt,</strong></span> <span class='ocrx_word' id='word_1_220' title='bbox 615 2464 793 2526; x_wconf 89' lang='lat' dir='ltr'><strong>aliud</strong></span> <span class='ocrx_word' id='word_1_221' title='bbox 833 2464 988 2545; x_wconf 90' lang='lat' dir='ltr'><strong>quid</strong></span> <span class='ocrx_word' id='word_1_222' title='bbox 1030 2464 1095 2525; x_wconf 92' lang='lat' dir='ltr'><strong>in</strong></span> <span class='ocrx_word' id='word_1_223' title='bbox 1137 2483 1228 2540; x_wconf 91' lang='lat' dir='ltr'><strong>se,</strong></span> <span class='ocrx_word' id='word_1_224' title='bbox 1261 2464 1430 2544; x_wconf 90' lang='lat' dir='ltr'><strong>quod</strong></span> <span class='ocrx_word' id='word_1_225' title='bbox 1471 2470 1811 2544; x_wconf 86' lang='lat' dir='ltr'><strong>quaeratur,</strong></span> 
     </span>
     <span class='ocr_line' id='line_1_39' title="bbox 317 2561 1817 2644; baseline -0.001 -19"><span class='ocrx_word' id='word_1_226' title='bbox 317 2564 684 2626; x_wconf 88' lang='lat' dir='ltr'><strong>ostendunt.</strong></span> <span class='ocrx_word' id='word_1_227' title='bbox 719 2562 1078 2644; x_wconf 89' lang='lat' dir='ltr'><strong>Aliquando</strong></span> <span class='ocrx_word' id='word_1_228' title='bbox 1127 2562 1240 2644; x_wconf 88' lang='lat' dir='ltr'><strong>qui</strong></span> <span class='ocrx_word' id='word_1_229' title='bbox 1279 2580 1537 2625; x_wconf 90' lang='lat' dir='ltr'><strong>sensum</strong></span> <span class='ocrx_word' id='word_1_230' title='bbox 1586 2561 1817 2623; x_wconf 89' lang='lat' dir='ltr'><strong>littera-</strong></span> 
     </span>
     <span class='ocr_line' id='line_1_40' title="bbox 317 2660 1818 2743; baseline -0.001 -20"><span class='ocrx_word' id='word_1_231' title='bbox 317 2663 436 2727; x_wconf 88' lang='lat' dir='ltr'><strong>lem</strong></span> <span class='ocrx_word' id='word_1_232' title='bbox 457 2661 718 2735; x_wconf 90' lang='lat' dir='ltr'><strong>omittit‚</strong></span> <span class='ocrx_word' id='word_1_233' title='bbox 733 2661 1128 2743; x_wconf 90' lang='lat' dir='ltr'><strong>propositum</strong></span> <span class='ocrx_word' id='word_1_234' title='bbox 1151 2660 1275 2723; x_wconf 92' lang='lat' dir='ltr'><strong>sibi</strong></span> <span class='ocrx_word' id='word_1_235' title='bbox 1295 2661 1511 2722; x_wconf 90' lang='lat' dir='ltr'><strong>lumen</strong></span> <span class='ocrx_word' id='word_1_236' title='bbox 1533 2660 1818 2723; x_wconf 86' lang='lat' dir='ltr'><strong>veritatis</strong></span> 
     </span>
     <span class='ocr_line' id='line_1_41' title="bbox 320 2757 1817 2841; baseline -0.002 -20"><span class='ocrx_word' id='word_1_237' title='bbox 320 2760 656 2824; x_wconf 90' lang='lat' dir='ltr'><strong>abscondit</strong></span> <span class='ocrx_word' id='word_1_238' title='bbox 694 2778 708 2823; x_wconf 73' lang='grc' dir='ltr'><strong><em>ε</em></strong></span> <span class='ocrx_word' id='word_1_239' title='bbox 749 2768 820 2823; x_wconf 88' lang='grc'><strong>61</strong></span> <span class='ocrx_word' id='word_1_240' title='bbox 867 2780 1065 2841; x_wconf 92' lang='lat' dir='ltr'><strong>quum</strong></span> <span class='ocrx_word' id='word_1_241' title='bbox 1113 2760 1190 2822; x_wconf 87' lang='lat' dir='ltr'><strong>de</strong></span> <span class='ocrx_word' id='word_1_242' title='bbox 1229 2757 1530 2841; x_wconf 90' lang='lat' dir='ltr'><strong>operibus</strong></span> <span class='ocrx_word' id='word_1_243' title='bbox 1571 2758 1817 2819; x_wconf 90' lang='lat' dir='ltr'><strong>miseri-</strong></span> 
     </span>
    </p>
   </div>
   <div class='ocr_carea' id='block_1_13' title="bbox 285 2856 1814 2925">
    <p class='ocr_par' dir='ltr' id='par_1_13' title="bbox 285 2856 1814 2925">
     <span class='ocr_line' id='line_1_42' title="bbox 285 2856 1814 2925; baseline -0.004 0"><span class='ocrx_word' id='word_1_244' title='bbox 285 2860 546 2925; x_wconf 79' lang='lat' dir='ltr'><strong>.cordiae</strong></span> <span class='ocrx_word' id='word_1_245' title='bbox 579 2878 716 2923; x_wconf 82' lang='lat' dir='ltr'><strong>suae</strong></span> <span class='ocrx_word' id='word_1_246' title='bbox 748 2867 1052 2923; x_wconf 89' lang='lat' dir='ltr'><strong>testatur:</strong></span> <span class='ocrx_word' id='word_1_247' title='bbox 1088 2858 1152 2921; x_wconf 90' lang='lat' dir='ltr'><strong>Si</strong></span> <span class='ocrx_word' id='word_1_248' title='bbox 1181 2857 1425 2922; x_wconf 90' lang='lat' dir='ltr'><strong>comedi</strong></span> <span class='ocrx_word' id='word_1_249' title='bbox 1457 2856 1814 2920; x_wconf 89' lang='lat' dir='ltr'><strong>buccellam</strong></span> 
     </span>
    </p>
   </div>
   <div class='ocr_carea' id='block_1_14' title="bbox 319 2956 1814 3034">
    <p class='ocr_par' dir='ltr' id='par_1_14' title="bbox 319 2956 1814 3034">
     <span class='ocr_line' id='line_1_43' title="bbox 319 2956 1814 3034; baseline -0.001 -14"><span class='ocrx_word' id='word_1_250' title='bbox 319 2977 520 3021; x_wconf 91' lang='lat' dir='ltr'><strong>meam</strong></span> <span class='ocrx_word' id='word_1_251' title='bbox 580 2957 784 3034; x_wconf 86' lang='grc'><strong>50165,</strong></span> <span class='ocrx_word' id='word_1_252' title='bbox 835 2965 955 3021; x_wconf 86' lang='grc'><strong>616.</strong></span> <span class='ocrx_word' id='word_1_253' title='bbox 1007 2957 1272 3021; x_wconf 90' lang='lat' dir='ltr'><strong>Divinus</strong></span> <span class='ocrx_word' id='word_1_254' title='bbox 1321 2956 1558 3018; x_wconf 87' lang='lat' dir='ltr'><strong>etenim</strong></span> <span class='ocrx_word' id='word_1_255' title='bbox 1606 2974 1814 3018; x_wconf 90' lang='lat' dir='ltr'><strong>sermo</strong></span> 
     </span>
    </p>
   </div>
   <div class='ocr_carea' id='block_1_15' title="bbox 1923 1970 3418 3039">
    <p class='ocr_par' dir='ltr' id='par_1_15' title="bbox 1923 1970 3418 3039">
     <span class='ocr_line' id='line_1_44' title="bbox 1923 1970 3415 2053; baseline 0 -21"><span class='ocrx_word' id='word_1_256' title='bbox 1923 1980 2116 2053; x_wconf 87' lang='lat' dir='ltr'><strong>atque</strong></span> <span class='ocrx_word' id='word_1_257' title='bbox 2152 1991 2229 2033; x_wconf 89' lang='lat' dir='ltr'><strong>ex</strong></span> <span class='ocrx_word' id='word_1_258' title='bbox 2266 1970 2516 2033; x_wconf 87' lang='lat' dir='ltr'><strong>actione</strong></span> <span class='ocrx_word' id='word_1_259' title='bbox 2562 1970 2961 2033; x_wconf 84' lang='lat' dir='ltr'><strong>saecularium</strong></span> <span class='ocrx_word' id='word_1_260' title='bbox 3000 1970 3415 2033; x_wconf 88' lang='lat' dir='ltr'><strong>confunditur</strong></span> 
     </span>
     <span class='ocr_line' id='line_1_45' title="bbox 1925 2068 3415 2152; baseline -0.001 -21"><span class='ocrx_word' id='word_1_261' title='bbox 1925 2070 2056 2131; x_wconf 90' lang='lat' dir='ltr'><strong>vita</strong></span> <span class='ocrx_word' id='word_1_262' title='bbox 2097 2069 2537 2150; x_wconf 89' lang='lat' dir='ltr'><strong>religiosorum</strong></span> <span class='ocrx_word' id='word_1_263' title='bbox 2577 2070 2887 2152; x_wconf 89' lang='lat' dir='ltr'><strong>promissa</strong></span> <span class='ocrx_word' id='word_1_264' title='bbox 2919 2088 3043 2131; x_wconf 90' lang='lat' dir='ltr'><strong>non</strong></span> <span class='ocrx_word' id='word_1_265' title='bbox 3074 2068 3415 2132; x_wconf 84' lang='lat' dir='ltr'><strong>observan-</strong></span> 
     </span>
     <span class='ocr_line' id='line_1_46' title="bbox 1927 2168 3411 2249; baseline 0 -19"><span class='ocrx_word' id='word_1_266' title='bbox 1927 2169 2108 2230; x_wconf 90' lang='lat' dir='ltr'><strong>tium.</strong></span> <span class='ocrx_word' id='word_1_267' title='bbox 2140 2205 2222 2213; x_wconf 93' lang='lat'><strong>—</strong></span> <span class='ocrx_word' id='word_1_268' title='bbox 2247 2168 2435 2230; x_wconf 92' lang='lat' dir='ltr'><strong>Porro</strong></span> <span class='ocrx_word' id='word_1_269' title='bbox 2463 2168 2843 2249; x_wconf 85' lang='lat' dir='ltr'><strong>Redemptor</strong></span> <span class='ocrx_word' id='word_1_270' title='bbox 2882 2177 3094 2231; x_wconf 92' lang='lat' dir='ltr'><strong>noster</strong></span> <span class='ocrx_word' id='word_1_271' title='bbox 3140 2168 3306 2230; x_wconf 89' lang='lat' dir='ltr'><strong>sicut</strong></span> <span class='ocrx_word' id='word_1_272' title='bbox 3332 2168 3411 2230; x_wconf 88' lang='lat' dir='ltr'><strong>ad</strong></span> 
     </span>
     <span class='ocr_line' id='line_1_47' title="bbox 1927 2266 3415 2349; baseline 0.001 -22"><span class='ocrx_word' id='word_1_273' title='bbox 1927 2267 2427 2349; x_wconf 84' lang='lat' dir='ltr'><strong>redemptionem</strong></span> <span class='ocrx_word' id='word_1_274' title='bbox 2456 2267 2814 2328; x_wconf 87' lang='lat' dir='ltr'><strong>Judaeorum</strong></span> <span class='ocrx_word' id='word_1_275' title='bbox 2846 2274 2907 2329; x_wconf 93' lang='lat' dir='ltr'><strong>et</strong></span> <span class='ocrx_word' id='word_1_276' title='bbox 2942 2266 3281 2345; x_wconf 83' lang='lat' dir='ltr'><strong>gentilium</strong></span> <span class='ocrx_word' id='word_1_277' title='bbox 3308 2285 3415 2329; x_wconf 87' lang='lat' dir='ltr'><strong>vc-</strong></span> 
     </span>
     <span class='ocr_line' id='line_1_48' title="bbox 1927 2365 3416 2447; baseline -0.003 -17"><span class='ocrx_word' id='word_1_278' title='bbox 1927 2366 2042 2443; x_wconf 91' lang='lat' dir='ltr'><strong>nit‚</strong></span> <span class='ocrx_word' id='word_1_279' title='bbox 2089 2368 2175 2428; x_wconf 85' lang='lat' dir='ltr'><strong>ita</strong></span> <span class='ocrx_word' id='word_1_280' title='bbox 2215 2385 2282 2429; x_wconf 86' lang='lat' dir='ltr'><strong>se</strong></span> <span class='ocrx_word' id='word_1_281' title='bbox 2321 2365 2687 2447; x_wconf 88' lang='lat' dir='ltr'><strong>prophetari</strong></span> <span class='ocrx_word' id='word_1_282' title='bbox 2726 2365 3083 2429; x_wconf 82' lang='lat' dir='ltr'><strong>Judaeorum</strong></span> <span class='ocrx_word' id='word_1_283' title='bbox 3124 2373 3186 2427; x_wconf 90' lang='lat' dir='ltr'><strong>et</strong></span> <span class='ocrx_word' id='word_1_284' title='bbox 3220 2365 3416 2446; x_wconf 90' lang='lat' dir='ltr'><strong>genti-</strong></span> 
     </span>
     <span class='ocr_line' id='line_1_49' title="bbox 1928 2464 3418 2547; baseline 0.001 -19"><span class='ocrx_word' id='word_1_285' title='bbox 1928 2467 2084 2528; x_wconf 93' lang='lat' dir='ltr'><strong>lium</strong></span> <span class='ocrx_word' id='word_1_286' title='bbox 2107 2464 2372 2528; x_wconf 82' lang='lat' dir='ltr'><strong>vocibus</strong></span> <span class='ocrx_word' id='word_1_287' title='bbox 2393 2464 2617 2541; x_wconf 89' lang='lat' dir='ltr'><strong>voluit,</strong></span> <span class='ocrx_word' id='word_1_288' title='bbox 2638 2472 2709 2526; x_wconf 89' lang='lat' dir='ltr'><strong>ut</strong></span> <span class='ocrx_word' id='word_1_289' title='bbox 2730 2482 2842 2545; x_wconf 90' lang='lat' dir='ltr'><strong>per</strong></span> <span class='ocrx_word' id='word_1_290' title='bbox 2862 2472 3205 2546; x_wconf 88' lang='lat' dir='ltr'><strong>utrumque</strong></span> <span class='ocrx_word' id='word_1_291' title='bbox 3225 2483 3418 2547; x_wconf 92' lang='lat' dir='ltr'><strong>popu-</strong></span> 
     </span>
     <span class='ocr_line' id='line_1_50' title="bbox 1928 2562 3414 2646; baseline -0.001 -19"><span class='ocrx_word' id='word_1_292' title='bbox 1928 2566 2060 2627; x_wconf 90' lang='lat' dir='ltr'><strong>lum</strong></span> <span class='ocrx_word' id='word_1_293' title='bbox 2093 2563 2562 2646; x_wconf 63' lang='lat' dir='ltr'><strong>praediceretur,</strong></span> <span class='ocrx_word' id='word_1_294' title='bbox 2589 2562 2699 2643; x_wconf 91' lang='lat' dir='ltr'><strong>qui</strong></span> <span class='ocrx_word' id='word_1_295' title='bbox 2732 2581 2847 2645; x_wconf 91' lang='lat' dir='ltr'><strong>pro</strong></span> <span class='ocrx_word' id='word_1_296' title='bbox 2876 2571 3147 2643; x_wconf 92' lang='lat' dir='ltr'><strong>utroque</strong></span> <span class='ocrx_word' id='word_1_297' title='bbox 3175 2563 3414 2645; x_wconf 91' lang='lat' dir='ltr'><strong>populo</strong></span> 
     </span>
     <span class='ocr_line' id='line_1_51' title="bbox 1923 2660 3413 2744; baseline -0.001 -19"><span class='ocrx_word' id='word_1_298' title='bbox 1923 2663 2270 2744; x_wconf 91' lang='lat' dir='ltr'><strong>aliquando</strong></span> <span class='ocrx_word' id='word_1_299' title='bbox 2318 2669 2661 2742; x_wconf 90' lang='lat' dir='ltr'><strong>pateretur.</strong></span> <span class='ocrx_word' id='word_1_300' title='bbox 2722 2660 2986 2723; x_wconf 87' lang='lat' dir='ltr'><strong>Sanctus</strong></span> <span class='ocrx_word' id='word_1_301' title='bbox 3032 2668 3242 2723; x_wconf 88' lang='lat' dir='ltr'><strong>autem</strong></span> <span class='ocrx_word' id='word_1_302' title='bbox 3296 2660 3413 2723; x_wconf 89' lang='lat' dir='ltr'><strong>Job</strong></span> 
     </span>
     <span class='ocr_line' id='line_1_52' title="bbox 1925 2758 3413 2836; baseline -0.003 -11"><span class='ocrx_word' id='word_1_303' title='bbox 1925 2762 2191 2825; x_wconf 90' lang='lat' dir='ltr'><strong>summis</strong></span> <span class='ocrx_word' id='word_1_304' title='bbox 2230 2760 2574 2825; x_wconf 89' lang='lat' dir='ltr'><strong>virtutibus</strong></span> <span class='ocrx_word' id='word_1_305' title='bbox 2624 2758 2846 2836; x_wconf 79' lang='lat' dir='ltr'><strong>fultuS,</strong></span> <span class='ocrx_word' id='word_1_306' title='bbox 2890 2759 3015 2821; x_wconf 89' lang='lat' dir='ltr'><strong>sibi</strong></span> <span class='ocrx_word' id='word_1_307' title='bbox 3062 2768 3248 2822; x_wconf 91' lang='lat' dir='ltr'><strong>notus</strong></span> <span class='ocrx_word' id='word_1_308' title='bbox 3278 2768 3413 2822; x_wconf 89' lang='lat' dir='ltr'><strong>erat</strong></span> 
     </span>
     <span class='ocr_line' id='line_1_53' title="bbox 1924 2857 3409 2940; baseline -0.003 -18"><span class='ocrx_word' id='word_1_309' title='bbox 1924 2869 1986 2923; x_wconf 90' lang='lat' dir='ltr'><strong>et</strong></span> <span class='ocrx_word' id='word_1_310' title='bbox 2015 2861 2139 2923; x_wconf 92' lang='lat' dir='ltr'><strong>Deo</strong></span> <span class='ocrx_word' id='word_1_311' title='bbox 2174 2876 2188 2920; x_wconf 92' lang='lat'>:</span> <span class='ocrx_word' id='word_1_312' title='bbox 2224 2858 2332 2940; x_wconf 91' lang='lat' dir='ltr'><strong>qui</strong></span> <span class='ocrx_word' id='word_1_313' title='bbox 2382 2858 2436 2920; x_wconf 95' lang='lat' dir='ltr'><strong>si</strong></span> <span class='ocrx_word' id='word_1_314' title='bbox 2485 2877 2612 2922; x_wconf 90' lang='lat' dir='ltr'><strong>non</strong></span> <span class='ocrx_word' id='word_1_315' title='bbox 2652 2857 3107 2938; x_wconf 84' lang='lat' dir='ltr'><strong>flagellaretur,</strong></span> <span class='ocrx_word' id='word_1_316' title='bbox 3147 2877 3184 2919; x_wconf 99' lang='lat' dir='ltr'><strong>a</strong></span> <span class='ocrx_word' id='word_1_317' title='bbox 3223 2857 3409 2920; x_wconf 92' lang='lat' dir='ltr'><strong>nobis</strong></span> 
     </span>
     <span class='ocr_line' id='line_1_54' title="bbox 1925 2956 3410 3039; baseline -0.001 -18"><span class='ocrx_word' id='word_1_318' title='bbox 1925 2958 2290 3021; x_wconf 90' lang='lat' dir='ltr'><strong>nullatenus</strong></span> <span class='ocrx_word' id='word_1_319' title='bbox 2338 2956 2621 3039; x_wconf 84' lang='lat' dir='ltr'><strong>perfecte</strong></span> <span class='ocrx_word' id='word_1_320' title='bbox 2658 2963 3161 3037; x_wconf 86' lang='lat' dir='ltr'><strong>cognosceretur.</strong></span> <span class='ocrx_word' id='word_1_321' title='bbox 3195 2956 3410 3019; x_wconf 82' lang='lat' dir='ltr'><strong>Virtus</strong></span> 
     </span>
    </p>
   </div>
   <div class='ocr_carea' id='block_1_16' title="bbox 321 3053 3407 3141">
    <p class='ocr_par' dir='ltr' id='par_1_16' title="bbox 321 3053 3407 3141">
     <span class='ocr_line' id='line_1_55' title="bbox 321 3053 3407 3141; baseline -0.001 -22"><span class='ocrx_word' id='word_1_322' title='bbox 321 3057 479 3121; x_wconf 89' lang='lat' dir='ltr'><strong>sicut</strong></span> <span class='ocrx_word' id='word_1_323' title='bbox 504 3056 834 3141; x_wconf 82' lang='lat' dir='ltr'><strong>mysteriis</strong></span> <span class='ocrx_word' id='word_1_324' title='bbox 865 3057 1211 3138; x_wconf 90' lang='lat' dir='ltr'><strong>prudentes</strong></span> <span class='ocrx_word' id='word_1_325' title='bbox 1251 3062 1519 3131; x_wconf 82' lang='lat' dir='ltr'><strong>exercet,</strong></span> <span class='ocrx_word' id='word_1_326' title='bbox 1557 3053 1652 3116; x_wconf 90' lang='lat' dir='ltr'><strong>sic</strong></span> <span class='ocrx_word' id='word_1_327' title='bbox 1681 3053 1814 3135; x_wconf 88' lang='lat' dir='ltr'><strong>ple-</strong></span> <span class='ocrx_word' id='word_1_328' title='bbox 1849 3062 1895 3128; x_wconf 84' lang='lat' dir='ltr'><strong>G</strong></span> <span class='ocrx_word' id='word_1_329' title='bbox 1925 3057 2165 3139; x_wconf 91' lang='lat' dir='ltr'><strong>quippe</strong></span> <span class='ocrx_word' id='word_1_330' title='bbox 2194 3057 2333 3136; x_wconf 88' lang='lat' dir='ltr'><strong>ejus</strong></span> <span class='ocrx_word' id='word_1_331' title='bbox 2362 3056 2551 3118; x_wconf 89' lang='lat' dir='ltr'><strong>etiam</strong></span> <span class='ocrx_word' id='word_1_332' title='bbox 2583 3056 2649 3117; x_wconf 92' lang='lat' dir='ltr'><strong>in</strong></span> <span class='ocrx_word' id='word_1_333' title='bbox 2680 3055 2895 3136; x_wconf 91' lang='lat' dir='ltr'><strong>quiete</strong></span> <span class='ocrx_word' id='word_1_334' title='bbox 2924 3074 2991 3118; x_wconf 90' lang='lat' dir='ltr'><strong>se</strong></span> <span class='ocrx_word' id='word_1_335' title='bbox 3019 3054 3407 3133; x_wconf 83' lang='lat' dir='ltr'><strong>exercitavit,</strong></span> 
     </span>
    </p>
   </div>
   <div class='ocr_carea' id='block_1_17' title="bbox 314 3152 1817 4217">
    <p class='ocr_par' dir='ltr' id='par_1_17' title="bbox 314 3152 1815 3830">
     <span class='ocr_line' id='line_1_56' title="bbox 321 3152 1814 3238; baseline -0.001 -21"><span class='ocrx_word' id='word_1_336' title='bbox 321 3176 588 3238; x_wconf 88' lang='lat' dir='ltr'><strong>rumque</strong></span> <span class='ocrx_word' id='word_1_337' title='bbox 632 3153 982 3238; x_wconf 84' lang='lat' dir='ltr'><strong>superficie</strong></span> <span class='ocrx_word' id='word_1_338' title='bbox 1029 3154 1352 3237; x_wconf 90' lang='lat' dir='ltr'><strong>simplices</strong></span> <span class='ocrx_word' id='word_1_339' title='bbox 1401 3152 1670 3217; x_wconf 84' lang='lat' dir='ltr'><strong>refovet.</strong></span> <span class='ocrx_word' id='word_1_340' title='bbox 1702 3154 1814 3215; x_wconf 88' lang='lat' dir='ltr'><strong>Ha-</strong></span> 
     </span>
     <span class='ocr_line' id='line_1_57' title="bbox 318 3252 1815 3337; baseline -0.002 -21"><span class='ocrx_word' id='word_1_341' title='bbox 318 3255 420 3317; x_wconf 88' lang='lat' dir='ltr'><strong>bet</strong></span> <span class='ocrx_word' id='word_1_342' title='bbox 446 3256 513 3317; x_wconf 89' lang='lat' dir='ltr'><strong>in</strong></span> <span class='ocrx_word' id='word_1_343' title='bbox 545 3254 816 3337; x_wconf 89' lang='lat' dir='ltr'><strong>publico</strong></span> <span class='ocrx_word' id='word_1_344' title='bbox 843 3254 1014 3317; x_wconf 88' lang='lat' dir='ltr'><strong>unde</strong></span> <span class='ocrx_word' id='word_1_345' title='bbox 1042 3254 1342 3336; x_wconf 86' lang='lat' dir='ltr'><strong>parvulos</strong></span> <span class='ocrx_word' id='word_1_346' title='bbox 1373 3252 1652 3333; x_wconf 86' lang='lat' dir='ltr'><strong>nutriat3</strong></span> <span class='ocrx_word' id='word_1_347' title='bbox 1685 3271 1815 3314; x_wconf 89' lang='lat' dir='ltr'><strong>ser-</strong></span> 
     </span>
     <span class='ocr_line' id='line_1_58' title="bbox 317 3350 1812 3417; baseline -0.004 0"><span class='ocrx_word' id='word_1_348' title='bbox 317 3354 511 3417; x_wconf 88' lang='lat' dir='ltr'><strong>vatin</strong></span> <span class='ocrx_word' id='word_1_349' title='bbox 552 3360 803 3416; x_wconf 89' lang='lat' dir='ltr'><strong>secreto</strong></span> <span class='ocrx_word' id='word_1_350' title='bbox 842 3353 1012 3415; x_wconf 89' lang='lat' dir='ltr'><strong>unde</strong></span> <span class='ocrx_word' id='word_1_351' title='bbox 1053 3360 1296 3415; x_wconf 90' lang='lat' dir='ltr'><strong>mentes</strong></span> <span class='ocrx_word' id='word_1_352' title='bbox 1339 3350 1712 3414; x_wconf 88' lang='lat' dir='ltr'><strong>sublimium</strong></span> <span class='ocrx_word' id='word_1_353' title='bbox 1744 3350 1812 3412; x_wconf 89' lang='lat' dir='ltr'><strong>in</strong></span> 
     </span>
     <span class='ocr_line' id='line_1_59' title="bbox 314 3449 1811 3533; baseline -0.002 -20"><span class='ocrx_word' id='word_1_354' title='bbox 314 3452 738 3515; x_wconf 85' lang='lat' dir='ltr'><strong>admiratione</strong></span> <span class='ocrx_word' id='word_1_355' title='bbox 784 3452 1152 3533; x_wconf 88' lang='lat' dir='ltr'><strong>suspendat.</strong></span> <span class='ocrx_word' id='word_1_356' title='bbox 1185 3451 1294 3512; x_wconf 92' lang='lat' dir='ltr'><strong>Est</strong></span> <span class='ocrx_word' id='word_1_357' title='bbox 1343 3449 1584 3531; x_wconf 89' lang='lat' dir='ltr'><strong>quippe</strong></span> <span class='ocrx_word' id='word_1_358' title='bbox 1633 3467 1811 3513; x_wconf 88' lang='lat' dir='ltr'><strong>sacra</strong></span> 
     </span>
     <span class='ocr_line' id='line_1_60' title="bbox 317 3548 1814 3633; baseline -0.001 -20"><span class='ocrx_word' id='word_1_359' title='bbox 317 3550 642 3633; x_wconf 85' lang='lat' dir='ltr'><strong>Scriptura</strong></span> <span class='ocrx_word' id='word_1_360' title='bbox 689 3558 760 3612; x_wconf 89' lang='lat' dir='ltr'><strong>ut</strong></span> <span class='ocrx_word' id='word_1_361' title='bbox 799 3549 1043 3612; x_wconf 87' lang='lat' dir='ltr'><strong>fluvius</strong></span> <span class='ocrx_word' id='word_1_362' title='bbox 1082 3550 1312 3631; x_wconf 89' lang='lat' dir='ltr'><strong>planus</strong></span> <span class='ocrx_word' id='word_1_363' title='bbox 1351 3557 1414 3611; x_wconf 91' lang='lat' dir='ltr'><strong>et</strong></span> <span class='ocrx_word' id='word_1_364' title='bbox 1462 3548 1629 3611; x_wconf 86' lang='lat' dir='ltr'><strong>altus</strong></span> <span class='ocrx_word' id='word_1_365' title='bbox 1679 3549 1814 3611; x_wconf 87' lang='lat' dir='ltr'><strong>sive</strong></span> 
     </span>
     <span class='ocr_line' id='line_1_61' title="bbox 317 3647 1815 3731; baseline -0.001 -20"><span class='ocrx_word' id='word_1_366' title='bbox 317 3648 698 3731; x_wconf 83' lang='lat' dir='ltr'><strong>profunduS,</strong></span> <span class='ocrx_word' id='word_1_367' title='bbox 750 3649 818 3710; x_wconf 91' lang='lat' dir='ltr'><strong>in</strong></span> <span class='ocrx_word' id='word_1_368' title='bbox 867 3666 995 3730; x_wconf 89' lang='lat' dir='ltr'><strong>quo</strong></span> <span class='ocrx_word' id='word_1_369' title='bbox 1045 3656 1108 3711; x_wconf 91' lang='lat' dir='ltr'><strong>et</strong></span> <span class='ocrx_word' id='word_1_370' title='bbox 1154 3665 1355 3728; x_wconf 90' lang='lat' dir='ltr'><strong>agnus</strong></span> <span class='ocrx_word' id='word_1_371' title='bbox 1404 3647 1708 3724; x_wconf 89' lang='lat' dir='ltr'><strong>ambulet,</strong></span> <span class='ocrx_word' id='word_1_372' title='bbox 1753 3656 1815 3709; x_wconf 93' lang='grc'><strong>61</strong></span> 
     </span>
     <span class='ocr_line' id='line_1_62' title="bbox 317 3747 802 3830; baseline -0.002 -20"><span class='ocrx_word' id='word_1_373' title='bbox 317 3747 566 3830; x_wconf 88' lang='lat' dir='ltr'><strong>elephas</strong></span> <span class='ocrx_word' id='word_1_374' title='bbox 601 3756 802 3811; x_wconf 89' lang='lat' dir='ltr'><strong>natet.</strong></span> 
     </span>
    </p>

    <p class='ocr_par' dir='ltr' id='par_1_18' title="bbox 317 3844 1817 4217">
     <span class='ocr_line' id='line_1_63' title="bbox 391 3844 1812 3930; baseline -0.001 -22"><span class='ocrx_word' id='word_1_375' title='bbox 391 3848 659 3930; x_wconf 88' lang='lat' dir='ltr'><strong>lnsuper</strong></span> <span class='ocrx_word' id='word_1_376' title='bbox 703 3845 1042 3926; x_wconf 83' lang='lat' dir='ltr'><strong>Gregorius</strong></span> <span class='ocrx_word' id='word_1_377' title='bbox 1089 3845 1167 3908; x_wconf 88' lang='lat' dir='ltr'><strong>dc</strong></span> <span class='ocrx_word' id='word_1_378' title='bbox 1215 3864 1284 3908; x_wconf 92' lang='grc'><strong>56</strong></span> <span class='ocrx_word' id='word_1_379' title='bbox 1329 3845 1422 3907; x_wconf 86' lang='grc'><strong>611</strong></span> <span class='ocrx_word' id='word_1_380' title='bbox 1467 3862 1480 3906; x_wconf 92' lang='lat'>:</span> <span class='ocrx_word' id='word_1_381' title='bbox 1523 3844 1812 3906; x_wconf 85' lang='lat' dir='ltr'><strong>Fortasse</strong></span> 
     </span>
     <span class='ocr_line' id='line_1_64' title="bbox 317 3942 1817 4029; baseline -0.001 -23"><span class='ocrx_word' id='word_1_382' title='bbox 317 3945 550 4009; x_wconf 68' lang='lat' dir='ltr'><strong>divinae</strong></span> <span class='ocrx_word' id='word_1_383' title='bbox 574 3943 1004 4029; x_wconf 79' lang='lat' dir='ltr'><strong>providentiae</strong></span> <span class='ocrx_word' id='word_1_384' title='bbox 1032 3944 1376 4007; x_wconf 90' lang='lat' dir='ltr'><strong>consilium</strong></span> <span class='ocrx_word' id='word_1_385' title='bbox 1411 3942 1556 4019; x_wconf 90' lang='lat' dir='ltr'><strong>fuit,</strong></span> <span class='ocrx_word' id='word_1_386' title='bbox 1585 3951 1654 4005; x_wconf 91' lang='lat' dir='ltr'><strong>ut</strong></span> <span class='ocrx_word' id='word_1_387' title='bbox 1683 3962 1817 4025; x_wconf 92' lang='lat' dir='ltr'><strong>per-</strong></span> 
     </span>
     <span class='ocr_line' id='line_1_65' title="bbox 319 4041 1815 4125; baseline -0.001 -20"><span class='ocrx_word' id='word_1_388' title='bbox 319 4063 567 4106; x_wconf 90' lang='lat' dir='ltr'><strong>cussum</strong></span> <span class='ocrx_word' id='word_1_389' title='bbox 625 4043 747 4107; x_wconf 82' lang='lat' dir='ltr'><strong>Job</strong></span> <span class='ocrx_word' id='word_1_390' title='bbox 804 4062 1166 4125; x_wconf 88' lang='lat' dir='ltr'><strong>percussus,</strong></span> <span class='ocrx_word' id='word_1_391' title='bbox 1217 4042 1519 4105; x_wconf 90' lang='lat' dir='ltr'><strong>videlicet</strong></span> <span class='ocrx_word' id='word_1_392' title='bbox 1573 4041 1815 4105; x_wconf 88' lang='lat' dir='ltr'><strong>crebris</strong></span> 
     </span>
     <span class='ocr_line' id='line_1_66' title="bbox 318 4140 1816 4217; baseline 0 -14"><span class='ocrx_word' id='word_1_393' title='bbox 318 4141 632 4206; x_wconf 86' lang='lat' dir='ltr'><strong>viscerum</strong></span> <span class='ocrx_word' id='word_1_394' title='bbox 689 4141 1022 4205; x_wconf 90' lang='lat' dir='ltr'><strong>doloribus</strong></span> <span class='ocrx_word' id='word_1_395' title='bbox 1069 4141 1410 4217; x_wconf 77' lang='grc'><strong>6166161115,</strong></span> <span class='ocrx_word' id='word_1_396' title='bbox 1464 4140 1637 4203; x_wconf 90' lang='lat' dir='ltr'><strong>horis</strong></span> <span class='ocrx_word' id='word_1_397' title='bbox 1684 4158 1816 4203; x_wconf 93' lang='lat' dir='ltr'><strong>mo-</strong></span> 
     </span>
    </p>
   </div>
   <div class='ocr_carea' id='block_1_18' title="bbox 1923 3153 3419 4222">
    <p class='ocr_par' dir='ltr' id='par_1_19' title="bbox 1923 3153 3419 4222">
     <span class='ocr_line' id='line_1_67' title="bbox 1925 3153 3414 3237; baseline -0.003 -18"><span class='ocrx_word' id='word_1_398' title='bbox 1925 3156 2034 3219; x_wconf 90' lang='lat' dir='ltr'><strong>sed</strong></span> <span class='ocrx_word' id='word_1_399' title='bbox 2065 3154 2320 3219; x_wconf 90' lang='lat' dir='ltr'><strong>virtutis</strong></span> <span class='ocrx_word' id='word_1_400' title='bbox 2359 3154 2577 3237; x_wconf 89' lang='lat' dir='ltr'><strong>opinio</strong></span> <span class='ocrx_word' id='word_1_401' title='bbox 2619 3154 2897 3235; x_wconf 86' lang='lat' dir='ltr'><strong>flagellis</strong></span> <span class='ocrx_word' id='word_1_402' title='bbox 2935 3163 3248 3217; x_wconf 89' lang='lat' dir='ltr'><strong>commota</strong></span> <span class='ocrx_word' id='word_1_403' title='bbox 3288 3153 3414 3215; x_wconf 91' lang='lat' dir='ltr'><strong>fra-</strong></span> 
     </span>
     <span class='ocr_line' id='line_1_68' title="bbox 1923 3253 3416 3336; baseline 0 -20"><span class='ocrx_word' id='word_1_404' title='bbox 1923 3255 2152 3336; x_wconf 84' lang='lat' dir='ltr'><strong>gravit.</strong></span> <span class='ocrx_word' id='word_1_405' title='bbox 2189 3253 2365 3318; x_wconf 86' lang='lat' dir='ltr'><strong>Sicut</strong></span> <span class='ocrx_word' id='word_1_406' title='bbox 2401 3254 2571 3315; x_wconf 90' lang='lat' dir='ltr'><strong>enim</strong></span> <span class='ocrx_word' id='word_1_407' title='bbox 2614 3262 2939 3334; x_wconf 87' lang='lat' dir='ltr'><strong>unguenta</strong></span> <span class='ocrx_word' id='word_1_408' title='bbox 2980 3253 3104 3316; x_wconf 89' lang='lat' dir='ltr'><strong>late</strong></span> <span class='ocrx_word' id='word_1_409' title='bbox 3150 3272 3277 3316; x_wconf 90' lang='lat' dir='ltr'><strong>non</strong></span> <span class='ocrx_word' id='word_1_410' title='bbox 3320 3272 3416 3316; x_wconf 91' lang='lat' dir='ltr'><strong>re-</strong></span> 
     </span>
     <span class='ocr_line' id='line_1_69' title="bbox 1925 3352 3414 3431; baseline -0.003 -14"><span class='ocrx_word' id='word_1_411' title='bbox 1925 3354 2163 3430; x_wconf 87' lang='lat' dir='ltr'><strong>dolent,</strong></span> <span class='ocrx_word' id='word_1_412' title='bbox 2215 3352 2339 3415; x_wconf 89' lang='lat' dir='ltr'><strong>nisi</strong></span> <span class='ocrx_word' id='word_1_413' title='bbox 2386 3360 2699 3415; x_wconf 91' lang='lat' dir='ltr'><strong>commota</strong></span> <span class='ocrx_word' id='word_1_414' title='bbox 2740 3371 2755 3431; x_wconf 93' lang='grc'><strong>;</strong></span> <span class='ocrx_word' id='word_1_415' title='bbox 2815 3361 2878 3415; x_wconf 97' lang='grc'><strong>61</strong></span> <span class='ocrx_word' id='word_1_416' title='bbox 2924 3352 3089 3415; x_wconf 89' lang='lat' dir='ltr'><strong>sicut</strong></span> <span class='ocrx_word' id='word_1_417' title='bbox 3132 3360 3414 3415; x_wconf 87' lang='lat' dir='ltr'><strong>aromata</strong></span> 
     </span>
     <span class='ocr_line' id='line_1_70' title="bbox 1925 3449 3409 3532; baseline -0.002 -18"><span class='ocrx_word' id='word_1_418' title='bbox 1925 3452 2339 3532; x_wconf 86' lang='lat' dir='ltr'><strong>fragrantiam</strong></span> <span class='ocrx_word' id='word_1_419' title='bbox 2388 3470 2568 3513; x_wconf 88' lang='lat' dir='ltr'><strong>suam</strong></span> <span class='ocrx_word' id='word_1_420' title='bbox 2618 3469 2745 3513; x_wconf 91' lang='lat' dir='ltr'><strong>non</strong></span> <span class='ocrx_word' id='word_1_421' title='bbox 2796 3449 2919 3513; x_wconf 90' lang='lat' dir='ltr'><strong>nisi</strong></span> <span class='ocrx_word' id='word_1_422' title='bbox 2967 3451 3409 3528; x_wconf 90' lang='lat' dir='ltr'><strong>incendantur,</strong></span> 
     </span>
     <span class='ocr_line' id='line_1_71' title="bbox 1927 3548 3417 3633; baseline -0.003 -20"><span class='ocrx_word' id='word_1_423' title='bbox 1927 3551 2295 3633; x_wconf 89' lang='lat' dir='ltr'><strong>expandunt</strong></span> <span class='ocrx_word' id='word_1_424' title='bbox 2330 3569 2341 3612; x_wconf 94' lang='lat'>:</span> <span class='ocrx_word' id='word_1_425' title='bbox 2376 3550 2462 3611; x_wconf 83' lang='lat' dir='ltr'><strong>ita</strong></span> <span class='ocrx_word' id='word_1_426' title='bbox 2494 3548 2694 3612; x_wconf 90' lang='lat' dir='ltr'><strong>sancti</strong></span> <span class='ocrx_word' id='word_1_427' title='bbox 2726 3548 2849 3611; x_wconf 89' lang='lat' dir='ltr'><strong>viri</strong></span> <span class='ocrx_word' id='word_1_428' title='bbox 2881 3568 3069 3613; x_wconf 90' lang='lat' dir='ltr'><strong>omne</strong></span> <span class='ocrx_word' id='word_1_429' title='bbox 3098 3549 3268 3630; x_wconf 92' lang='lat' dir='ltr'><strong>quod</strong></span> <span class='ocrx_word' id='word_1_430' title='bbox 3296 3548 3417 3610; x_wconf 88' lang='lat' dir='ltr'><strong>vir-</strong></span> 
     </span>
     <span class='ocr_line' id='line_1_72' title="bbox 1927 3647 3417 3725; baseline -0.001 -13"><span class='ocrx_word' id='word_1_431' title='bbox 1927 3649 2173 3713; x_wconf 88' lang='lat' dir='ltr'><strong>tutibus</strong></span> <span class='ocrx_word' id='word_1_432' title='bbox 2212 3648 2522 3725; x_wconf 87' lang='lat' dir='ltr'><strong>redolent,</strong></span> <span class='ocrx_word' id='word_1_433' title='bbox 2558 3648 2622 3711; x_wconf 90' lang='lat' dir='ltr'><strong>in</strong></span> <span class='ocrx_word' id='word_1_434' title='bbox 2665 3647 3187 3710; x_wconf 89' lang='lat' dir='ltr'><strong>tribulationibus</strong></span> <span class='ocrx_word' id='word_1_435' title='bbox 3235 3647 3417 3710; x_wconf 90' lang='lat' dir='ltr'><strong>inno-</strong></span> 
     </span>
     <span class='ocr_line' id='line_1_73' title="bbox 1925 3744 3418 3811; baseline -0.002 -1"><span class='ocrx_word' id='word_1_436' title='bbox 1925 3756 2199 3811; x_wconf 87' lang='lat' dir='ltr'><strong>tescunt.</strong></span> <span class='ocrx_word' id='word_1_437' title='bbox 2256 3747 2412 3809; x_wconf 89' lang='lat' dir='ltr'><strong>Hinc</strong></span> <span class='ocrx_word' id='word_1_438' title='bbox 2460 3746 2695 3809; x_wconf 86' lang='lat' dir='ltr'><strong>dieitur</strong></span> <span class='ocrx_word' id='word_1_439' title='bbox 2741 3746 2808 3810; x_wconf 90' lang='lat' dir='ltr'><strong>in</strong></span> <span class='ocrx_word' id='word_1_440' title='bbox 2854 3746 3100 3808; x_wconf 87' lang='lat' dir='ltr'><strong>Psalmo</strong></span> <span class='ocrx_word' id='word_1_441' title='bbox 3140 3762 3155 3807; x_wconf 78' lang='lat' dir='ltr'><strong><em>z</em></strong></span> <span class='ocrx_word' id='word_1_442' title='bbox 3199 3746 3267 3807; x_wconf 89' lang='lat' dir='ltr'><strong>ln</strong></span> <span class='ocrx_word' id='word_1_443' title='bbox 3313 3744 3418 3807; x_wconf 89' lang='lat' dir='ltr'><strong>die</strong></span> 
     </span>
     <span class='ocr_line' id='line_1_74' title="bbox 1926 3843 3417 3920; baseline -0.001 -13"><span class='ocrx_word' id='word_1_444' title='bbox 1926 3845 2253 3909; x_wconf 88' lang='lat' dir='ltr'><strong>mandavit</strong></span> <span class='ocrx_word' id='word_1_445' title='bbox 2278 3845 2576 3907; x_wconf 88' lang='lat' dir='ltr'><strong>Dominus</strong></span> <span class='ocrx_word' id='word_1_446' title='bbox 2606 3843 3103 3907; x_wconf 87' lang='lat' dir='ltr'><strong>misericordiam</strong></span> <span class='ocrx_word' id='word_1_447' title='bbox 3135 3864 3335 3920; x_wconf 86' lang='lat' dir='ltr'><strong>suam,</strong></span> <span class='ocrx_word' id='word_1_448' title='bbox 3356 3852 3417 3906; x_wconf 93' lang='grc'><strong>61</strong></span> 
     </span>
     <span class='ocr_line' id='line_1_75' title="bbox 1928 3940 3417 4006; baseline -0.002 0"><span class='ocrx_word' id='word_1_449' title='bbox 1928 3951 2113 4006; x_wconf 91' lang='grc'><strong>110616</strong></span> <span class='ocrx_word' id='word_1_450' title='bbox 2162 3942 2507 4005; x_wconf 87' lang='lat' dir='ltr'><strong>declaravit</strong></span> <span class='ocrx_word' id='word_1_451' title='bbox 2560 3960 2722 4003; x_wconf 89' lang='lat' dir='ltr'><strong>eam.</strong></span> <span class='ocrx_word' id='word_1_452' title='bbox 2774 3940 3196 4003; x_wconf 86' lang='lat' dir='ltr'><strong>Misericordia</strong></span> <span class='ocrx_word' id='word_1_453' title='bbox 3244 3940 3417 4003; x_wconf 83' lang='lat' dir='ltr'><strong>enim</strong></span> 
     </span>
     <span class='ocr_line' id='line_1_76' title="bbox 1926 4038 3419 4121; baseline -0.003 -16"><span class='ocrx_word' id='word_1_454' title='bbox 1926 4041 2178 4105; x_wconf 90' lang='lat' dir='ltr'><strong>Domini</strong></span> <span class='ocrx_word' id='word_1_455' title='bbox 2209 4042 2276 4103; x_wconf 90' lang='lat' dir='ltr'><strong>in</strong></span> <span class='ocrx_word' id='word_1_456' title='bbox 2307 4041 2411 4103; x_wconf 89' lang='lat' dir='ltr'><strong>die</strong></span> <span class='ocrx_word' id='word_1_457' title='bbox 2438 4040 2794 4116; x_wconf 88' lang='lat' dir='ltr'><strong>mandatur,</strong></span> <span class='ocrx_word' id='word_1_458' title='bbox 2830 4039 3130 4121; x_wconf 88' lang='lat' dir='ltr'><strong>quoniam</strong></span> <span class='ocrx_word' id='word_1_459' title='bbox 3164 4038 3229 4100; x_wconf 89' lang='lat' dir='ltr'><strong>in</strong></span> <span class='ocrx_word' id='word_1_460' title='bbox 3252 4048 3419 4101; x_wconf 85' lang='lat' dir='ltr'><strong>tran-</strong></span> 
     </span>
     <span class='ocr_line' id='line_1_77' title="bbox 1929 4137 3419 4222; baseline -0.001 -21"><span class='ocrx_word' id='word_1_461' title='bbox 1929 4140 2132 4222; x_wconf 86' lang='lat' dir='ltr'><strong>quillo</strong></span> <span class='ocrx_word' id='word_1_462' title='bbox 2168 4149 2452 4222; x_wconf 89' lang='lat' dir='ltr'><strong>tempore</strong></span> <span class='ocrx_word' id='word_1_463' title='bbox 2481 4139 2917 4219; x_wconf 89' lang='lat' dir='ltr'><strong>cognoscendo</strong></span> <span class='ocrx_word' id='word_1_464' title='bbox 2948 4137 3319 4221; x_wconf 88' lang='lat' dir='ltr'><strong>percipitur.</strong></span> <span class='ocrx_word' id='word_1_465' title='bbox 3352 4139 3419 4201; x_wconf 90' lang='lat' dir='ltr'><strong>ln</strong></span> 
     </span>
    </p>
   </div>
   <div class='ocr_carea' id='block_1_19' title="bbox 319 4236 3419 4323">
    <p class='ocr_par' dir='ltr' id='par_1_20' title="bbox 319 4236 3419 4323">
     <span class='ocr_line' id='line_1_78' title="bbox 319 4236 3419 4323; baseline -0 -22"><span class='ocrx_word' id='word_1_466' title='bbox 319 4242 678 4323; x_wconf 87' lang='lat' dir='ltr'><strong>mentisque</strong></span> <span class='ocrx_word' id='word_1_467' title='bbox 707 4240 1010 4303; x_wconf 90' lang='lat' dir='ltr'><strong>omnibus</strong></span> <span class='ocrx_word' id='word_1_468' title='bbox 1043 4240 1243 4303; x_wconf 90' lang='lat' dir='ltr'><strong>fracta</strong></span> <span class='ocrx_word' id='word_1_469' title='bbox 1275 4240 1585 4303; x_wconf 88' lang='lat' dir='ltr'><strong>stomachi</strong></span> <span class='ocrx_word' id='word_1_470' title='bbox 1618 4239 1816 4302; x_wconf 87' lang='lat' dir='ltr'><strong>virtu-</strong></span> <span class='ocrx_word' id='word_1_471' title='bbox 1853 4240 1897 4300; x_wconf 91' lang='lat' dir='ltr'>D</span> <span class='ocrx_word' id='word_1_472' title='bbox 1929 4247 2114 4301; x_wconf 90' lang='lat' dir='ltr'><strong>nocte</strong></span> <span class='ocrx_word' id='word_1_473' title='bbox 2158 4256 2310 4300; x_wconf 85' lang='lat' dir='ltr'><strong>vero</strong></span> <span class='ocrx_word' id='word_1_474' title='bbox 2349 4237 2729 4311; x_wconf 87' lang='lat' dir='ltr'><strong>declaratur,</strong></span> <span class='ocrx_word' id='word_1_475' title='bbox 2764 4236 2913 4318; x_wconf 91' lang='lat' dir='ltr'><strong>quia</strong></span> <span class='ocrx_word' id='word_1_476' title='bbox 2962 4238 3198 4299; x_wconf 89' lang='lat' dir='ltr'><strong>donum</strong></span> <span class='ocrx_word' id='word_1_477' title='bbox 3249 4238 3419 4320; x_wconf 88' lang='lat' dir='ltr'><strong>quod</strong></span> 
     </span>
    </p>
   </div>
   <div class='ocr_carea' id='block_1_20' title="bbox 321 4336 1816 4907">
    <p class='ocr_par' dir='ltr' id='par_1_21' title="bbox 321 4336 1816 4907">
     <span class='ocr_line' id='line_1_79' title="bbox 321 4336 1816 4419; baseline -0.001 -18"><span class='ocrx_word' id='word_1_478' title='bbox 321 4346 376 4401; x_wconf 80' lang='lat' dir='ltr'><strong>te</strong></span> <span class='ocrx_word' id='word_1_479' title='bbox 403 4340 704 4415; x_wconf 85' lang='grc'><strong>16556165,</strong></span> <span class='ocrx_word' id='word_1_480' title='bbox 738 4338 929 4401; x_wconf 89' lang='lat' dir='ltr'><strong>lentis</strong></span> <span class='ocrx_word' id='word_1_481' title='bbox 971 4358 1231 4419; x_wconf 88' lang='lat' dir='ltr'><strong>quoque</strong></span> <span class='ocrx_word' id='word_1_482' title='bbox 1269 4347 1332 4400; x_wconf 91' lang='grc'><strong>61</strong></span> <span class='ocrx_word' id='word_1_483' title='bbox 1372 4338 1694 4401; x_wconf 87' lang='lat' dir='ltr'><strong>continuis</strong></span> <span class='ocrx_word' id='word_1_484' title='bbox 1726 4336 1816 4399; x_wconf 84' lang='lat' dir='ltr'><strong>fe-</strong></span> 
     </span>
     <span class='ocr_line' id='line_1_80' title="bbox 321 4436 1812 4519; baseline -0.002 -20"><span class='ocrx_word' id='word_1_485' title='bbox 321 4436 534 4501; x_wconf 87' lang='lat' dir='ltr'><strong>bribus</strong></span> <span class='ocrx_word' id='word_1_486' title='bbox 579 4438 920 4515; x_wconf 80' lang='lat' dir='ltr'><strong>anhelanS,</strong></span> <span class='ocrx_word' id='word_1_487' title='bbox 965 4456 1367 4519; x_wconf 84' lang='lat' dir='ltr'><strong>exponerem,</strong></span> <span class='ocrx_word' id='word_1_488' title='bbox 1403 4445 1465 4499; x_wconf 90' lang='lat' dir='ltr'><strong>et</strong></span> <span class='ocrx_word' id='word_1_489' title='bbox 1506 4436 1812 4516; x_wconf 85' lang='lat' dir='ltr'><strong>flagellati</strong></span> 
     </span>
     <span class='ocr_line' id='line_1_81' title="bbox 321 4534 1646 4617; baseline -0.002 -19"><span class='ocrx_word' id='word_1_490' title='bbox 321 4536 860 4601; x_wconf 80' lang='lat' dir='ltr'><strong>mentem-melius</strong></span> <span class='ocrx_word' id='word_1_491' title='bbox 888 4554 1002 4617; x_wconf 91' lang='lat' dir='ltr'><strong>per</strong></span> <span class='ocrx_word' id='word_1_492' title='bbox 1033 4534 1290 4615; x_wconf 86' lang='lat' dir='ltr'><strong>flagella</strong></span> <span class='ocrx_word' id='word_1_493' title='bbox 1321 4535 1646 4598; x_wconf 84' lang='lat' dir='ltr'><strong>sentirem.</strong></span> 
     </span>
     <span class='ocr_line' id='line_1_82' title="bbox 391 4633 1815 4714; baseline -0.001 -17"><span class='ocrx_word' id='word_1_494' title='bbox 391 4636 701 4699; x_wconf 78' lang='lat' dir='ltr'><strong>Praeterea</strong></span> <span class='ocrx_word' id='word_1_495' title='bbox 751 4634 911 4698; x_wconf 89' lang='lat' dir='ltr'><strong>dicit</strong></span> <span class='ocrx_word' id='word_1_496' title='bbox 936 4634 1274 4714; x_wconf 88' lang='lat' dir='ltr'><strong>Gregorius</strong></span> <span class='ocrx_word' id='word_1_497' title='bbox 1311 4651 1324 4695; x_wconf 93' lang='lat'>:</span> <span class='ocrx_word' id='word_1_498' title='bbox 1358 4634 1578 4697; x_wconf 86' lang='lat' dir='ltr'><strong>Omnis</strong></span> <span class='ocrx_word' id='word_1_499' title='bbox 1624 4633 1815 4695; x_wconf 90' lang='lat' dir='ltr'><strong>homo</strong></span> 
     </span>
     <span class='ocr_line' id='line_1_83' title="bbox 322 4731 1813 4817; baseline -0.001 -22"><span class='ocrx_word' id='word_1_500' title='bbox 322 4750 390 4795; x_wconf 85' lang='lat' dir='ltr'><strong>eo</strong></span> <span class='ocrx_word' id='word_1_501' title='bbox 435 4734 574 4817; x_wconf 89' lang='lat' dir='ltr'><strong>ipso</strong></span> <span class='ocrx_word' id='word_1_502' title='bbox 625 4752 756 4814; x_wconf 93' lang='lat' dir='ltr'><strong>quo</strong></span> <span class='ocrx_word' id='word_1_503' title='bbox 804 4733 995 4796; x_wconf 92' lang='lat' dir='ltr'><strong>homo</strong></span> <span class='ocrx_word' id='word_1_504' title='bbox 1045 4740 1171 4807; x_wconf 89' lang='grc'><strong>651,</strong></span> <span class='ocrx_word' id='word_1_505' title='bbox 1223 4731 1582 4811; x_wconf 87' lang='lat' dir='ltr'><strong>intelligere</strong></span> <span class='ocrx_word' id='word_1_506' title='bbox 1629 4751 1813 4793; x_wconf 90' lang='lat' dir='ltr'><strong>suum</strong></span> 
     </span>
     <span class='ocr_line' id='line_1_84' title="bbox 323 4830 1816 4907; baseline 0 -16"><span class='ocrx_word' id='word_1_507' title='bbox 323 4830 500 4895; x_wconf 88' lang='lat' dir='ltr'><strong>debet</strong></span> <span class='ocrx_word' id='word_1_508' title='bbox 527 4838 883 4893; x_wconf 84' lang='lat' dir='ltr'><strong>auctorem.</strong></span> <span class='ocrx_word' id='word_1_509' title='bbox 915 4830 1167 4893; x_wconf 88' lang='lat' dir='ltr'><strong>Conditi</strong></span> <span class='ocrx_word' id='word_1_510' title='bbox 1195 4838 1432 4907; x_wconf 89' lang='lat' dir='ltr'><strong>autem,</strong></span> <span class='ocrx_word' id='word_1_511' title='bbox 1459 4830 1654 4892; x_wconf 89' lang='lat' dir='ltr'><strong>Deum</strong></span> <span class='ocrx_word' id='word_1_512' title='bbox 1675 4848 1816 4892; x_wconf 92' lang='lat' dir='ltr'><strong>con-</strong></span> 
     </span>
    </p>
   </div>
   <div class='ocr_carea' id='block_1_21' title="bbox 259 4926 1817 5108">
    <p class='ocr_par' dir='ltr' id='par_1_22' title="bbox 259 4926 1817 5108">
     <span class='ocr_line' id='line_1_85' title="bbox 259 4926 1816 5010; baseline 0.001 -22"><span class='ocrx_word' id='word_1_513' title='bbox 259 4951 267 4961; x_wconf 95' lang='lat'>·</span> <span class='ocrx_word' id='word_1_514' title='bbox 325 4927 596 4991; x_wconf 89' lang='lat' dir='ltr'><strong>siderare</strong></span> <span class='ocrx_word' id='word_1_515' title='bbox 625 4928 1048 5008; x_wconf 58' lang='lat' dir='ltr'><strong>negleximus</strong></span> <span class='ocrx_word' id='word_1_516' title='bbox 1081 4926 1384 4990; x_wconf 88' lang='lat' dir='ltr'><strong>Adhibita</strong></span> <span class='ocrx_word' id='word_1_517' title='bbox 1413 4935 1564 4990; x_wconf 91' lang='lat' dir='ltr'><strong>sunt</strong></span> <span class='ocrx_word' id='word_1_518' title='bbox 1591 4946 1816 5010; x_wconf 79' lang='lat' dir='ltr'><strong>praece-</strong></span> 
     </span>
     <span class='ocr_line' id='line_1_86' title="bbox 269 5025 1817 5108; baseline 0 -22"><span class='ocrx_word' id='word_1_519' title='bbox 269 5038 286 5046; x_wconf 85' lang='lat'><strong>·</strong></span> <span class='ocrx_word' id='word_1_520' title='bbox 326 5034 456 5105; x_wconf 81' lang='lat' dir='ltr'><strong>pta3</strong></span> <span class='ocrx_word' id='word_1_521' title='bbox 478 5026 820 5108; x_wconf 83' lang='lat' dir='ltr'><strong>praeceptis</strong></span> <span class='ocrx_word' id='word_1_522' title='bbox 849 5026 1294 5108; x_wconf 87' lang='lat' dir='ltr'><strong>obtemperare</strong></span> <span class='ocrx_word' id='word_1_523' title='bbox 1325 5026 1670 5089; x_wconf 78' lang='lat' dir='ltr'><strong>noluimus,</strong></span> <span class='ocrx_word' id='word_1_524' title='bbox 1694 5025 1817 5086; x_wconf 89' lang='lat' dir='ltr'><strong>Ad-</strong></span> 
     </span>
    </p>
   </div>
   <div class='ocr_carea' id='block_1_22' title="bbox 325 5123 1814 5402">
    <p class='ocr_par' dir='ltr' id='par_1_23' title="bbox 325 5123 1814 5402">
     <span class='ocr_line' id='line_1_87' title="bbox 325 5123 1814 5206; baseline -0.001 -21"><span class='ocrx_word' id='word_1_525' title='bbox 325 5123 676 5204; x_wconf 85' lang='lat' dir='ltr'><strong>junguntur</strong></span> <span class='ocrx_word' id='word_1_526' title='bbox 704 5124 994 5206; x_wconf 83' lang='lat' dir='ltr'><strong>exempla</strong></span> <span class='ocrx_word' id='word_1_527' title='bbox 1020 5143 1036 5204; x_wconf 86' lang='lat'><em>3</em></span> <span class='ocrx_word' id='word_1_528' title='bbox 1071 5124 1210 5205; x_wconf 90' lang='lat' dir='ltr'><strong>ipsa</strong></span> <span class='ocrx_word' id='word_1_529' title='bbox 1240 5142 1496 5205; x_wconf 85' lang='lat' dir='ltr'><strong>quoque</strong></span> <span class='ocrx_word' id='word_1_530' title='bbox 1525 5124 1814 5204; x_wconf 85' lang='lat' dir='ltr'><strong>exempla</strong></span> 
     </span>
     <span class='ocr_line' id='line_1_88' title="bbox 325 5220 1812 5302; baseline 0.001 -22"><span class='ocrx_word' id='word_1_531' title='bbox 325 5220 548 5284; x_wconf 87' lang='lat' dir='ltr'><strong>imitari</strong></span> <span class='ocrx_word' id='word_1_532' title='bbox 599 5222 1089 5298; x_wconf 82' lang='lat' dir='ltr'><strong>declinavimuS‚</strong></span> <span class='ocrx_word' id='word_1_533' title='bbox 1125 5241 1266 5302; x_wconf 86' lang='lat' dir='ltr'><strong>quae</strong></span> <span class='ocrx_word' id='word_1_534' title='bbox 1312 5222 1590 5284; x_wconf 90' lang='lat' dir='ltr'><strong>edidisse</strong></span> <span class='ocrx_word' id='word_1_535' title='bbox 1629 5220 1812 5283; x_wconf 89' lang='lat' dir='ltr'><strong>nobis</strong></span> 
     </span>
     <span class='ocr_line' id='line_1_89' title="bbox 325 5318 1813 5402; baseline 0.001 -21"><span class='ocrx_word' id='word_1_536' title='bbox 325 5328 524 5399; x_wconf 61' lang='lat' dir='ltr'><strong>patres</strong></span> <span class='ocrx_word' id='word_1_537' title='bbox 554 5318 681 5382; x_wconf 90' lang='lat' dir='ltr'><strong>sub</strong></span> <span class='ocrx_word' id='word_1_538' title='bbox 709 5320 848 5400; x_wconf 81' lang='lat' dir='ltr'><strong>lege</strong></span> <span class='ocrx_word' id='word_1_539' title='bbox 878 5320 1120 5402; x_wconf 89' lang='lat' dir='ltr'><strong>positos</strong></span> <span class='ocrx_word' id='word_1_540' title='bbox 1149 5320 1492 5383; x_wconf 89' lang='lat' dir='ltr'><strong>cernimus.</strong></span> <span class='ocrx_word' id='word_1_541' title='bbox 1525 5319 1703 5381; x_wconf 92' lang='lat' dir='ltr'><strong>Unde</strong></span> <span class='ocrx_word' id='word_1_542' title='bbox 1731 5320 1813 5383; x_wconf 87' lang='lat' dir='ltr'><strong>ad</strong></span> 
     </span>
    </p>
   </div>
   <div class='ocr_carea' id='block_1_23' title="bbox 1926 4335 3426 5398">
    <p class='ocr_par' dir='ltr' id='par_1_24' title="bbox 1926 4335 3426 5398">
     <span class='ocr_line' id='line_1_90' title="bbox 1929 4335 3420 4417; baseline 0.002 -20"><span class='ocrx_word' id='word_1_543' title='bbox 1929 4336 1993 4397; x_wconf 90' lang='lat' dir='ltr'><strong>in</strong></span> <span class='ocrx_word' id='word_1_544' title='bbox 2045 4336 2509 4417; x_wconf 86' lang='lat' dir='ltr'><strong>tranquillitate</strong></span> <span class='ocrx_word' id='word_1_545' title='bbox 2555 4336 2851 4411; x_wconf 87' lang='lat' dir='ltr'><strong>sumitur,</strong></span> <span class='ocrx_word' id='word_1_546' title='bbox 2896 4335 3420 4400; x_wconf 88' lang='lat' dir='ltr'><strong>tribulationibus</strong></span> 
     </span>
     <span class='ocr_line' id='line_1_91' title="bbox 1927 4434 3425 4517; baseline 0.001 -21"><span class='ocrx_word' id='word_1_547' title='bbox 1927 4434 2397 4498; x_wconf 87' lang='lat' dir='ltr'><strong>manifestatur.</strong></span> <span class='ocrx_word' id='word_1_548' title='bbox 2430 4472 2513 4480; x_wconf 97' lang='lat'><strong>—</strong></span> <span class='ocrx_word' id='word_1_549' title='bbox 2539 4434 2658 4497; x_wconf 92' lang='lat' dir='ltr'><strong>Sed</strong></span> <span class='ocrx_word' id='word_1_550' title='bbox 2688 4434 2989 4497; x_wconf 86' lang='lat' dir='ltr'><strong>subtilius</strong></span> <span class='ocrx_word' id='word_1_551' title='bbox 3020 4444 3425 4517; x_wconf 87' lang='lat' dir='ltr'><strong>perscrutan-</strong></span> 
     </span>
     <span class='ocr_line' id='line_1_92' title="bbox 1928 4532 3424 4615; baseline 0.001 -20"><span class='ocrx_word' id='word_1_552' title='bbox 1928 4534 2100 4609; x_wconf 90' lang='lat' dir='ltr'><strong>dum,</strong></span> <span class='ocrx_word' id='word_1_553' title='bbox 2128 4553 2242 4596; x_wconf 91' lang='lat' dir='ltr'><strong>cur</strong></span> <span class='ocrx_word' id='word_1_554' title='bbox 2270 4533 2369 4596; x_wconf 87' lang='lat' dir='ltr'><strong>vir</strong></span> <span class='ocrx_word' id='word_1_555' title='bbox 2400 4541 2589 4596; x_wconf 80' lang='lat' dir='ltr'><strong>tantae</strong></span> <span class='ocrx_word' id='word_1_556' title='bbox 2612 4532 3023 4615; x_wconf 87' lang='lat' dir='ltr'><strong>perfectionis</strong></span> <span class='ocrx_word' id='word_1_557' title='bbox 3056 4542 3146 4595; x_wconf 88' lang='lat' dir='ltr'><strong>tot</strong></span> <span class='ocrx_word' id='word_1_558' title='bbox 3168 4533 3424 4615; x_wconf 87' lang='lat' dir='ltr'><strong>flagella</strong></span> 
     </span>
     <span class='ocr_line' id='line_1_93' title="bbox 1929 4632 3424 4714; baseline 0 -20"><span class='ocrx_word' id='word_1_559' title='bbox 1929 4633 2255 4695; x_wconf 90' lang='lat' dir='ltr'><strong>sustinuit.</strong></span> <span class='ocrx_word' id='word_1_560' title='bbox 2298 4632 2375 4693; x_wconf 88' lang='lat' dir='ltr'><strong>Et</strong></span> <span class='ocrx_word' id='word_1_561' title='bbox 2423 4632 2956 4714; x_wconf 89' lang='lat' dir='ltr'><strong>respondendum,</strong></span> <span class='ocrx_word' id='word_1_562' title='bbox 3006 4632 3175 4713; x_wconf 86' lang='lat' dir='ltr'><strong>quod</strong></span> <span class='ocrx_word' id='word_1_563' title='bbox 3225 4652 3424 4712; x_wconf 90' lang='lat' dir='ltr'><strong>quum</strong></span> 
     </span>
     <span class='ocr_line' id='line_1_94' title="bbox 1927 4729 3421 4812; baseline -0.002 -17"><span class='ocrx_word' id='word_1_564' title='bbox 1927 4732 2144 4795; x_wconf 89' lang='lat' dir='ltr'><strong>omnia</strong></span> <span class='ocrx_word' id='word_1_565' title='bbox 2176 4731 2480 4795; x_wconf 87' lang='lat' dir='ltr'><strong>virtutum</strong></span> <span class='ocrx_word' id='word_1_566' title='bbox 2512 4731 2807 4792; x_wconf 86' lang='lat' dir='ltr'><strong>mandata</strong></span> <span class='ocrx_word' id='word_1_567' title='bbox 2837 4729 3199 4812; x_wconf 85' lang='lat' dir='ltr'><strong>perficeret,</strong></span> <span class='ocrx_word' id='word_1_568' title='bbox 3223 4750 3421 4793; x_wconf 91' lang='lat' dir='ltr'><strong>unum</strong></span> 
     </span>
     <span class='ocr_line' id='line_1_95' title="bbox 1928 4827 3425 4909; baseline -0.002 -16"><span class='ocrx_word' id='word_1_569' title='bbox 1928 4830 1986 4893; x_wconf 89' lang='grc'><strong>61</strong></span> <span class='ocrx_word' id='word_1_570' title='bbox 2018 4832 2255 4906; x_wconf 88' lang='lat' dir='ltr'><strong>deerat,</strong></span> <span class='ocrx_word' id='word_1_571' title='bbox 2290 4837 2359 4890; x_wconf 91' lang='lat' dir='ltr'><strong>ut</strong></span> <span class='ocrx_word' id='word_1_572' title='bbox 2388 4829 2635 4891; x_wconf 90' lang='lat' dir='ltr'><strong>scilicet</strong></span> <span class='ocrx_word' id='word_1_573' title='bbox 2664 4827 3025 4908; x_wconf 84' lang='lat' dir='ltr'><strong>flagellatus</strong></span> <span class='ocrx_word' id='word_1_574' title='bbox 3065 4829 3255 4890; x_wconf 87' lang='lat' dir='ltr'><strong>etiam</strong></span> <span class='ocrx_word' id='word_1_575' title='bbox 3285 4848 3425 4909; x_wconf 87' lang='lat' dir='ltr'><strong>gra-</strong></span> 
     </span>
     <span class='ocr_line' id='line_1_96' title="bbox 1931 4926 3424 5007; baseline 0 -18"><span class='ocrx_word' id='word_1_576' title='bbox 1931 4928 2049 4989; x_wconf 85' lang='lat' dir='ltr'><strong>tias</strong></span> <span class='ocrx_word' id='word_1_577' title='bbox 2077 4946 2265 5007; x_wconf 66' lang='grc'><strong>63616</strong></span> <span class='ocrx_word' id='word_1_578' title='bbox 2306 4928 2515 4990; x_wconf 88' lang='lat' dir='ltr'><strong>sciret.</strong></span> <span class='ocrx_word' id='word_1_579' title='bbox 2550 4927 2777 4989; x_wconf 90' lang='lat' dir='ltr'><strong>Notum</strong></span> <span class='ocrx_word' id='word_1_580' title='bbox 2818 4935 2951 4988; x_wconf 88' lang='lat' dir='ltr'><strong>erat</strong></span> <span class='ocrx_word' id='word_1_581' title='bbox 2993 4926 3142 5006; x_wconf 87' lang='lat' dir='ltr'><strong>quia</strong></span> <span class='ocrx_word' id='word_1_582' title='bbox 3182 4927 3424 4990; x_wconf 87' lang='lat' dir='ltr'><strong>servire</strong></span> 
     </span>
     <span class='ocr_line' id='line_1_97' title="bbox 1931 5025 3425 5105; baseline -0.001 -18"><span class='ocrx_word' id='word_1_583' title='bbox 1931 5026 2057 5087; x_wconf 91' lang='lat' dir='ltr'><strong>Deo</strong></span> <span class='ocrx_word' id='word_1_584' title='bbox 2098 5025 2263 5087; x_wconf 89' lang='lat' dir='ltr'><strong>inter</strong></span> <span class='ocrx_word' id='word_1_585' title='bbox 2302 5025 2465 5088; x_wconf 88' lang='lat' dir='ltr'><strong>dona</strong></span> <span class='ocrx_word' id='word_1_586' title='bbox 2506 5033 2567 5087; x_wconf 88' lang='lat' dir='ltr'><strong>et</strong></span> <span class='ocrx_word' id='word_1_587' title='bbox 2615 5042 2917 5105; x_wconf 90' lang='lat' dir='ltr'><strong>prospera</strong></span> <span class='ocrx_word' id='word_1_588' title='bbox 2969 5031 3270 5102; x_wconf 80' lang='lat' dir='ltr'><strong>noverat3</strong></span> <span class='ocrx_word' id='word_1_589' title='bbox 3313 5025 3425 5086; x_wconf 90' lang='lat' dir='ltr'><strong>sed</strong></span> 
     </span>
     <span class='ocr_line' id='line_1_98' title="bbox 1926 5120 3426 5203; baseline -0.001 -19"><span class='ocrx_word' id='word_1_590' title='bbox 1926 5123 2188 5203; x_wconf 88' lang='lat' dir='ltr'><strong>dignum</strong></span> <span class='ocrx_word' id='word_1_591' title='bbox 2223 5122 2367 5197; x_wconf 87' lang='lat' dir='ltr'><strong>fuit,</strong></span> <span class='ocrx_word' id='word_1_592' title='bbox 2396 5132 2460 5183; x_wconf 89' lang='lat' dir='ltr'><strong>ut</strong></span> <span class='ocrx_word' id='word_1_593' title='bbox 2484 5122 2798 5184; x_wconf 89' lang='lat' dir='ltr'><strong>districtio</strong></span> <span class='ocrx_word' id='word_1_594' title='bbox 2826 5120 3181 5183; x_wconf 83' lang='lat' dir='ltr'><strong>severitatis</strong></span> <span class='ocrx_word' id='word_1_595' title='bbox 3216 5120 3426 5201; x_wconf 89' lang='lat' dir='ltr'><strong>inqui-</strong></span> 
     </span>
     <span class='ocr_line' id='line_1_99' title="bbox 1931 5217 3426 5298; baseline 0 -17"><span class='ocrx_word' id='word_1_596' title='bbox 1931 5228 2098 5283; x_wconf 89' lang='lat' dir='ltr'><strong>reret</strong></span> <span class='ocrx_word' id='word_1_597' title='bbox 2126 5238 2209 5281; x_wconf 91' lang='lat' dir='ltr'><strong>an</strong></span> <span class='ocrx_word' id='word_1_598' title='bbox 2242 5228 2306 5280; x_wconf 89' lang='lat' dir='ltr'><strong>et</strong></span> <span class='ocrx_word' id='word_1_599' title='bbox 2336 5220 2501 5280; x_wconf 87' lang='lat' dir='ltr'><strong>inter</strong></span> <span class='ocrx_word' id='word_1_600' title='bbox 2532 5217 2785 5298; x_wconf 87' lang='lat' dir='ltr'><strong>flagella</strong></span> <span class='ocrx_word' id='word_1_601' title='bbox 2826 5218 2949 5279; x_wconf 87' lang='lat' dir='ltr'><strong>Deo</strong></span> <span class='ocrx_word' id='word_1_602' title='bbox 2991 5218 3254 5279; x_wconf 87' lang='lat' dir='ltr'><strong>devotus</strong></span> <span class='ocrx_word' id='word_1_603' title='bbox 3294 5238 3426 5281; x_wconf 91' lang='lat' dir='ltr'><strong>ma-</strong></span> 
     </span>
     <span class='ocr_line' id='line_1_100' title="bbox 1931 5315 3426 5398; baseline -0.001 -18"><span class='ocrx_word' id='word_1_604' title='bbox 1931 5325 2130 5380; x_wconf 88' lang='lat' dir='ltr'><strong>neret.</strong></span> <span class='ocrx_word' id='word_1_605' title='bbox 2165 5317 2353 5378; x_wconf 87' lang='lat' dir='ltr'><strong>Poena</strong></span> <span class='ocrx_word' id='word_1_606' title='bbox 2384 5334 2660 5398; x_wconf 91' lang='lat' dir='ltr'><strong>namque</strong></span> <span class='ocrx_word' id='word_1_607' title='bbox 2692 5316 3037 5395; x_wconf 88' lang='lat' dir='ltr'><strong>interrogat</strong></span> <span class='ocrx_word' id='word_1_608' title='bbox 3064 5334 3138 5377; x_wconf 88' lang='grc'><strong>66</strong></span> <span class='ocrx_word' id='word_1_609' title='bbox 3166 5315 3426 5379; x_wconf 90' lang='lat' dir='ltr'><strong>demon-</strong></span> 
     </span>
    </p>
   </div>
   <div class='ocr_carea' id='block_1_24' title="bbox 3437 2966 3707 3265">
    <p class='ocr_par' dir='ltr' id='par_1_25' title="bbox 3437 2966 3707 3265">
     <span class='ocr_line' id='line_1_101' title="bbox 3490 2966 3674 3011; baseline 0 -2"><span class='ocrx_word' id='word_1_610' title='bbox 3490 2966 3674 3011; x_wconf 71' lang='lat' dir='ltr'><strong>Virtutis</strong></span> 
     </span>
     <span class='ocr_line' id='line_1_102' title="bbox 3437 3028 3707 3085; baseline -0.007 -10"><span class='ocrx_word' id='word_1_611' title='bbox 3437 3032 3546 3075; x_wconf 82' lang='lat' dir='ltr'><strong>odor</strong></span> <span class='ocrx_word' id='word_1_612' title='bbox 3554 3028 3707 3085; x_wconf 72' lang='lat' dir='ltr'><strong>pertri-</strong></span> 
     </span>
     <span class='ocr_line' id='line_1_103' title="bbox 3438 3095 3681 3137; baseline -0.004 0"><span class='ocrx_word' id='word_1_613' title='bbox 3438 3095 3681 3137; x_wconf 77' lang='lat' dir='ltr'><strong>bulationes</strong></span> 
     </span>
     <span class='ocr_line' id='line_1_104' title="bbox 3439 3160 3680 3214; baseline -0.004 -12"><span class='ocrx_word' id='word_1_614' title='bbox 3439 3160 3601 3214; x_wconf 71' lang='lat' dir='ltr'><strong>fragrat</strong></span> <span class='ocrx_word' id='word_1_615' title='bbox 3635 3161 3680 3201; x_wconf 79' lang='lat' dir='ltr'><strong>ct</strong></span> 
     </span>
     <span class='ocr_line' id='line_1_105' title="bbox 3440 3222 3663 3265; baseline 0 0"><span class='ocrx_word' id='word_1_616' title='bbox 3440 3222 3663 3265; x_wconf 81' lang='lat' dir='ltr'><strong>odoratur.</strong></span> 
     </span>
    </p>
   </div>
   <div class='ocr_carea' id='block_1_25' title="bbox 3469 3761 3706 3811">
    <p class='ocr_par' dir='ltr' id='par_1_26' title="bbox 3469 3761 3706 3811">
     <span class='ocr_line' id='line_1_106' title="bbox 3469 3761 3706 3811; baseline 0.004 -7"><span class='ocrx_word' id='word_1_617' title='bbox 3469 3761 3547 3804; x_wconf 72' lang='lat' dir='ltr'><strong>Pe.</strong></span> <span class='ocrx_word' id='word_1_618' title='bbox 3564 3775 3645 3811; x_wconf 73' lang='lat' dir='ltr'><strong>zu.</strong></span> <span class='ocrx_word' id='word_1_619' title='bbox 3664 3763 3706 3805; x_wconf 80' lang='lat'><strong>9.</strong></span> 
     </span>
    </p>
   </div>
  </div>
 </body>
</html>
