4309 6259
328 1430 924 1482 GENEROSISSIMAE
957 1432 1276 1482 PRINCIPI
1305 1432 1558 1481 MARIAE
1587 1432 1679 1481 AB
1708 1431 1972 1498 HAMAL,
2001 1431 2555 1481 MARCHIONISSAE
2584 1432 2678 1480 DE
2701 1430 3089 1494 AERSCHOT,
3116 1428 3414 1479 DOMINAE

447 1566 536 1614 DE
598 1567 960 1632 ELDEREN,
1025 1568 1119 1615 DE
1173 1566 1510 1632 RUMMEN,
1565 1566 1759 1633 ETC„
1813 1568 1881 1616 F.
1927 1566 2368 1617 FRANCISCUS
2416 1565 2873 1617 TALEMAMUS
2913 1565 3009 1615 DE
3056 1563 3406 1629 mulmis,

447 1701 664 1750 PRIOR
710 1700 954 1751 DOMUS
1003 1700 1476 1751 CARTUSIANAE
1515 1700 1588 1749 IN
1629 1700 1962 1765 LOVAMO,
2008 1700 2209 1766 SESE,
2256 1700 2663 1759 DOMUMQUE
2709 1699 2904 1750 SUAM
2944 1696 3407 1749 COMMENDAT.

575 2186 692 2247 aut
739 2184 865 2247 Dei
905 2183 975 2246 in
1022 2200 1144 2247 nos
1182 2183 1506 2247 beneficia
1544 2183 1830 2247 recolere
1877 2182 2100 2261 faciat,
2141 2182 2340 2265 atque
2373 2181 2561 2264 jugis
2591 2183 2658 2247 et
2690 2182 3023 2247 indefessa
3061 2182 3177 2246 illa
3205 2181 3275 2245 in
3305 2182 3413 2245 di-

573 2292 735 2355 vina
773 2292 920 2372 lege
957 2291 1302 2355 meditatio
1347 2311 1360 2351 :
1403 2308 1537 2355 non
1574 2290 1953 2354 inconsulto
1991 2291 2188 2354 multi
2224 2291 2357 2354 huc
2393 2291 2645 2372 ingenii
2677 2291 2744 2356 et
2768 2290 3145 2354 studiorum
3185 2306 3416 2354 omnes

329 2380 596 2463 conatus
637 2399 1085 2477 destinarunt,
1126 2402 1203 2461 ut
1242 2398 1660 2477 memoriam,
1701 2398 2136 2477 intellectum,
2179 2398 2690 2480 providentiam,
2726 2398 3106 2479 ceterasque
3150 2400 3417 2480 praecla-

327 2524 426 2569 ras
455 2509 520 2569 et
547 2506 812 2570 divinas
853 2506 1064 2569 animi
1099 2505 1288 2568 dotes
1333 2522 1466 2569 non
1508 2506 1577 2569 in
1621 2506 1984 2588 perniciem
2022 2506 2373 2585 verterent,
2418 2506 2793 2587 ignavaque
2832 2505 3089 2569 desidia
3127 2506 3419 2570 sinerent

331 2613 726 2693 oblitescere,
774 2612 894 2677 sed
942 2614 1020 2676 ut
1066 2613 1335 2676 assiduo
1385 2614 1676 2694 quodam
1725 2612 1950 2677 studio
1996 2613 2066 2677 in
2111 2612 2257 2694 lege
2299 2613 2574 2677 Domini
2625 2612 3120 2693 meditarentur,
3166 2630 3300 2695 qua
3345 2631 3417 2677 re

328 2721 488 2784 nihil
531 2738 824 2802 usquam
871 2721 1152 2802 exstitit,
1193 2721 1373 2802 quod
1414 2720 1520 2784 vel
1557 2721 1773 2803 magis
1817 2739 1856 2783 a
1899 2721 2243 2785 communi
2278 2720 2601 2784 vitiorum
2650 2720 3042 2801 contagione
3088 2737 3201 2785 eos
3241 2738 3415 2803 prae-

327 2829 615 2906 servarit,
655 2828 1095 2909 animumque
1140 2828 1390 2891 saniori
1433 2828 1788 2910 disciplina
1835 2828 2172 2891 imbuerit.
2216 2826 2384 2900 Quis
2430 2827 2610 2891 enim
2658 2828 2840 2891 tanta
2889 2827 2995 2890 sui
3045 2828 3416 2909 ignorantia

327 2936 652 3018 torpescit,
699 2936 779 2999 ut
828 2952 1040 3017 quum
1077 2936 1302 2999 videat
1348 2936 1486 2999 tam
1536 2936 1824 3000 incertos
1875 2935 2266 3016 subitosque
2316 2952 2537 2999 rerum
2590 2934 3033 2999 humanarum
3084 2936 3307 2999 motus
3352 2938 3419 3001 et

328 3060 532 3122 casuS,
571 3044 880 3125 nihilque
909 3044 1014 3107 vel
1042 3044 1533 3108 inconstantius
1567 3044 1674 3107 vel
1710 3044 2078 3126 inquietius
2112 3043 2496 3107 mortalium
2526 3042 2689 3121 vita,
2712 3060 2848 3106 non
2876 3043 3077 3107 ducat
3109 3044 3415 3109 laudabi-

325 3152 448 3213 lius
474 3169 616 3215 esse
644 3151 892 3214 divinae
921 3150 1192 3214 virtutis
1221 3168 1461 3214 arcana
1480 3152 1787 3230 scrutari,
1814 3150 2106 3215 coelestia
2134 3151 2361 3214 omnia
2386 3150 2631 3214 mentis
2660 3150 3021 3232 sagacitate
3050 3153 3412 3233 penetrare,

327 3261 388 3322 et
421 3277 684 3323 summo
722 3261 967 3323 conatu
997 3259 1154 3323 vitae
1193 3259 1447 3322 cultum
1486 3260 1811 3340 expetere,
1855 3276 2058 3341 quam
2097 3259 2295 3322 inerti
2341 3275 2417 3322 ac
2467 3259 2787 3339 degenere
2824 3258 2960 3320 otio
3006 3258 3411 3337 delitescere,

326 3369 698 3449 terrenaque
723 3366 953 3431 omnia
981 3384 1210 3448 sapere
1247 3383 1460 3448 usque
1487 3367 1677 3447 adeo,
1705 3368 1780 3429 ut
1810 3367 1881 3431 in
1910 3367 2181 3448 pastum
2212 3383 2287 3429 ac
2315 3383 2620 3430 venerem
2648 3365 2788 3428 nati
2822 3366 3221 3447 appareant?
3253 3365 3417 3439 Qui-

327 3490 445 3554 que
469 3475 591 3537 hoc
622 3474 825 3538 modo
845 3474 1056 3537 vitam
1083 3474 1470 3552 instituunt,
1492 3475 1570 3537 ut
1584 3474 1724 3537 vivi
1752 3476 1950 3556 atque
1965 3473 2267 3538 videntes
2291 3472 2627 3553 (Lucretio
2657 3470 2849 3553 teste)
2874 3472 3082 3536 vitam
3111 3474 3409 3555 perdant,

327 3581 482 3643 nihil
524 3582 750 3645 minus
785 3597 992 3663 quam
1039 3580 1392 3644 hominum
1430 3579 1870 3662 appellatione
1908 3580 2098 3661 digni
2137 3579 2449 3644 censendi
2479 3580 2660 3658 sunt,
2694 3596 2851 3643 nam
2886 3579 3026 3642 toto
3065 3581 3414 3645 conamine

329 3688 448 3751 huc
489 3688 910 3769 incumbunt,
953 3689 1033 3752 ut
1063 3688 1366 3751 vetustos
1409 3688 1838 3751 continentiae
1874 3704 2092 3751 mores
2128 3704 2304 3751 novo
2342 3686 2503 3749 luxu
2554 3686 2620 3749 et
2661 3686 2925 3750 lautitia
2962 3689 3407 3768 corrumpant,

327 3812 615 3878 veraeque
646 3796 919 3859 virtutis
959 3813 1197 3860 nervos
1229 3795 1688 3859 illecebrarum
1722 3796 2114 3877 contagione
2148 3795 2497 3858 remittant
2534 3796 2733 3875 atque
2770 3794 3158 3857 emolliant:
3201 3811 3409 3877 quum

329 3903 456 3981 alii,
492 3921 658 3986 quos
689 3905 872 3968 solos
907 3904 1154 3982 vivere,
1186 3904 1366 3967 solos
1403 3904 1655 3968 otiosos
1684 3920 1830 3967 esse
1858 3902 2178 3979 diximuS,
2211 3903 2307 3966 ita
2334 3918 2538 3965 sacrae
2569 3901 3011 3984 philosophiae
3048 3902 3256 3966 sacris
3294 3919 3409 3965 oc-

327 4012 534 4092 cupati
570 4013 750 4089 sunt,
783 4012 862 4074 ut
895 4011 968 4074 in
996 4011 1121 4075 hac
1158 4010 1301 4075 vita
1329 4012 1500 4076 nihil
1528 4012 1818 4093 amplius
1856 4010 2347 4091 sublimiusque
2382 4026 2525 4073 esse
2561 4009 2889 4090 reputent,
2924 4026 3124 4090 quam
3163 4009 3407 4073 divinae

325 4118 610 4183 veritatis
653 4118 1102 4201 patrocinium
1146 4118 1392 4197 subire,
1429 4120 1493 4182 et
1530 4118 1600 4182 in
1639 4117 1785 4199 ejus
1823 4117 2173 4199 majestate
2213 4116 2701 4198 conquiescere.
2736 4114 2995 4189 Quibus
3037 4116 3283 4197 quanta
3319 4117 3410 4179 sit

331 4224 470 4288 vitae
511 4225 960 4308 tranquillitas
1009 4227 1074 4289 et
1114 4225 1322 4290 animi
1366 4227 1666 4289 suavitas
1701 4243 1836 4307 prae
1875 4225 2005 4303 his,
2043 4225 2161 4306 qui
2198 4225 2269 4289 in
2306 4224 2547 4288 mediis
2582 4222 2787 4305 hujus
2823 4224 3059 4288 mundi
3093 4223 3407 4288 fluctibus

332 4333 663 4413 agitantur,
694 4334 756 4397 is
794 4333 1098 4397 omnium
1126 4332 1307 4396 norit
1335 4333 1610 4415 optime,
1643 4333 1760 4414 qui
1798 4332 1959 4395 dum
1993 4331 2296 4413 fragilem
2328 4331 2639 4395 humanae
2675 4332 2833 4396 vitae
2862 4334 3109 4396 sortem
3141 4332 3407 4414 penitus

335 4440 683 4521 explorarit,
730 4439 876 4520 jam
930 4441 1202 4504 demum
1253 4439 1459 4522 huJus
1499 4440 1656 4503 vitae
1704 4440 2094 4521 tempestate
2132 4440 2333 4521 caput
2369 4438 2714 4503 exeruerit.
2759 4437 2973 4511 Quare
3019 4440 3079 4503 si
3122 4441 3228 4504 vel
3274 4440 3406 4505 alio

335 4550 549 4627 quovis
584 4550 880 4631 tempore
917 4565 1186 4612 summo
1220 4548 1494 4630 expetiti
1525 4548 1775 4612 fuerint
1799 4547 2050 4625 studio,
2086 4547 2205 4628 qui
2232 4547 2388 4610 vitae
2424 4548 2752 4628 praecepta
2786 4547 3033 4611 eximia
3064 4565 3219 4612 cum
3252 4566 3406 4613 san-

337 4655 628 4720 ctimonia
672 4656 739 4719 et
774 4654 920 4737 pari
954 4654 1112 4735 vitae
1152 4655 1563 4719 continentia
1599 4654 1952 4732 traderent,
1991 4653 2293 4735 vitiaque
2338 4654 2405 4717 et
2443 4654 2835 4734 gliscentem
2865 4654 3234 4736 nequitiam
3269 4672 3404 4719 non

337 4762 560 4844 insigni
602 4764 868 4839 conatu,
909 4762 1028 4827 sed
1071 4763 1448 4826 constanter
1477 4762 1942 4845 deprimerent,
1982 4763 2159 4825 certe
2186 4762 2293 4825 vel
2337 4762 2464 4823 hoc
2500 4761 2771 4843 saeculo,
2812 4778 2946 4843 quo
2989 4761 3157 4825 nihil
3205 4761 3402 4826 mali-

337 4866 572 4947 tiosiu8‚
600 4886 868 4934 summo
908 4869 1213 4933 omnium
1250 4870 1408 4933 voto
1445 4869 1757 4932 videntur
1793 4867 2149 4950 exoptandi
2190 4888 2203 4930 :
2246 4868 2613 4949 praesertim
2652 4885 2860 4949 quum
2895 4868 3041 4949 ipsa
3079 4868 3403 4932 malorum

335 4972 474 5039 Ilias
501 4977 760 5041 videtur
786 4978 856 5040 in
893 4976 1117 5041 media
1153 4976 1540 5041 mortalium
1577 4977 1765 5059 septa
1792 4976 2195 5059 prorupisse,
2227 4976 2323 5039 ita
2358 4976 2436 5039 ut
2469 4975 2615 5057 ipsa
2646 4975 2858 5056 Libya
2894 4976 3031 5039 tam
3069 4974 3404 5040 multifor-

337 5098 458 5145 mes
481 5085 871 5150 animalium
899 5084 1077 5149 fetus
1107 5084 1268 5148 olim
1293 5101 1427 5149 non
1458 5084 1818 5163 advexerit,
1833 5100 2035 5165 quam
2064 5084 2134 5146 in
2165 5083 2309 5147 dies
2332 5082 2613 5146 subdola
2637 5082 3017 5146 mortalium
3048 5082 3190 5145 vita
3218 5082 3406 5146 dolos

334 5194 652 5257 connectat
685 5194 752 5257 et
784 5193 1334 5257 comminiscatur
1361 5208 1593 5257 novos.
1634 5191 1966 5269 Ceterum,
2001 5190 2082 5253 ad
2121 5190 2287 5253 alias
2317 5188 2725 5254 calamitates
2760 5189 2940 5271 quod
2969 5188 3226 5268 attinet,
3258 5188 3407 5271 qui-

332 5294 440 5361 bus
463 5316 591 5365 non
619 5300 988 5383 premimur
1022 5298 1268 5364 malis?
1303 5300 1476 5364 Nam
1510 5316 1646 5363 non
1683 5300 1883 5381 longo
1915 5295 2262 5377 interjecto
2290 5296 2607 5378 tempore,
2634 5295 2787 5377 quis
2820 5313 2958 5360 non
2988 5295 3172 5360 furor
3196 5295 3407 5360 subiit

337 2070 748 2391 OUUM
788 2076 962 2139 nihil
1001 2092 1188 2157 aeque
1225 2075 1338 2155 sit,
1373 2075 1552 2157 quod
1590 2076 1708 2139 aut
1752 2075 1952 2139 citius
1993 2094 2116 2139 nos
2149 2076 2235 2139 ad
2271 2076 2590 2139 virtutem
2632 2076 2973 2140 colendam
3003 2076 3412 2157 promoveat,
