4309 6259
591 1278 643 1320 Ν
653 1280 838 1335 Βεμκιιι.

578 1342 644 1383 u.

870 486 946 549 10
1485 506 1828 552 mannum
1871 507 1934 552 ιΝ
1975 507 2111 553 ω.
2160 507 2203 552 ιι
2245 507 2403 552 unm
2443 507 2666 561 οῑιΑιιτι
2706 507 2930 553 ascum.
2974 526 3057 537 -
3097 508 3240 553 Αιιτ.
3286 507 3330 553 ιι

869 676 1007 757 riga
1034 685 1238 739 textus
1261 675 1418 739 nihil
1443 675 1756 757 loquitur3
1783 677 1893 739 sed
1915 676 2126 758 ipsum
2153 676 2351 739 Eliam
2379 675 2433 738 A
2458 679 2657 737 servis
2698 680 2851 747 tuis,
2880 676 3125 740 scilicet
3160 677 3517 755 nobiscum,
3554 688 3707 738 sunt
3747 681 3939 758 quin-

869 777 1120 839 vocavit
1147 795 1402 838 currum
1444 776 1800 839 Israeliticae
1831 776 2057 859 plebis,
2093 785 2154 839 et
2186 776 2353 837 auri-

865 893 1010 955 gam
1048 875 1332 956 ejusdem
1372 876 1603 957 plebiS,
1634 876 1935 957 quoniam
1982 876 2182 938 instar
2211 896 2353 939 cur-

867 994 976 1035 rus
1008 972 1313 1056 populum
1344 974 1529 1037 illum
1546 975 1945 1052 sustentavit,
1964 984 2026 1038 et
2045 974 2185 1057 ejus
2207 995 2351 1057 sup-

866 1072 1143 1155 portavit
1169 1093 1242 1135 ac
1285 1073 1610 1156 supplevit
1650 1072 1958 1150 defectuS,
1992 1073 2350 1155 direxitque

866 1192 1012 1236 eum
1044 1172 1211 1234 sicut
1229 1172 1450 1252 auriga
1466 1172 1838 1253 quadrigam
1860 1180 1956 1235 :et
1973 1173 2150 1252 juxta
2179 1173 2349 1237 hunc

867 1292 1148 1348 sensum,
1181 1272 1316 1335 haec
1345 1272 1563 1333 eadem
1593 1272 1788 1334 verba
1824 1290 1932 1334 rex
1959 1272 2147 1335 lsrael
2180 1272 2351 1336 infra

866 1370 1110 1454 profert
1152 1371 1230 1434 de
1267 1370 1499 1433 Eliseo.
1534 1372 1618 1432 Et
1655 1390 1786 1430 non
1825 1372 1998 1431 vidit
2033 1392 2181 1431 eum
2218 1392 2352 1433 am-

863 1473 1064 1549 ptius.

933 1570 1500 1648 Apprelzenditque
1527 1567 1772 1631 Eliseus
1799 1570 2171 1629 vestimenta
2202 1590 2343 1643 sua,

861 1679 922 1730 et
949 1671 1143 1729 scidit
1183 1671 1304 1727 itta
1342 1668 1416 1727 in
1451 1670 1621 1727 duas
1645 1677 1864 1745 partes
1891 1686 1966 1728 ex
2004 1667 2223 1731 dolore
2253 1687 2349 1731 se-

860 1765 1209 1848 parationis
1269 1784 1307 1827 a
1351 1764 1680 1828 carissimo
1728 1783 1843 1828 suo
1891 1765 2240 1846 magistr03
2286 1778 2347 1827 et

2458 778 2775 856 quaginta
2822 779 2956 836 viri
2999 778 3223 854 forteS,
3270 780 3386 855 qui
3424 788 3692 855 possunt
3742 779 3837 837 ire
3879 788 3937 837 et

2458 897 2741 956 quoerere
2768 878 3107 937 dominum
3148 886 3357 949 tuum,
3388 897 3469 936 ne
3510 878 3677 953 forte
3720 880 3939 939 tuterit

2456 995 2600 1034 eum
2649 977 2945 1053 Spiritus
2972 978 3266 1045 Domini,
3304 985 3365 1035 et
3404 978 3747 1053 projecerit
3793 998 3937 1038 eum

2460 1074 2733 1155 Spiritus
2753 1074 3007 1136 Domini
3036 1076 3109 1134 in
3143 1096 3351 1135 unum
3381 1078 3699 1135 montium
3728 1087 3847 1136 azot
3865 1078 3933 1138 in

2460 1194 2661 1233 unam
2692 1176 2990 1243 vallium,
3026 1173 3087 1235 id
3136 1182 3231 1235 est
3270 1173 3335 1235 in
3378 1172 3658 1254 aliquem
3704 1174 3933 1253 locum,

2458 1271 2625 1333 sicut
2662 1269 3007 1352 aliquando
3048 1270 3317 1352 contigit
3352 1272 3411 1333 ei
3449 1273 3621 1352 quod
3658 1280 3940 1355 transpo-

2457 1370 2617 1431 situs
2668 1369 2794 1431 fuit
2830 1369 3065 1432 virtute
3111 1370 3330 1433 divina
3369 1390 3482 1451 per
3518 1371 3813 1451 angelum
3861 1372 3939 1435 de

2456 1467 2597 1531 loco
2626 1469 2705 1531 ad
2736 1468 2968 1531 locum.
2990 1468 3167 1531 Unde
3188 1488 3379 1549 supra
3410 1468 3574 1532 libro
3607 1470 3791 1533 tertio
3819 1470 3939 1532 Ab·

2457 1567 2595 1628 dias
2623 1566 2783 1629 dixit
2817 1566 2971 1629 Eliae
3006 1584 3019 1627 :
3054 1566 3389 1648 Quumque
3427 1586 3744 1631 recessero
3776 1587 3813 1630 a
3852 1577 3933 1646 te,
4008 1590 4062 1632 111
4088 1591 4203 1644 acy.

2456 1666 2728 1748 Spiritus
2786 1665 3036 1727 Domini
3096 1666 3446 1747 asportabit
3493 1675 3555 1728 te
3614 1666 3680 1729 in
3728 1667 3935 1730 locum
3966 1656 4171 1703 “¹¹'’¹'⁶·

2456 1784 2648 1847 quem
2678 1783 2793 1844 ego
2827 1764 3073 1844 ignoro:
3100 1768 3227 1833 Qui
3254 1769 3395 1825 ait:
3418 1768 3635 1827 Nolite
3664 1768 3939 1837 mittere,

863 1867 1101 1926 levavit
1143 1866 1428 1942 pallium
1470 1866 1638 1925 Elioe
1683 1867 1854 1943 qnod
1899 1866 2212 1925 ceciderat
2256 1868 2343 1936 ei,
2380 1864 2428 1927 B
2454 1864 2757 1946 quoniam
2800 1872 3009 1925 certus
3048 1884 3188 1926 sum
3237 1865 3316 1926 ad
3357 1883 3547 1945 quem
3601 1865 3937 1927 translatus

862 1963 1017 2046 quia
1060 1962 1228 2025 Elias
1277 1962 1509 2043 deJecit
1556 1962 1713 2024 illud
1750 1980 1867 2043 pro
1911 1963 2347 2026 consolatione

861 2061 1076 2124 dilecti
1099 2062 1196 2123 sui
1227 2060 1549 2143 discipuli,
1565 2068 1635 2122 ut
1655 2060 1895 2141 aliquid
1919 2060 2183 2124 haberet
2200 2081 2349 2143 qua-

861 2162 914 2223 si
964 2180 1040 2223 ex
1080 2168 1456 2222 testamento
1496 2160 1695 2241 patris
1744 2159 1999 2235 sublati,
2037 2169 2231 2241 atque
2277 2170 2347 2224 ut

862 2259 974 2321 illo
1004 2258 1198 2341 pallio
1227 2257 1586 2334 vestiretur,
1622 2258 1688 2318 in
1735 2257 1986 2337 signum
2016 2258 2189 2339 quod
2218 2278 2347 2321 ma-

861 2358 1058 2440 gistro
1089 2376 1203 2419 suo
1235 2357 1598 2419 succederet
1631 2356 1696 2417 in
1725 2354 1965 2437 duplici
1985 2356 2187 2435 gratia
2215 2357 2345 2437 jam

863 2455 1150 2538 praefata,
1197 2463 1258 2517 et
1300 2474 1412 2537 per
1451 2454 1608 2517 illud
1651 2454 2030 2517 miraculum
2084 2453 2341 2531 faceret,

861 2554 1392 2636 quemadmodum
1427 2552 1742 2615 subditur.
1773 2556 2210 2633 Reversusque
2236 2564 2347 2615 ste-

865 2655 942 2713 tit
988 2673 1180 2730 super
1228 2653 1446 2729 ripam
1469 2654 1801 2723 Iordanis,
1841 2662 1900 2712 et
1937 2654 2145 2729 pallio
2174 2655 2347 2715 Elia»

860 2754 1033 2832 quod
1079 2753 1491 2810 ceciderat-ei
1535 2768 1611 2811 ex
1659 2750 2059 2813 ordinatione
2101 2750 2343 2827 divina,

855 2851 1170 2928 perc-ussit
1225 2870 1454 2929 aquaS,
1504 2867 1777 2929 sequens
1835 2848 1901 2910 in
1953 2848 2074 2911 hoc
2132 2849 2343 2930 ipsum

861 2950 1086 3025 Eliam‚
1121 2948 1231 3030 qui
1266 2948 1456 3030 paulo
1485 2956 1632 3010 ante
1662 2947 1752 3010 sic
1785 2946 2041 3023 fecerat,
2066 2956 2256 3029 atque
2278 2956 2347 3009 ut

2455 1963 2539 2024 sit
2569 1962 2801 2039 locum,
2824 1971 2887 2024 et
2917 1964 3089 2043 quod
3120 1982 3245 2025 non
3280 1962 3639 2027 invenietur
3668 1983 3705 2025 a
3731 1963 3935 2041 vobis,

2457 2081 2573 2124 nec
2605 2068 2978 2137 revertetur,
3016 2060 3140 2122 nisi
3170 2061 3339 2124 circa
3372 2060 3577 2124 finem
3604 2063 3827 2125 mundi
3857 2064 3937 2125 ad
4008 2082 4151 2136 Apoe.
4176 2096 4232 2130 n,

2455 2159 2927 2242 praedicandum
2948 2178 3095 2222 cum
3116 2160 3333 2222 Enoch
3356 2169 3577 2223 contra
3597 2160 3935 2243 perfidiam
3968 2147 4235 2250 {zagj‘fgj

2453 2256 2850 2335 Antichristi‚
2888 2257 3421 2339 quemadmodum
3464 2258 3531 2319 in
3560 2259 3937 2341 Apocalypsi
3970 2272 4069 2319 ⁵·6·

2454 2365 2515 2418 et
2546 2355 2848 2419 Malachia
2868 2356 3253 2419 continetur.
3282 2359 3754 2437 Coeyeruntque
3770 2380 3941 2427 eum,

2456 2455 2519 2517 id
2554 2462 2646 2518 est
2678 2456 3042 2537 importune
3083 2465 3483 2534 rogaverunt,
3506 2460 3703 2517 donec
3730 2459 3943 2535 acqui-

2452 2565 2677 2615 esceret
2712 2564 2773 2614 et
2812 2555 3076 2624 diceret,
3106 2557 3351 2615 Mittite
3379 2576 3401 2615 .·
3430 2554 3600 2635 quod
3644 2555 3827 2631 dixit,
3862 2576 3941 2617 ne

2452 2652 2728 2734 amplius
2751 2658 3071 2733 pateretur
3092 2651 3601 2733 ‚importunitatis
3622 2652 3797 2716 illius
3818 2672 3945 2717 mo-

2456 2752 2727 2827 lestiam,
2762 2760 2826 2814 et
2854 2770 2936 2814 ne
2968 2751 3091 2831 ipsi
3136 2759 3467 2813 manerent
3496 2751 3561 2813 in
3608 2752 3847 2830 dubio;
3880 2763 3943 2816 et

2454 2852 2607 2913 item
2640 2870 2721 2912 ne
2754 2850 3249 2931 suspicarentur,
3280 2850 3452 2933 quod
3485 2850 3623 2933 ipse
3666 2852 3939 2915 reditum

2452 2950 2821 3012 abhorreret
2839 2948 3013 3024 Eliae,
3034 2967 3115 3011 ne
3144 2949 3347 3030 maJ‘or
3366 2968 3442 3012 eo
3462 2958 3629 3012 esset
3661 2950 3725 3011 in
3757 2951 3942 3032 plebe

862 3048 1106 3110 meritis
1155 3047 1308 3109 Eliae
1351 3046 1535 3109 fieret
1585 3065 1767 3128 aquae
1814 3046 2066 3123 divisio,
2108 3058 2168 3107 et
2216 3067 2345 3106 non
2379 3052 2424 3115 C
2455 3047 2587 3110 illa.
2620 3050 2707 3109 Et
2734 3050 3053 3109 miserunt
3080 3051 3565 3127 quinquaqinta
3596 3050 3788 3110 viros.
3818 3051 3945 3117 Qui

861 3156 1014 3207 sunt
1041 3148 1270 3207 divisoe
1299 3153 1367 3207 ut
1397 3154 1565 3221 ante,
1586 3153 1656 3207 ut
1685 3164 1798 3227 per
1829 3144 1948 3207 hoc
1980 3144 2225 3207 Eliseus
2244 3145 2349 3206 ad-

864 3252 1136 3308 verteret
1183 3262 1251 3306 se
1292 3242 1662 3305 inferiorem
1707 3243 1950 3305 meritis
1999 3244 2095 3305 sui
2147 3242 2347 3323 magi-

865 3343 1002 3419 stri,
1048 3342 1268 3423 sicque
1310 3341 1676 3404 humiliaret
1725 3361 1814 3417 εθ,
1851 3360 1966 3404 nec
2013 3342 2092 3405 de
2139 3341 2351 3403 subita

865 3441 962 3505 sui
1007 3440 1404 3523 promotione
1449 3458 1520 3503 ac
1559 3447 1868 3521 potestate
1915 3440 2344 3503 extolleretur.

865 3544 952 3602 Et
978 3541 1154 3600 dimit
1177 3559 1198 3598 :
1234 3541 1349 3599 Ubi
1373 3549 1462 3600 est
1490 3542 1659 3599 Deus
1688 3541 1858 3600 Etioe
1895 3541 2092 3599 etiam
2123 3558 2301 3599 nunc
2320 3544 2351 3599 ?

864 3637 1047 3720 quasi
1085 3637 1255 3699 dicat
1289 3654 1304 3697 :
1341 3636 1560 3699 Nonne
1589 3656 1738 3700 vere
1784 3636 2022 3718 ubique
2070 3655 2350 3717 praesens

864 3745 958 3799 est
990 3744 1182 3817 atque
1205 3734 1645 3817 omnipotens?
1665 3736 1786 3798 hoc
1817 3742 1934 3811 est,
1957 3753 2083 3797 non
2105 3734 2351 3797 meritis

866 3834 1050 3911 meiS,
1082 3834 1192 3896 sed
1222 3833 1458 3915 pietate
1489 3842 1550 3895 et
1577 3833 1781 3914 gratia
1810 3831 1942 3909 Dei,
1977 3832 2352 3913 meritisque

865 3933 1018 3996 Eliae
1045 3947 1271 4015 precor
1302 3932 1466 3994 hanc
1494 3931 1784 3994 Iordanis
1818 3931 2163 4013 impetrare
2192 3930 2353 3994 divi-

866 4034 1132 4097 sionem.
1175 4034 1623 4113 Percussitque
1651 4054 1858 4111 aquas
1895 4051 2041 4095 cum
2085 4032 2206 4094 ista
2242 4032 2355 4093 hu-

867 4131 1158 4207 militate,
1209 4142 1268 4192 et
1302 4134 1534 4193 divisa?
1570 4142 1722 4191 sunt
1761 4134 1886 4191 leuc
1929 4142 2120 4211 atque
2168 4133 2353 4199 illue,

868 4240 927 4291 et
958 4231 1264 4290 transivit
1294 4231 1568 4291 Eli-sens.

967 4330 1258 4389 Videntes
1297 4338 1512 4388 autem
1551 4327 1684 4389 haec
1729 4329 1864 4403 filit
1889 4328 2349 4404 prophetarum

867 4430 986 4508 qui
1029 4436 1239 4497 erant,
1282 4425 1346 4487 id
1395 4434 1491 4487 est
1537 4424 1930 4499 habitabant,
1984 4426 2056 4485 in
2102 4427 2353 4486 ,Iericho

869 4535 1150 4594 econtra,
1184 4523 1248 4585 id
1291 4531 1386 4586 est
1431 4530 1668 4585 stantes
1717 4542 1792 4585 ex
1831 4523 2096 4585 adverso
2143 4521 2358 4584 Jorda-

870 4622 972 4685 nis
993 4622 1176 4703 :quia
1195 4622 1296 4701 (ut
1323 4629 1470 4683 ante
1497 4620 1566 4682 in
1598 4620 1719 4683 isto
1750 4620 2022 4683 habetur
2049 4620 2356 4703 capitulo)

870 4720 1334 4804 quinquaginta
1364 4720 1486 4782 viri
1526 4720 1605 4783 de
1645 4718 1806 4781 filiis
1844 4718 1973 4781 illis
2005 4720 2356 4800 sequeban-

871 4830 976 4883 tur
1004 4818 1206 4881 Eliam
1239 4826 1302 4881 et
1331 4817 1634 4895 Eliseum,
1669 4828 1732 4881 et
1761 4824 2073 4881 steterunt
2100 4825 2359 4881 econtra

872 4920 1059 4998 longe
1085 4942 1100 4991 ;
1132 4919 1446 4977 dioeerunt
1467 4934 1490 4978 .·
1509 4919 1851 4997 Requievit
1887 4918 2159 4994 spir-itus
2191 4919 2359 4979 Etioe

870 5038 1066 5096 super
1089 5016 1378 5079 Eliseum
1407 5036 1432 5075 ·.·
1462 5016 1629 5096 quod
1673 5034 1748 5078 ex
1795 5024 1971 5079 tanto
2011 5016 2361 5099 perpende-

875 5122 1026 5177 runt
1073 5111 1404 5175 miraculo.
1433 5116 1520 5173 Ec
1565 5116 1885 5175 venientes
1918 5116 1992 5175 in
2029 5135 2361 5175 occursum

873 5215 1038 5293 ejuS,
1077 5215 1516 5273 adoraverunt
1562 5232 1710 5273 eum
1749 5216 1951 5289 proni
1999 5216 2072 5274 in
2123 5224 2363 5273 terram

882 5310 1076 5374 duliae
1105 5310 1392 5388 adoratu,
1413 5313 1851 5391 cli-veruntque
1873 5313 1981 5370 itti
1995 5332 2018 5371 .·
2033 5312 2196 5372 Ecce
2216 5332 2364 5371 cum

2455 3168 2657 3226 quum
2688 3148 3056 3224 quoesissent
3097 3147 3300 3206 tribus
3328 3148 3571 3217 diebus,
3606 3168 3735 3207 non
3768 3150 3946 3207 inve-

2456 3255 2717 3306 nerunt.
2740 3248 2821 3307 Et
2849 3246 3087 3305 reversi
3101 3256 3257 3304 sunt
3294 3248 3381 3305 ad
3398 3266 3567 3307 eum.
3593 3250 3680 3308 At
3700 3250 3811 3307 ille
3842 3248 3947 3308 ha·

2458 3346 2700 3405 bitabat
2734 3346 2805 3403 in
2833 3345 3113 3411 Jericlzo,
3142 3352 3201 3402 et
3230 3345 3409 3403 dia-it
3432 3346 3523 3403 eis
3553 3364 3576 3406 .·
3602 3347 3947 3425 Numquid

2458 3463 2587 3503 non
2616 3443 2769 3501 dixi
2800 3442 2992 3513 vobi-9,
3028 3442 3245 3503 Nolite
3276 3443 3524 3501 mittere
3546 3447 3577 3503 ?

2538 3540 3009 3620 Consequenter
3038 3538 3485 3601 describuntur
3508 3539 3635 3602 alia
3664 3541 3789 3603 duo
3819 3539 3947 3601 Eli—

2460 3636 2552 3701 sei
2581 3636 2911 3700 miracula.
2934 3640 3262 3698 Dz‘oeerunt
3290 3658 3538 3717 quoque
3558 3640 3692 3699 viri
3717 3641 3947 3700 civita-

2463 3738 2545 3798 tis
2569 3735 2818 3798 Jerieho
2850 3739 2937 3796 ad
2972 3738 3257 3796 Elis-eum
3287 3754 3311 3796 .·
3344 3739 3500 3797 Ecce
3528 3740 3842 3798 habitatio
3862 3739 3946 3797 ei—

2462 3836 2684 3895 vitatis
2714 3836 2911 3913 hujus
2940 3836 3183 3913 optima
3210 3844 3325 3905 est,
3346 3834 3412 3897 id
3442 3844 3536 3897 cst
3557 3836 3945 3899 conveniens

2461 3932 2623 3995 situs
2651 3940 2714 3995 et
2744 3932 3009 4015 pulcher
3041 3932 3423 4008 locuS‚sicut
3445 3944 3515 3994 tu
3546 3937 3679 4011 ipse
3699 3937 3948 4011 prospi-

2461 4034 2599 4103 cis,·
2632 4034 2742 4092 sed
2778 4052 2964 4111 aquae
3000 4034 3291 4109 pessima»
3319 4042 3499 4102 sunt,
3531 4032 3594 4095 id
3637 4040 3735 4095 est
3762 4032 3947 4095 valde

2466 4129 2707 4192 nocivae
2731 4148 2745 4191 τ
2772 4139 2836 4192 et
2864 4129 3079 4193 forsan
3110 4129 3403 4192 morbum
3438 4130 3808 4209 ingerebant
3837 4150 3949 4213 po-

2386 4233 2433 4294 1)
2465 4228 2767 4305 tantibuS,
2801 4249 2912 4290 seu
2959 4228 3285 4290 utentibus
3326 4228 3441 4305 eis,
3480 4237 3541 4291 et
3588 4238 3815 4292 terram
3859 4228 3949 4292 fe-

2462 4334 2687 4389 cerunt
2729 4325 3099 4388 infertilem.
3135 4326 3277 4389 ldeo
3322 4327 3636 4403 subditur,
3678 4338 3735 4388 et
3776 4339 3949 4389 terra

2462 4427 2727 4494 sterilis,
2758 4443 2885 4487 non
2918 4443 2992 4486 ex
3021 4443 3109 4500 se,
3148 4426 3257 4487 sed
3287 4445 3362 4487 cx
3390 4444 3571 4506 aquae
3602 4425 3775 4488 illius
3808 4425 3949 4489 irri-

2462 4523 2717 4601 gatione
2752 4541 2765 4583 :
2802 4522 3118 4604 siquidem
3150 4532 3317 4585 terra
3354 4524 3797 4605 promissionis
3829 4524 3951 4587 fuit

2465 4621 2651 4685 valde
2682 4620 3037 4699 fructifera,
3062 4621 3253 4685 etiam
3288 4622 3353 4683 in
3385 4621 3656 4685 circuitu
3674 4623 3945 4687 Jericho.

2464 4724 2553 4781 At
2600 4722 2712 4779 ille
2758 4723 2855 4781 ait
2886 4724 3175 4799 :Afferte
3214 4722 3383 4781 milti
3428 4742 3542 4783 vas
3590 4741 3856 4792 novum,
3891 4733 3951 4783 et

2464 4820 2701 4879 mittite
2744 4822 2817 4879 in
2857 4821 3030 4879 illud
3065 4822 3183 4880 sal.
3216 4818 3341 4882 Cur
3377 4818 3581 4883 voluit
3624 4819 3951 4883 vasculum

2468 4935 2703 4981 novum
2734 4916 3013 4980 habere?
3041 4917 3277 4980 Forsan
3307 4936 3390 4981 ne
3416 4917 3651 4999 aliquis
3676 4918 3954 5001 suspica-

2469 5024 2665 5093 retur,
2684 5015 2855 5097 quod
2891 5016 2955 5076 in
2988 5035 3139 5081 vase
3157 5034 3285 5097 quo
3306 5015 3512 5081 voluit
3540 5017 3657 5094 uti,
3685 5016 3957 5080 fuissent

2468 5114 2757 5195 quasdam
2787 5112 2914 5175 alia
2932 5113 3063 5177 vim
3084 5114 3351 5176 sanandi
3371 5133 3601 5195 aquam
3630 5115 3956 5194 habentia,

2472 5212 2693 5293 sicque
2735 5210 2980 5274 curatio
3024 5230 3205 5293 aquae
3248 5212 3713 5275 adscriberetur
3751 5233 3957 5277 causae

2471 5308 2770 5385 naturali,
2809 5327 2937 5373 non
2981 5309 3217 5375 divinae
3258 5309 3500 5374 virtuti.
3538 5314 3719 5380 Quod
3754 5333 3960 5392 quum
