4309 6259
916 517 1266 563 ENARRATlo
1308 517 1370 562 IN
1412 516 1551 562 cu.
1596 515 1727 562 xxu
1770 514 1925 560 LIBRI
1966 513 2191 570 QUAR'H
2232 513 2454 562 REGtm.
2499 534 2579 544 —
2620 515 2763 562 ΛΒΤ.
2807 513 2954 560 XXIV

3391 488 3470 557 83

370 686 573 761 vicit3
608 695 671 750 et
702 687 767 749 in
802 685 1187 750 hereditaria
1218 705 1438 766 regum
1470 685 1873 748 successione
1905 683 1956 746 A
1984 689 2103 766 qui
2128 697 2480 764 operantur
2517 689 2591 748 in
2639 691 2866 765 templo
2896 687 3191 756 Domini,
3223 685 3470 749 scilicet

369 785 571 848 vitari
612 804 741 848 non
781 785 972 862 valet,
1007 785 1163 866 quin
1204 784 1526 846 interdum
1568 782 1748 865 pueri
1782 803 1876 844 re-

371 893 581 965 gnent
610 903 624 948 :
658 884 899 966 quibus
931 885 985 945 si
1016 883 1229 945 adsint
1259 882 1609 946 consiliarii
1639 882 1876 944 boniet

373 982 651 1046 virtuosi
682 981 1029 1060 officiales,
1065 982 1401 1064 suppletur
1441 1000 1555 1063 per
1594 980 1738 1043 illos
1770 981 1877 1042 dc-

372 1080 591 1144 fectus
624 1081 1026 1162 regnantium
1060 1098 1425 1162 puerorum.
1461 1079 1875 1160 Omnipotens

371 1187 591 1243 autem
639 1179 705 1241 in
752 1179 987 1260 quibus
1030 1178 1153 1241 sibi
1197 1178 1573 1260 complacet,
1622 1165 1877 1259 supplet

370 1297 495 1361 per
538 1278 807 1360 gratiam
855 1279 1027 1359 quod
1071 1278 1250 1340 deest
1294 1285 1555 1352 naturae,
1600 1276 1765 1339 sicut
1808 1275 1874 1336 in

372 1375 587 1440 electo
618 1377 741 1439 isto
769 1376 959 1453 Josia,
990 1377 1070 1439 de
1099 1395 1229 1457 quo
1260 1376 1538 1438 secundo
1568 1374 1878 1456 Paralipo—

1986 783 2370 860 artificibuS,
2433 789 2520 846 ad
2577 788 3011 847 instauranda
3067 795 3246 846 sarta
3307 793 3466 844 tecta

1988 886 2210 960 tempti
2233 887 2522 956 Domini,
2559 893 2628 946 ut
2660 892 2822 947 tecta
2857 903 2930 946 ac
2968 882 3108 946 aliae
3148 885 3289 964 ejus
3330 901 3472 964 par-

1988 991 2079 1044 tes
2108 982 2508 1064 reparatione
2540 982 2918 1063 indigent-eS,
2945 982 3377 1044 instaurentur
3409 989 3474 1043 et

1988 1081 2413 1157 innoventur;
2467 1084 2773 1160 tiynariis
2805 1083 3100 1142 videlicet
3129 1091 3188 1142 et
3215 1100 3473 1142 caemen-

1986 1183 2119 1241 tari
2124 1183 2198 1251 is,
2223 1179 2286 1242 id
2309 1189 2405 1243 est
2425 1179 2861 1262 carpentariiS‚
2885 1178 3318 1261 operat-iisque
3339 1197 3471 1239 mu-

1985 1297 2226 1356 rorum,
2259 1289 2318 1340 et
2361 1282 2462 1340 his
2499 1282 2617 1360 qui
2655 1282 3022 1356 interrupta
3058 1287 3468 1355 componunt,

1985 1377 2048 1439 id
2091 1386 2189 1440 est
2224 1378 2506 1460 collapsa
2545 1378 2918 1455 reformant,
2950 1388 3022 1438 ut
3059 1388 3119 1438 et
3145 1386 3363 1438 emant
3398 1379 3471 1436 li-

116 1491 153 1534 11
194 1493 317 1534 Par.
375 1495 617 1539 menon
650 1476 978 1551 asseritur,
1010 1475 1182 1555 quod
1224 1483 1450 1538 octavo
1486 1491 1655 1536 anno
1696 1472 1874 1553 regni
1976 1495 2113 1552 qna
2160 1487 2218 1537 et
2271 1479 2516 1554 lapides
2561 1481 2640 1538 de
2689 1478 3092 1554 lapidiciniS,
3144 1475 3207 1537 id
3253 1481 3350 1537 est
3390 1474 3469 1536 de

60 1570 205 1606 “¹¹³³
228 1559 271 1597 ³·
372 1575 506 1650 sui,
542 1573 844 1637 videlicet
873 1571 1303 1636 sextodecimo
1335 1590 1504 1634 anno
1534 1572 1681 1636 vitae
1720 1591 1872 1650 suae,
1985 1573 2145 1650 locO,
2181 1575 2292 1637 ubi
2333 1575 2576 1657 lapides
2617 1575 3070 1657 praeciduntur,
3105 1577 3192 1634 ad
3225 1575 3470 1634 instau-

370 1693 581 1754 quum
632 1673 839 1735 adhuc
890 1691 1050 1754 puer
1106 1681 1295 1748 esset,
1351 1671 1545 1752 coepit
1591 1690 1875 1752 quaerere
1982 1677 2270 1734 rand-um
2317 1678 2624 1752 templum
2667 1676 2956 1735 Domini.
3023 1675 3468 1734 Verumtamen

370 1773 740 1836 Dominum.
763 1772 893 1834 lmo
911 1769 1223 1853 Josephus
1255 1769 1453 1833 refert
1477 1771 1555 1832 de
1584 1788 1682 1846 eo,
1702 1771 1872 1851 quod
1982 1791 2113 1832 non
2152 1783 2540 1850 supputetur
2576 1776 2668 1833 eis
2706 1783 3047 1850 arqentum
3086 1775 3258 1851 quod
3305 1773 3470 1831 acci-

368 1879 511 1933 erat
542 1879 771 1932 natura
798 1869 1136 1949 benignuS,
1172 1877 1236 1932 et
1266 1870 1343 1931 ad
1375 1868 1674 1930 virtutem
1707 1868 1875 1931 utili·
1911 1869 1957 1930 B
1974 1871 2198 1946 piunt,
2243 1870 2305 1931 id
2347 1879 2463 1947 est,
2499 1888 2627 1932 non
2669 1879 3036 1932 numeretur
3080 1889 3197 1932 nec
3241 1868 3472 1951 ponde·-

366 1977 471 2031 ter
498 1975 1125 2050 praeparatu3,atque
1156 1965 1223 2028 in
1254 1965 1873 2042 studiiS,intentione
1982 1976 2155 2031 retur
2201 1969 2316 2044 eiS,
2353 1969 2440 2030 ita
2485 1976 2554 2030 ut
2598 1977 2933 2032 teneantur
2974 1969 3235 2032 reddere
3278 1968 3464 2030 ratio-

366 2086 445 2130 ac
496 2066 718 2146 regula
767 2065 967 2130 David
1026 2064 1193 2145 regis
1250 2065 1513 2128 omnino
1561 2065 1867 2128 intentus,
1981 2085 2124 2128 nem
2157 2068 2236 2130 de
2269 2085 2366 2144 e0,
2399 2067 2674 2148 qualiter
2701 2077 2763 2130 et
2805 2066 2912 2128 ubi
2947 2067 3305 2149 expositum
3343 2066 3462 2141 sit3

366 2165 714 2247 Quumque
755 2165 835 2227 ad
879 2163 1329 2227 duodecimum
1378 2162 1581 2226 aetatis
1630 2182 1870 2226 annum
1978 2170 2086 2226 sed
2108 2169 2181 2226 in
2197 2175 2498 2245 potestate
2516 2168 2791 2227 habeant
2809 2176 2868 2227 et
2889 2169 2962 2227 in
2980 2170 3131 2242 ficte,
3159 2165 3222 2226 id
3253 2173 3370 2242 est,
3398 2164 3469 2226 li-

364 2263 681 2340 venisset‚
715 2263 1019 2346 pietatem
1052 2270 1115 2325 et
1141 2261 1455 2343 justitiam
1486 2262 1553 2324 in
1584 2281 1652 2324 se
1682 2262 1871 2325 mira·
1981 2263 2209 2326 bertati
2240 2273 2304 2328 et
2333 2261 2629 2326 fidelitati
2663 2283 2880 2327 eorum
2909 2263 3340 2327 committatur
3369 2283 3470 2325 ex-

362 2363 569 2424 bilem
602 2381 747 2424 esse
777 2361 1091 2424 ostendit.'
1111 2360 1421 2424 Cunctum
1464 2380 1739 2442 namque
1774 2379 1873 2443 po-
1981 2363 2216 2444 positio
2243 2361 2385 2438 ista,
2412 2369 2482 2425 ut
2514 2363 2799 2426 videntes
2829 2381 2896 2424 se
2927 2362 3248 2438 honorari,
3271 2370 3464 2443 atque

364 2461 601 2544 pulum
645 2480 835 2522 suum
884 2459 1179 2536 correxit,
1223 2468 1293 2520 ut
1333 2460 1649 2523 derelicta·
1674 2460 1873 2522 idolo-
1982 2460 2145 2523 bene
2177 2462 2254 2522 de
2286 2460 2378 2523 eis
2408 2460 2652 2537 sentiri,
2690 2469 3114 2542 provocentur
3141 2461 3220 2523 ad
3252 2460 3468 2522 melio—

368 2579 527 2649 rum·
545 2567 743 2634 secta,
764 2559 964 2621 Deum
996 2566 1247 2640 patrum
1281 2575 1538 2619 suorum
1571 2558 1865 2621 colerent.
1979 2579 2071 2636 ra,
2104 2567 2170 2622 et
2199 2559 2360 2640 grati
2400 2559 2529 2621 sint
2567 2568 2756 2640 atque
2788 2558 3048 2622 fidelius
3079 2567 3292 2638 agant.
3327 2559 3469 2621 Haec

370 2661 629 2721 Nomen
656 2660 890 2719 matris
914 2659 1055 2734 eJus
1074 2658 1301 2726 Idida,
1312 2658 1461 2734 fitia
1483 2660 1773 2727 Hadaia,
1792 2661 1873 2718 de
1981 2659 2202 2720 eadem
2251 2659 2488 2740 scripta
2535 2666 2685 2721 sunt
2742 2677 2934 2740 supra
2992 2658 3071 2721 de
3121 2657 3263 2720 Joas
3321 2675 3467 2737 rege
3511 2671 3758 2729 lvnemn,

362 2759 703 2820 Besecatk.
738 2757 1041 2836 Fen-itque
1066 2757 1238 2835 quod
1258 2757 1583 2833 placitum
1614 2765 1753 2816 erat
1782 2777 1873 2816 eo-
1979 2757 2160 2820 Juda.
3499 2738 3564 2780 ¹⁵·

360 2875 517 2916 ram
548 2855 860 2924 Domino,
877 2863 937 2914 et
966 2853 1328 2914 ambulavit
1354 2873 1472 2931 per
1501 2873 1713 2914 omnes
1734 2856 1871 2914 vias
2058 2859 2248 2918 Dixit
2295 2867 2514 2918 autem·
2558 2858 2818 2917 Helcias
2857 2858 3160 2934 pontiseoe
3208 2859 3298 2918 ad
3344 2859 3463 2919 Sa-

364 2957 595 3016 David
616 2955 837 3033 patris
864 2953 995 3013 sui.
1018 2953 1151 3014 Nec
1168 2953 1525 3012 declinavit
1553 2955 1642 3012 ad
1667 2955 1874 3011 deoete-
1970 2959 2158 3033 pkan
2212 2958 2490 3016 scribam
2528 2976 2551 3015 .·
2589 2957 2857 3017 Librum
2901 2956 3076 3032 ieqis
3123 2957 3335 3034 reperi
3385 2958 3459 3016 in

358 3074 513 3114 ram
543 3055 685 3113 sive
714 3055 804 3112 ad
830 3051 1191 3111 sinistram.
1907 3050 1951 3112 C
1979 3058 2164 3115 domo
2203 3055 2492 3116 Domini.
2525 3056 2842 3134 Deditque
2887 3056 3141 3128 Heleias
3173 3058 3470 3115 volumen

446 3155 647 3213 Anno
690 3159 909 3211 autem
947 3149 1411 3210 octavodecimo
1450 3149 1617 3224 reyis
1653 3150 1871 3218 Josioe,
1980 3155 2248 3230 Saphan
2291 3155 2537 3222 scriboe,
2578 3155 2695 3232 qui
2735 3163 2794 3213 et
2844 3154 2995 3229 legit
3039 3154 3232 3214 illud.
3295 3154 3472 3215 Venit

358 3253 549 3312 misit
580 3271 705 3311 νεα)
735 3252 1007 3327 Sapkan
1036 3248 1258 3325 filium
1288 3249 1497 3320 Astia,
1530 3250 1667 3326 filii
1708 3251 1875 3309 Mes-
1981 3271 2228 3331 quoque
2259 3253 2528 3328 Saphan
2557 3253 2767 3311 scriba
2795 3254 2884 3311 ad
2904 3271 3138 3329 reyem,
3159 3261 3218 3313 et
3237 3271 3470 3314 renun-

356 3351 634 3421 sullam,
690 3349 973 3408 scribam
1034 3347 1261 3422 templi
1307 3347 1599 3417 Domini,
1652 3347 1873 3406 dicens
1984 3350 2175 3410 tiavit
2213 3352 2276 3410 ei
2303 3354 2475 3430 quod
2502 3360 2918 3428 praeceperat,
2949 3359 3008 3423 et
3037 3353 3134 3411 ait
3163 3372 3186 3411 .·
3217 3353 3469 3427 Consta*

360 3450 471 3508 ei:
492 3450 667 3508 Vade
688 3449 779 3506 ad
800 3446 1097 3506 Heleiam
1124 3447 1511 3505 sacerdotem
1543 3464 1875 3522 maynum,
1982 3459 2218 3509 verunt
2272 3451 2444 3508 servi
2493 3451 2592 3510 tui
2631 3450 2981 3527 pecuniam
3023 3471 3166 3529 quoe
3213 3460 3466 3529 reperta

362 3545 435 3606 id
472 3553 569 3606 est
599 3539 1005 3626 pontificem,
1030 3539 1468 3603 denuntiando
1499 3541 1559 3604 ei
1588 3559 1665 3604 ex
1696 3549 1875 3623 parte
1981 3555 2071 3606 est
2101 3547 2174 3604 in
2201 3548 2385 3605 domo
2405 3547 2700 3616 Domini,
2729 3555 2788 3606 et
2815 3549 3132 3607 dederunt
3161 3556 3234 3607 ut
3252 3546 3474 3606 distri—

365 3643 525 3720 mei,
560 3652 637 3703 ut
666 3644 925 3717 conflet,
956 3639 1019 3701 id
1059 3647 1177 3716 est,
1220 3638 1411 3701 simul
1453 3639 1744 3722 accipiat,
1776 3661 1878 3718 pe·
1984 3645 2284 3704 bueretur
2310 3644 2522 3722 fabris
2540 3666 2581 3705 a
2593 3645 2918 3721 praefectis
2947 3665 3212 3722 operum
3245 3645 3470 3721 tempti

364 3743 647 3802 cuniam
688 3760 834 3820 quoe
880 3742 1071 3799 illata
1106 3747 1223 3808 est,
1261 3736 1326 3799 id
1377 3745 1473 3800 est
1520 3737 1872 3819 deportata,
1982 3743 2272 3804 Domini.
2309 3743 2629 3806 Narravit
2659 3763 2907 3823 quoque
2939 3764 2962 3802 .·
2997 3745 3273 3805 Librum
3313 3745 3470 3819 leqis

370 3842 449 3900 in
480 3842 756 3900 domum
786 3838 1077 3908 Domini,
1112 3835 1176 3898 id
1214 3844 1311 3899 est
1349 3835 1415 3896 in
1454 3835 1785 3918 templum,
1820 3845 1879 3896 et
1983 3842 2164 3900 dedit
2185 3842 2351 3900 milii
2371 3843 2629 3901 Heleias
2657 3845 2945 3901 sacerdos
2965 3862 2986 3900 .·
3006 3859 3200 3922 quem
3231 3840 3468 3903 librum

368 3957 583 4019 quam
622 3941 1017 4014 eolleqerunt
1046 3936 1376 4012 janitores
1409 3937 1660 4013 templi,
1689 3935 1752 3996 id
1784 3941 1881 3998 est
1987 3937 2235 4001 invenit
2272 3937 2338 3999 in
2389 3938 2649 4019 templo.
2683 3937 2865 4000 Circa
2891 3938 3064 4019 quod
3109 3945 3324 4000 narrat
3355 3937 3474 4020 Ly-

368 4035 630 4099 ostiarii
663 4035 894 4097 domus
923 4032 1115 4110 Dei,a
1134 4037 1399 4110 populo.
1424 4032 1578 4094 Nam
1611 4033 1779 4096 sicut
1809 4033 1877 4095 in
1988 4055 2077 4111 ra,
2112 4036 2282 4116 quod
2314 4054 2512 4115 quum
2544 4035 2746 4098 Achaz
2787 4043 3096 4116 quaereret
3138 4035 3336 4098 libros
3384 4034 3474 4099 le-

366 4132 913 4215 Paralipomenon
955 4130 1257 4210 tangitur,
1293 4138 1357 4193 et
1393 4129 1704 4212 Josephus
1746 4129 1881 4211 ple-
1984 4133 2085 4212 gis
2130 4132 2208 4195 ad
2256 4133 2782 4211 comburendum,
2833 4134 2951 4196 iste
3000 4132 3125 4196 fuit
3173 4133 3240 4195 in
3284 4152 3470 4197 muro

116 4257 239 4300 ssia.
262 4261 311 4302 ο.
370 4231 529 4294 nius
562 4239 805 4306 narrat,
821 4228 1022 4292 Josias
1042 4228 1219 4290 misit
1249 4227 1315 4289 in
1349 4229 1716 4292 universam
1739 4247 1883 4310 pro-
1912 4235 1961 4297 D
1986 4231 2418 4295 absconditus.
2455 4232 2576 4295 Sed
2617 4251 2746 4296 non
2790 4232 3064 4310 videtur,
3096 4232 3269 4314 quod
3317 4241 3478 4295 tem-

368 4329 665 4394 vinciam
712 4327 915 4408 regni,
948 4334 1013 4388 et
1053 4327 1130 4388 ad
1172 4326 1473 4407 reliquias
1507 4328 1731 4390 decem
1774 4327 1882 4388 tri·
1989 4349 2141 4413 pore
2169 4329 2450 4393 Ezechiae
2495 4329 2620 4392 filii
2659 4331 2885 4409 Achaz,
2919 4329 3198 4394 defuerit
3237 4331 3371 4411 regi
3402 4350 3474 4394 ac

368 4429 581 4492 buum
632 4445 781 4508 quae
820 4433 1277 4502 remanserant,
1322 4433 1392 4487 ut
1440 4425 1883 4506 unusquisque
1989 4429 2226 4511 populo
2265 4428 2426 4491 liber
2465 4429 2645 4508 legiS.
2680 4429 2842 4492 Dicit
2880 4430 3072 4492 etiam
3115 4429 3317 4493 Rabbi
3363 4429 3481 4492 Sa-

368 4526 655 4592 offerret
685 4526 764 4587 ad
798 4523 1264 4607 reparationem
1301 4524 1526 4607 templi
1566 4532 1879 4607 quantum
1989 4529 2227 4604 lomon‚
2286 4528 2457 4608 quod
2517 4527 2804 4610 pontifex
2865 4528 3112 4592 invenit
3167 4530 3339 4592 hunc
3398 4528 3476 4590 li-

368 4627 577 4693 vellet
612 4645 628 4688 ε
664 4625 889 4706 sicque
918 4625 996 4686 ad
1030 4625 1205 4706 pium
1236 4644 1425 4686 usum
1457 4624 1638 4686 illum
1672 4624 1891 4687 oblata·
1989 4626 2199 4704 hrum,
2250 4646 2451 4708 quum
2511 4627 2678 4688 muri
2729 4627 2954 4710 templi
3001 4637 3471 4711 repararentur.

372 4725 508 4788 fuit
550 4741 789 4804 magna
830 4722 1126 4805 pecunia.
1171 4727 1500 4804 Deturque
1542 4725 1777 4802 fabris,
1817 4724 1881 4786 id
1988 4725 2222 4788 Verum
2270 4725 2337 4787 in
2386 4725 2910 4807 Paralipomenon
2954 4726 3205 4808 legitur,
3241 4727 3478 4802 Quum·
3561 4741 3596 4784 n
3625 4741 3740 4784 Par.

368 4831 477 4888 est
522 4821 893 4886 artificibus
944 4820 1256 4901 lignariiS,
1306 4820 1611 4898 ferrariiS,
1658 4831 1768 4884 aut
1814 4822 1881 4883 in
1987 4841 2113 4904 que
2142 4821 2453 4886 efferrent
2483 4823 2843 4905 pecuniam,
2867 4824 3213 4906 quaeillata
3241 4833 3376 4887 erat
3406 4825 3474 4887 in
3505 4817 3645 4855 ¹¹¹¹''‘
3669 4807 3736 4848 ¹⁴·

370 4920 584 4984 simili
614 4920 885 4984 materia
914 4920 1350 5002 operantibuS,
1366 4940 1487 4998 per
1509 4923 1883 5000 praepositos
1988 4921 2298 5002 templum
2345 4921 2616 5000 Domini,
2667 4923 2902 5005 reperit
2945 4922 3189 4985 Helcias
3236 4923 3472 4986 librum

366 5025 613 5082 domus
642 5021 941 5089 Domini,
973 5019 1040 5080 id
1080 5026 1177 5081 est
1216 5037 1331 5100 per
1369 5019 1707 5098 magistros
1738 5038 1884 5101 ope-
1990 5019 2150 5100 legis
2182 5038 2195 5082 :
2239 5021 2458 5102 sicque
2507 5020 2758 5084 videtur
2808 5021 3020 5102 potius
3069 5020 3224 5082 alibi
3278 5040 3472 5102 quam

372 5138 527 5181 rum
576 5117 821 5201 templi,
866 5127 931 5180 et
974 5136 1089 5200 per
1127 5115 1449 5181 officiatos
1487 5119 1628 5200 ejus
1668 5119 1884 5200 praeci-
1992 5118 2059 5179 in
2091 5137 2274 5181 muro
2308 5118 2505 5181 fuisse
2541 5118 2972 5181 absconditus.
3011 5119 3244 5182 Tamen
3281 5119 3346 5180 in
3385 5119 3480 5180 hi-

114 5247 323 5294 neam.
370 5235 569 5300 puoS‚
623 5216 739 5298 qui
788 5215 855 5278 in
904 5215 1432 5297 Paralipomenon
1495 5224 1557 5278 et
1611 5216 1884 5298 Josepho
1993 5216 2208 5279 storiis
2255 5217 2343 5278 ait
2381 5216 2690 5297 Magister,
2745 5217 2915 5296 quod
2967 5215 3180 5279 forsan
3232 5217 3482 5281 invenit

368 5315 855 5397 exprimuntur.
903 5315 1033 5384 Qui
1072 5323 1133 5374 et
1172 5316 1575 5375 distribuant
1612 5335 1753 5375 eam
1783 5317 1885 5375 liis
1992 5333 2139 5377 eum
2172 5313 2238 5374 in
2270 5331 2435 5389 arca,
2471 5314 2536 5374 in
2566 5333 2692 5394 qua
2723 5332 2868 5375 eum
2903 5313 3138 5396 Moyses
3171 5313 3476 5395 reposuit.
