4309 6259
857 496 975 563 340

1731 515 2080 562 ssNAnnA'rto
2123 516 2185 561 IN
2228 516 2365 561 GAP.
2412 515 2478 561 111
2518 514 2643 561 1013.
2690 536 2771 546 —
2810 517 2957 563 ART-
3000 516 3067 563 11

849 686 1172 763 sunt,dum
1191 686 1363 768 justo
1383 705 1456 748 ac
1477 685 1811 767 poenitenti
1835 686 2052 749 vident
2073 694 2183 749 aut
2204 704 2339 748 sen·
2369 684 2420 747 A
2448 686 2621 762 tiam,
2646 685 2971 769 futurique
2992 686 3237 768 praemii
3256 684 3853 759 considerationem,
3872 691 3939 745 et

848 784 1016 846 tiunt
1046 785 1310 847 adversa
1349 784 1742 865 contingere,
1777 792 2003 866 putant
2041 803 2341 866 superva-

849 900 1038 943 cuum
1072 900 1210 943 esse
1240 880 1585 944 virtutibus
1618 881 1935 957 insudare,
1959 890 2024 943 et
2042 882 2343 963 concupi-

849 980 1106 1043 scentiis
1138 979 1384 1060 eligunt
1413 980 1795 1056 consentire,
1823 979 2343 1061 vanitatibusque

849 1098 1093 1143 vacare.
1147 1080 1318 1141 Hanc
1370 1068 1844 1141 sensualitatem
1895 1078 2345 1159 carnalemque

853 1196 1110 1239 sensum
1143 1186 1206 1241 et
1238 1176 1464 1239 falsam
1497 1177 1899 1259 prudentiam
1943 1176 2102 1239 ratio
2142 1176 2345 1239 incre-

853 1284 960 1357 pet
998 1283 1190 1356 atque
1229 1276 1498 1351 erudiat,
1546 1276 1764 1339 dicens
1801 1293 1815 1337 ε
1854 1279 2054 1344 Quasi
2095 1297 2231 1337 una
2268 1280 2344 1335 de

851 1376 1066 1434 stultis
1095 1376 1477 1435 mulieribus
1509 1378 1718 1433 locuta
1751 1394 1833 1433 eS.
1872 1372 2064 1435 Stulti
2104 1372 2345 1455 quippe

854 1489 981 1533 non
1033 1470 1156 1533 nisi
1208 1471 1546 1553 praesentia
1597 1490 1670 1534 ac
1717 1471 2090 1553 apparentia
2138 1471 2346 1533 solent

853 1570 1207 1643 attendere3
1241 1570 1625 1651 sapientium
1655 1588 1805 1633 vero
1835 1579 1950 1646 est,
1970 1570 2191 1633 oculos
2216 1587 2347 1632 cor-

852 1667 950 1730 dis
978 1669 1057 1731 ad
1088 1667 1304 1731 futura
1331 1669 1627 1750 dirigere,
1644 1669 1724 1730 ad
1757 1669 2061 1731 interiora
2090 1686 2348 1731 conver-

851 1776 1006 1843 tere,
1040 1767 1293 1829 aeternis
1326 1766 1620 1848 infigere.
1645 1770 1724 1829 Si
1755 1770 1919 1828 bona
1946 1769 2345 1845 suscepimus

2452 784 2759 847 intuendo
2797 794 3073 866 quantus
3112 784 3180 845 in
3224 783 3562 866 aequanimi
3602 781 3947 845 adversita-

2454 890 2585 943 tum
2636 883 2971 945 tolerantia
3019 883 3321 946 consistat
3372 880 3719 963 profectuS.
3770 878 3951 941 Affe-

2455 990 2595 1044 ctus
2640 1000 2752 1043 seu
2795 981 2934 1063 ipse
2980 980 3408 1045 intellectivus
3447 978 3788 1061 appetituS,
3832 976 3949 1059 qui

2457 1080 2753 1143 voluntas
2812 1089 3094 1158 vocatur,
3148 1078 3513 1142 consolatur
3560 1097 3673 1161 per
3722 1076 3951 1139 carita-

2458 1186 2606 1254 tem,
2640 1178 2875 1259 jubens
2918 1177 3134 1241 omnia
3174 1175 3635 1260 patientissime
3678 1175 3833 1237 ferri
3872 1193 3952 1237 ex

2456 1294 2618 1358 puro
2648 1277 2760 1339 Dei
2789 1294 3025 1353 amore,
3059 1276 3360 1358 quoniam
3404 1275 3463 1338 ei
3503 1274 3595 1337 sic
3624 1274 3854 1356 placet,
3887 1281 3955 1335 et

2453 1374 2759 1455 quoniam
2804 1394 2971 1456 saepe
3016 1374 3413 1437 offendimus
3453 1393 3621 1450 eum,
3654 1381 3847 1453 atque
3880 1380 3953 1433 ut

2455 1473 2708 1535 Christo
2734 1472 3098 1554 aliqualiter
3128 1472 3627 1547 conformemur,
3653 1472 3719 1532 in
3749 1469 3956 1549 gratia

2456 1589 2714 1652 quoque
2752 1589 2925 1633 nunc
2964 1580 3029 1633 et
3066 1572 3316 1633 tandem
3359 1570 3424 1631 in
3465 1569 3668 1650 gloria
3696 1586 3955 1632 concre—

2456 1688 2730 1733 scamus.
2774 1668 3073 1732 Memoria
3113 1688 3223 1731 seu
3272 1669 3454 1750 vigor
3499 1668 3956 1731 memorativus

2454 1768 2840 1843 consolatur,
2884 1769 2963 1830 ad
3014 1776 3289 1830 mentem
3342 1768 3652 1830 reducens
3704 1775 3955 1847 quanta

852 1870 932 1927 de
963 1888 1186 1937 manu,
1210 1867 1273 1928 id
1304 1874 1401 1929 est
1428 1866 1807 1929 liberalitate
1827 1866 2331 1948 omnipotentiae,
2382 1874 2428 1936 Β
2460 1884 2680 1946 passus
2726 1866 2809 1928 sit
2856 1866 3164 1943 ChristuS‚
3198 1874 3262 1929 et
3307 1884 3529 1929 omnes
3580 1864 3793 1941 electi,
3835 1863 3947 1945 qui

855 1968 1143 2037 Domt'm',
1180 1970 1356 2026 mala
1383 1985 1585 2045 quare
1611 1986 1736 2026 non
1769 1968 2253 2025 sustineamus?

932 2064 1274 2139 Postremo,
1313 2072 1434 2125 tres
1472 2063 1661 2125 amici
1707 2064 1890 2125 istius
1933 2061 2196 2140 afflicti,
2233 2062 2344 2143 qui

857 2161 1184 2224 audientes
1227 2181 1371 2243 quae
1412 2181 1636 2243 passus
1682 2161 1784 2238 sit,
1829 2161 2179 2224 condicunt
2223 2160 2346 2222 sibi

859 2268 930 2321 ut
973 2260 1210 2341 pariter
1250 2259 1582 2323 venientes
1633 2258 2044 2323 consolentur
2087 2267 2151 2320 et
2200 2258 2351 2322 visi-

857 2364 992 2418 tent
1035 2377 1204 2435 eum,
1247 2357 1521 2437 intelligi
1563 2366 1831 2438 possunt
1871 2356 2100 2437 triplex
2147 2356 2352 2418 homi-

857 2473 1012 2517 num
1061 2462 1283 2532 statuS,
1327 2455 1427 2519 vel
1479 2455 1712 2537 triplex
1752 2455 2087 2536 sapientia,
2133 2462 2353 2535 utpote

859 2553 1218 2616 intellectus
1283 2572 1394 2615 seu
1457 2553 1724 2616 actualis
1786 2552 2134 2615 intellectio
2195 2551 2351 2631 legis

860 2651 1214 2733 tripartitae,
1247 2650 1546 2713 videlicet
1579 2650 1735 2730 legis
1769 2651 2077 2712 naturalis
2107 2659 2170 2712 et
2201 2650 2354 2712 scri-

859 2757 984 2831 ptae
1015 2768 1086 2811 ac
1115 2748 1496 2829 evangelicae
1530 2767 1544 2810 z
1578 2768 1849 2830 quarum
1879 2748 2184 2832 quaelibet
2214 2767 2356 2830 pro-

859 2847 1042 2929 ponit
1089 2847 1366 2909 remedia
1413 2847 1870 2909 adversitatum
1932 2846 2349 2923 consolativa,

859 2946 1192 3027 potissime
1238 2945 1598 3007 intellectus
1637 2945 2018 3025 evangelicae
2062 2945 2243 3026 legis,
2286 2945 2353 3006 in

2457 1962 2824 2044 frequenter
2859 1983 2989 2045 quo
3030 1983 3145 2027 suo
3183 1962 3461 2027 Creatori
3511 1962 3785 2026 cariores
3819 1961 3953 2023 fue-

2456 2070 2627 2139 runt,
2673 2081 2748 2126 eo
2796 2063 3051 2125 duriora
3102 2062 3388 2145 perpessi
3434 2070 3607 2125 sunt.
3648 2061 3756 2124 Isti
3796 2069 3954 2123 sunt

2463 2160 2796 2223 interiores
2830 2161 3029 2223 nostri
3060 2161 3271 2238 amici,
3309 2161 3374 2223 in
3405 2178 3566 2242 quos
3608 2160 3789 2223 dolor
3822 2160 3957 2221 ani-

2460 2278 2579 2321 mae
2610 2267 2839 2321 nostrai
2866 2259 3199 2336 redundat,
3235 2260 3641 2342 residentque
3666 2266 3959 2321 constan-

2466 2366 2559 2419 ter
2589 2376 2735 2419 cum
2774 2377 2869 2435 ea,
2905 2365 3111 2421 vestes
3150 2378 3297 2419 suas
3335 2358 3717 2433 scindenteS,
3752 2355 3819 2418 id
3858 2364 3957 2417 est

2462 2454 2745 2517 actiones
2776 2456 2900 2518 sibi
2932 2464 3081 2519 ante
3118 2454 3526 2519 delectabiles
3562 2455 3816 2537 penitus
3850 2454 3959 2515 ab·

2462 2552 2787 2616 horrentes
2820 2574 2893 2617 ac
2926 2554 3312 2636 abjectantes
3340 2571 3355 2615 ε
3392 2554 3502 2617 sed
3532 2562 3595 2616 et
3625 2551 3955 2635 pulverem

2465 2652 2588 2713 sibi
2633 2652 2925 2733 protinus
2968 2660 3430 2734 superponunt,
3474 2652 3627 2733 quia
3669 2652 3959 2714 recorda-

2466 2749 2771 2827 tionibuS‚
2802 2750 3207 2831 cogitatibuS,
3230 2749 3705 2831 affectibusque
3732 2750 3810 2811 ad
3838 2749 3959 2811 hu-

2464 2847 2645 2909 milia
2674 2856 2737 2910 et
2765 2848 3012 2929 abjecta
3046 2848 3479 2930 spectantibus
3518 2848 3707 2909 simul
3749 2847 3959 2910 inten-

2464 2947 2655 3021 dunt3
2684 2946 2796 3027 qui
2817 2946 3317 3009 consolationem
3348 2964 3605 3027 quoque
3634 2946 3955 3007 interdum

861 3063 989 3125 qua
1057 3044 1330 3127 quisque
1401 3052 1574 3107 tanto
1639 3044 2016 3125 praedicatur
2084 3043 2349 3121 beatior,
2390 3049 2432 3111 C
2466 3045 2542 3107 ad
2587 3054 2841 3125 tempus
2885 3046 3305 3127 suspendunt,
3338 3044 3560 3107 horam
3607 3062 3955 3123 congruam

859 3151 1099 3224 quanto
1139 3151 1397 3224 propter
1429 3143 1622 3205 Deum
1664 3142 1978 3223 patienter
2016 3141 2349 3205 afflictior.

861 3240 966 3303 Isti
1023 3240 1211 3303 amici
1263 3240 1640 3315 exclamant,
1691 3239 1966 3321 plorant,
2019 3248 2355 3321 vestesque

861 3338 1183 3415 scindunt,
1207 3346 1269 3401 et
1299 3338 1626 3420 pulverem
1656 3338 1851 3420 capiti
1881 3348 2345 3421 superponunt,

861 3438 1166 3518 quoniam
1194 3437 1362 3500 vires
1394 3437 1622 3499 animae
1651 3437 1744 3499 sic
1774 3455 1959 3517 agere
1992 3437 2238 3501 faciunt
2265 3438 2359 3519 ju-

861 3544 966 3598 xta
994 3556 1217 3599 sensus
1249 3544 1602 3617 praetactoS.
1636 3535 1980 3613 Postremo,
2017 3537 2123 3598 isti
2164 3536 2354 3599 amici

861 3634 1133 3715 intelligi
1171 3642 1416 3717 queunt
1456 3633 1839 3711 intellectuS,
1883 3633 2183 3711 affectuS,
2230 3652 2357 3696 me-

861 3732 1084 3796 moria.
1129 3732 1491 3796 Intellectus
1535 3732 1900 3795 consolatur
1943 3751 2057 3814 per
2105 3734 2356 3814 sapien-

2464 3143 2915 3225 praestolanteS,
2935 3162 3270 3225 quousque
3288 3136 3743 3207 ¹consolationis
3770 3160 3956 3205 mens

2465 3241 2583 3304 fiat
2611 3242 2927 3323 capacior.

2556 3340 2696 3403 Haec
2741 3341 2819 3402 de
2866 3340 3151 3421 mysticis
3197 3339 3627 3403 intellectibus
3672 3339 3957 3420 tetigisse

2465 3437 2677 3521 potius
2720 3457 2911 3519 quam
2956 3438 3413 3501 determinasse
3457 3435 3765 3499 sufficiat.
3812 3436 3959 3499 Gre-

2462 3538 2680 3617 gorius
2727 3545 2939 3599 autem
2983 3536 3285 3619 mysteria
3323 3535 3677 3618 spiritualis
3720 3535 3961 3598 intelli-

2465 3635 2693 3716 gentiae
2732 3634 3141 3716 prosequitur
3179 3634 3458 3716 copiose,
3502 3633 3661 3697 alios
3710 3652 3959 3716 ponens

2466 3752 2689 3795 sensus
2719 3752 2911 3814 quam
2945 3734 3099 3797 istos
3128 3752 3290 3816 quos
3322 3732 3522 3812 tetigi.

1987 4162 2637 4251 ARTICULUS
2714 4163 2841 4247 lx

946 4436 1260 4484 EXPOSITIO
1303 4436 1576 4482 camum
1619 4435 1818 4481 TEnTn
1863 4436 1877 4480 :
1922 4436 2072 4482 POST
2115 4436 2251 4482 ΗΕΒ
2292 4435 2554 4481 Amnum·
2593 4435 2698 4482 1013
2740 4435 2813 4481 OS
2854 4435 3035 4495 sumt,
3086 4436 3159 4480 ET
3200 4435 3529 4481 uAtmerr
3571 4436 3692 4482 mm
3732 4435 3869 4481 SUO.

1002 4694 1536 4781 LUCIDANDUM
1587 4717 1774 4779 modo
1817 4715 2193 4798 capitulum,
2237 4714 2362 4778 dif-
2389 4716 2437 4778 D
2471 4714 3013 4797 rius,qui1ibrum
3036 4715 3229 4777 istum
3250 4715 3472 4778 asserit
3498 4723 3731 4778 amose
3755 4714 3959 4778 indis-

1023 4816 1418 4880 ficultatibus
1470 4816 1730 4898 plenum
1779 4824 1897 4877 est.
1950 4814 2130 4877 Circa
2175 4814 2360 4895 cujus

871 4917 1333 5000 expositionem
1361 4916 1652 4978 doctores
1686 4913 1885 4975 sancti
1926 4921 1989 4973 et
2028 4912 2241 4992 magni
2275 4920 2361 4973 at-

870 5031 998 5094 que
1030 5013 1325 5076 catholici
1368 5012 1518 5075 satis
1559 5010 1986 5075 diversimode
2026 5010 2359 5091 scripsisse

869 5120 1062 5192 atque
1107 5111 1383 5174 sensisse
1432 5117 1866 5173 monstrantur
1909 5126 1922 5169 ε
1967 5127 2240 5188 quorum
2292 5108 2355 5169 in

873 5210 1098 5291 primis
1133 5209 1484 5291 positiones
1523 5203 2039 5289 compendiosius
2080 5225 2209 5287 quo
2250 5225 2360 5288 po-

871 5315 1027 5385 tero,
1077 5307 1315 5370 referre
1363 5306 1647 5368 intendo.
1684 5306 1907 5367 Beatus
1949 5322 2098 5384 ergo
2131 5304 2356 5384 Grego-

2470 4834 2723 4877 cussum
2768 4815 2986 4891 fuisse,
3028 4833 3304 4896 eumque
3347 4813 3649 4896 praeclare
3685 4815 3957 4895 exponit

2472 4913 2847 4990 litteraliter,
2872 4922 3183 4994 quantum
3216 4912 3362 4975 fieri
3394 4931 3581 4995 posse
3609 4911 3953 4988 existimat,

2469 5010 2806 5091 allegorice
2835 5029 3091 5093 quoque
3121 5020 3183 5073 et
3216 5010 3624 5094 tropologice,
3650 5018 3958 5092 protesta-

2471 5118 2571 5171 tur
2594 5110 2795 5171 multa
2826 5109 2891 5170 in
2924 5110 3089 5172 libro
3110 5110 3229 5172 hoc
3250 5108 3585 5186 contineri,
3603 5110 3957 5191 praesertim

2470 5208 2533 5269 in
2579 5208 2702 5270 isto
2744 5208 3044 5289 capitulo,
3092 5227 3235 5289 quae
3278 5208 3357 5273 ad
3402 5207 3675 5269 litteram
3717 5208 3957 5288 exponi

2466 5313 2805 5387 nequeunt.
2826 5306 3014 5369 Porro
3046 5306 3106 5368 S.
3129 5306 3399 5371 Thomas
3430 5315 3492 5368 et
3517 5306 3775 5388 quidam
3804 5324 3956 5369 eum
