4309 6259
590 2645 643 2690 lv
653 2649 747 2704 Req
754 2665 851 2702 mix,

589 2713 656 2754 35.

646 2855 681 2900 11
709 2857 821 2902 Par.

586 2931 728 2972 xxxin,
750 2924 814 2967 ¹¹.

628 3143 819 3189 Ibidem.

880 479 959 548 82

1408 502 1756 549 ENARRATIO
1800 503 1859 548 118
1902 501 2039 546 CAP-
2086 499 2218 546 xxu
2261 499 2419 546 unm
2459 499 2684 554 QUAR'rl
2725 502 2949 548 amun.
2991 522 3070 532 —
3113 503 3255 548 ΛΒΤ.
3300 501 3448 548 XXIV

884 691 1192 746 reversuS,
1224 693 1297 736 ac
1336 673 1534 736 multa
1578 673 1747 736 bona
1788 674 1867 735 de
1906 681 2117 735 cetero
2158 691 2373 754 opera·
2399 668 2452 730 A
2485 677 2942 745 Messalemeth,
2985 677 3135 752 filia
3177 678 3428 743 Harus,
3465 677 3544 733 de
3579 673 3816 733 Jeteba.
3859 673 3974 732 Fe-

882 779 1006 832 tuS.
1032 771 1121 832 lbi
1152 791 1410 853 quoque
1440 772 1641 834 oratio
1666 771 1804 852 ejus
1837 771 2123 853 exposita
2154 779 2271 833 est.
2297 772 2373 832 Et

884 869 949 930 in
982 869 1103 932 isto
1133 871 1413 933 Manasse
1435 872 1597 934 Deus
1628 871 1980 932 altissimus
2014 869 2373 932 misericor-

882 967 1051 1030 diam
1085 989 1263 1032 suam
1288 989 1435 1033 vere
1457 969 1833 1032 immensam
1862 969 2374 1032 inenarrabiliter

884 1066 1279 1131 mirificavit.
1311 1069 1488 1131 Unde
1519 1077 1581 1130 et
1607 1068 1918 1150 Josephus
1950 1065 2145 1130 refert
2172 1085 2185 1128 :
2219 1067 2374 1129 Prae-

884 1167 1157 1248 sumpsit
1212 1168 1544 1250 templum,
1610 1168 1830 1230 urbem
1888 1167 2259 1244 Jerusalem,
2309 1175 2374 1229 et

882 1282 1137 1327 omnem
1180 1265 1502 1346 regionem
1542 1267 1850 1349 polluere.
1884 1267 2037 1329 Nam
2070 1285 2374 1348 spernen-

883 1363 965 1425 do
997 1364 1193 1426 Deum
1224 1366 1302 1427 ad
1344 1366 1463 1428 hoc
1507 1385 1708 1447 usque
1736 1365 2013 1440 devenit,
2051 1373 2119 1426 ut
2148 1383 2370 1427 omnes

884 1461 1289 1526 Hebraeorum
1337 1465 1541 1544 justos
1590 1465 1927 1541 occideret,
1974 1483 2181 1544 neque
2230 1483 2372 1546 pro-

884 1564 1097 1645 phetis
1126 1572 1430 1644 parceret,
1467 1582 1736 1643 quorum
1771 1563 2057 1643 quotidie
2086 1562 2372 1643 singulos

886 1661 1261 1744 perimebat,
1286 1670 1347 1724 et
1378 1680 1595 1724 eorum
1628 1661 1936 1740 sanguine
1956 1661 2374 1743 ⁷ierosolymo-

886 1779 1026 1822 rum
1061 1761 1298 1842 plateas
1330 1760 1652 1840 irrigabat.
1685 1761 1917 1841 Captus
1948 1770 2158 1823 autem
2190 1769 2253 1822 et
2282 1760 2374 1822 in-

2479 776 2689 853 estque
2719 778 2966 834 malum
3008 777 3078 833 in
3117 783 3448 852 conspectu
3479 772 3766 840 Domini,
3797 771 3970 829 siml

2479 875 2718 949 fec-erat
2743 875 3070 933 Alanasses
3093 882 3282 950 pater
3309 873 3448 949 ejus
3463 895 3489 942 ,·
3515 881 3576 930 et
3605 870 3972 929 ambulavit

2480 974 2553 1032 in
2582 975 2762 1032 omni
2793 974 2925 1042 via,
2941 993 3062 1049 per
3079 993 3277 1052 quam
3309 972 3756 1031 ambulaverat
3779 977 3972 1044 pater

2479 1071 2639 1146 eju-5,
2673 1073 3064 1150 servivitque
3100 1069 3355 1133 diabolo
3393 1072 3466 1129 in
3498 1067 3970 1134 immunditiis,

2481 1168 2544 1230 id
2586 1178 2682 1231 est
2726 1169 3127 1246 idololatriis»,
3163 1171 3396 1249 quibus
3435 1169 3744 1226 serviebat
3773 1175 3968 1242 pater

2477 1268 2642 1344 ejus,
2671 1278 2731 1327 et
2761 1269 3063 1328 adoravit
3089 1287 3218 1338 eas,
3243 1265 3307 1327 id
3337 1272 3436 1328 est
3464 1261 3966 1326 idololatriarum

2480 1365 2750 1446 objecta,
2787 1366 3084 1429 videlicet
3125 1364 3318 1427 salsos
3360 1364 3546 1437 deos3
3589 1369 3652 1424 et
3691 1362 3856 1423 sicut
3897 1359 3962 1422 in

2478 1464 3003 1546 Paralipomenon
3042 1465 3316 1540 additur,
3351 1463 3484 1525 Non
3522 1468 3617 1524 est
3655 1459 3966 1522 reveritus
4045 1475 4082 1520 11
4107 1478 4204 1520 Ρη.

2483 1559 2710 1626 faciem
2755 1563 3027 1637 Domini,
3062 1563 3227 1626 sicut
3269 1567 3446 1644 pater
3490 1559 3649 1640 ejuS,
3686 1559 3806 1621 hoc
3843 1567 3961 1634 est,
3994 1551 4132 1584 '‘¹¹¹¹'‘
4155 1543 4207 1582 ²³·

2479 1661 2676 1724 Deum
2699 1680 2810 1743 per
2841 1660 3284 1744 poenitentiam
3318 1679 3444 1724 non
3473 1657 3830 1734 honoravit,
3850 1655 3968 1718 sic-

2481 1761 2912 1836 utManasseS,
2933 1761 3040 1824 sed
3073 1760 3275 1822 multo
3304 1759 3548 1839 majora
3577 1755 3870 1838 deliquit.
3891 1755 3966 1816 Et

885 1867 1241 1922 carceratus
1269 1879 1306 1921 a
1346 1877 1491 1939 rege
1528 1859 2039 1940 Babyloniorum,
2076 1867 2139 1922 et
2179 1859 2258 1920 ad
2299 1859 2372 1919 li·
2409 1859 2454 1920 B
2481 1859 2736 1935 mirum,
2769 1859 2941 1941 quod
2984 1859 3156 1921 infra
3194 1858 3546 1934 biennium,
3583 1875 3713 1938 quo
3743 1873 3968 1936 regna-

885 1957 1089 2019 bitum
1137 1957 1309 2019 illius
1352 1957 1660 2032 afflictuS,
1706 1956 2091 2039 supplicavit
2118 1959 2266 2034 Deo,
2301 1966 2371 2019 ut

884 2055 1129 2118 hostem
1178 2076 1363 2118 suum
1414 2053 1651 2119 faceret
1698 2056 1821 2118 sibi
1873 2057 2250 2119 clementem
2306 2066 2370 2120 et

883 2155 1357 2218 misericordem
1394 2173 1408 2216 :
1453 2155 1637 2236 cujus
1681 2155 2031 2219 orationem
2065 2156 2370 2218 Dominus

882 2253 1226 2330 exaudivit,
1258 2261 1389 2316 eta
1430 2271 1572 2334 rege
1603 2253 2091 2336 Babyloniorum
2138 2253 2218 2316 ad
2259 2274 2372 2317 sua

882 2352 1185 2414 remissus
1216 2361 1333 2416 est.
1370 2353 1495 2415 Hoc
1526 2370 1781 2432 quoque
1811 2353 2368 2433 notandum,qu0d

883 2447 951 2510 in
996 2450 1260 2512 veritate
1308 2469 1415 2512 rex
1462 2449 1571 2510 ille
1620 2448 1743 2510 suit
1792 2469 1899 2511 rex
1936 2449 2362 2531 Assyriorum,

880 2547 996 2628 qui
1026 2566 1286 2610 exosum
1318 2546 1543 2609 habuit
1572 2547 1919 2624 Manassen,
1940 2567 2014 2610 eo
2044 2550 2219 2629 quod
2251 2550 2370 2611 sub

880 2645 1149 2708 Ezechia
1179 2645 1437 2707 suerunt
1465 2645 1704 2726 Assyrii
1736 2645 1802 2706 in
1837 2654 2002 2708 terra
2028 2646 2188 2708 Juda
2217 2647 2372 2710 divi-

882 2744 1055 2807 nitus
1086 2744 1429 2808 interfecti.
1453 2745 1630 2807 Unde
1658 2746 1936 2807 secundo
1956 2746 2371 2827 Paralipome-

880 2861 1007 2905 non
1054 2842 1283 2922 legitur
1325 2860 1339 2904 :
1391 2843 1848 2924 Superinduxit
1894 2844 1987 2906 cis
2040 2844 2366 2926 principes

879 2942 1191 3004 exercitus
1233 2941 1658 3024 Assyriorum.
1693 2942 1816 3004 Cur
1860 2951 2071 3006 autem
2114 2943 2365 3006 dicatur

2480 1958 2592 2033 vit,
2629 1959 2830 2021 multo
2873 1960 3094 2040 pejora
3140 1956 3311 2035 fecit,
3354 1975 3544 2037 quam
3587 1964 3764 2037 pater
3809 1973 3964 2015 suus

2482 2057 2547 2118 in
2588 2057 2880 2139 pluribus
2920 2057 3128 2119 annis,
3163 2057 3613 2119 Verumtamen
3649 2053 3964 2116 Climacus

2479 2155 2566 2217 ait
2601 2173 2616 2216 :
2649 2155 2904 2218 Nullum
2936 2155 3217 2232 invenio,
3255 2155 3345 2217 ita
3373 2173 3484 2216 seu
3517 2163 3641 2215 tam
3683 2150 3966 2232 graviter

2481 2272 2796 2334 peccasse,
2844 2254 3009 2317 sicut
3055 2254 3402 2316 Manassen.
3450 2253 3627 2314 Unde
3675 2258 3960 2334 apparet,

2478 2353 2647 2432 quod
2677 2351 2966 2415 absolute
2987 2352 3320 2432 loquend0,
3336 2351 3537 2413 Amon
3561 2368 3688 2412 non
3708 2348 3968 2412 commi-

2479 2450 2562 2511 sit
2603 2450 2916 2530 graviora,
2950 2470 3142 2532 quam
3187 2458 3366 2532 pater
3408 2468 3582 2510 suuS.
3625 2449 3746 2510 Nec
3789 2448 3961 2510 enim

2479 2548 2708 2628 legitur
2737 2550 3046 2613 occidisse
3075 2549 3415 2631 prophetas
3452 2555 3560 2611 aut
3596 2546 3823 2627 justos.
3857 2545 3960 2607 Di-

2478 2647 2642 2710 citur
2673 2657 2884 2710 tamen
2909 2649 3167 2729 gravius
3197 2647 3566 2729 deliquisse,
3604 2665 3732 2709 non
3765 2644 3964 2726 poeni·

2481 2747 2692 2824 tendo,
2724 2754 2788 2809 et
2829 2747 3293 2829 perseverando
3336 2745 3400 2809 in
3441 2745 3615 2810 vitiis
3661 2743 3962 2826 usquein

2479 2843 2700 2907 finem.
2748 2845 3127 2926 Delinquere
3169 2845 3363 2922 enim,
3415 2844 3670 2926 proprie
3719 2850 3962 2925 spectat

2475 2943 2551 3005 ad
2597 2953 2855 3025 peccata
2893 2943 3281 3007 omissionis,
3322 2947 3409 3005 Et
3454 2945 3802 3023 dereliquit
3839 2945 3960 3004 Do-
4285 2947 4287 3010 Ῑ

881 3038 1080 3102 fuisse
1108 3059 1217 3103 rex
1244 3039 1735 3122 Babyloniorum
1769 3059 1878 3102 seu
1900 3039 2362 3120 Chaldaeorum,
2400 3041 2444 3103 C
2477 3043 2730 3103 minum
2750 3047 2956 3104 Deum
2979 3053 3251 3120 patrum
3278 3063 3565 3114 suorum,
3584 3052 3644 3103 et
3673 3063 3800 3102 non
3827 3061 3962 3102 am-

876 3156 1067 3219 super
1107 3137 1629 3221 Paralipomenon
1676 3138 1917 3200 dictum
1960 3148 2078 3201 est.
2127 3140 2360 3203 Dicunt

874 3244 1085 3298 autem
1110 3237 1401 3300 doctores
1431 3237 1876 3315 communiter,
1894 3239 2066 3318 quod
2100 3239 2362 3301 sanctis-

874 3334 1107 3396 simum
1140 3335 1361 3398 isaiam
1384 3336 1757 3417 prophetam
1782 3335 1934 3399 fecit
1954 3336 2168 3417 lignea
2187 3358 2361 3401 serra

874 3432 1075 3496 secari
1102 3451 1117 3496 ε
1150 3434 1263 3515 qui
1295 3442 1506 3496 tamen
1540 3433 1741 3496 fertur
1775 3433 1973 3498 fuisse
2002 3436 2361 3499 avunculus

872 3530 1169 3611 Manassae
1199 3550 1275 3593 ex
1306 3541 1483 3613 parte
1514 3531 1757 3593 matris.

953 3628 1251 3710 Sequitur
1278 3629 1358 3692 de
1391 3628 1529 3692 filio
1569 3630 1761 3710 hujus
1790 3631 2109 3694 Manassae.
2150 3636 2232 3694 Et
2261 3654 2356 3692 re-

864 3729 1099 3803 ynavit
1140 3729 1354 3788 Amon
1396 3730 1578 3805 filius
1618 3729 1757 3805 ejus
1796 3748 1912 3806 pro
1954 3749 2044 3789 eo,
2111 3731 2354 3806 'Viyinti

868 3827 1149 3887 duorum
1192 3846 1521 3886 annorum
1566 3836 1706 3887 erat
1748 3829 1961 3888 Amon
2014 3849 2216 3907 quum
2265 3849 2360 3888 re-

862 3944 1071 4001 ynare
1106 3927 1403 4002 coepisset.
1440 3929 1701 3986 Duobus
1744 3947 1991 4006 quoque
2030 3929 2226 3988 annis
2263 3947 2359 3986 re-

860 4023 1093 4097 ynavit
1132 4024 1205 4082 in
1248 4025 1627 4084 Jerusalem.
1666 4026 1917 4086 Nomen
1958 4027 2189 4085 matris
2218 4026 2358 4101 ejus

2475 3143 2725 3201 bulavit
2757 3144 2830 3201 in
2863 3144 2971 3202 via
3001 3143 3288 3203 Domini.
3325 3144 3871 3220 Tetenderuntque
3897 3142 3961 3198 ei

2473 3241 2750 3300 insidias
2785 3242 2956 3299 servi
2992 3243 3120 3310 sui,
3153 3249 3212 3300 et
3247 3241 3710 3316 interfecerunt
3743 3257 3954 3314 reyem

2471 3338 2540 3396 in
2572 3339 2757 3396 domo
2787 3357 2929 3397 sua.
2955 3339 3278 3400 Percussit
3295 3347 3511 3396 autem
3537 3339 3819 3414 populus
3841 3345 3962 3395 ter·

2472 3455 2561 3495 rat
2588 3455 2802 3495 omnes
2830 3437 2948 3515 qui
2975 3436 3478 3511 conjuraverant
3506 3454 3618 3494 con
3629 3444 3730 3494 tra
3749 3453 3958 3510 reyem

2469 3535 2698 3602 Arnon,
2711 3543 2770 3592 et
2788 3535 3258 3593 constituerunt
3275 3533 3400 3591 sibi
3419 3551 3628 3607 reyem
3638 3533 3882 3591 Josiam
3893 3535 3962 3608 fi·

2469 3632 2631 3692 lium
2653 3633 2793 3708 ejus
2810 3652 2928 3709 pro
2947 3651 3029 3690 eo,
3049 3632 3328 3710 Reliqua
3349 3639 3564 3690 aute-m
3585 3649 3956 3690 sermonum

2467 3733 2674 3790 Amon
2717 3751 2860 3809 quoe
2889 3731 3076 3810 fecit,
3101 3749 3312 3789 nonne
3349 3731 3482 3789 Izoec
3517 3729 3762 3806 scripta
3797 3736 3952 3788 sunt

2469 3829 2540 3886 in
2574 3829 2736 3887 libro
2775 3831 3166 3890 Sermonum
3193 3829 3452 3887 dierum
3482 3845 3704 3902 reyum
3731 3827 3954 3886 Juda?

2467 3929 2652 4002 Sepel
2659 3929 2995 4006 teruntque
3013 3947 3160 3986 eum
3183 3927 3252 3985 in
3273 3929 3561 4004 sepulcro
3580 3945 3716 3992 suo,
3729 3926 3802 3984 in
3819 3926 3960 3984 hor-

2471 4033 2530 4084 to
2553 4026 2717 4096 Oza,·
2735 4035 2794 4084 et
2815 4027 3114 4101 reynavit
3133 4025 3338 4084 Josias
3359 4024 3544 4100 filius
3566 4024 3706 4098 ejus
3722 4042 3841 4101 pro
3859 4042 3954 4082 eo.

1904 4401 2554 4486 Alimentus
2630 4403 2907 4516 xxlv

1278 4644 1589 4690 unosrrlo
1632 4645 1906 4690 cAmwu
1950 4647 2210 4692 vlcsssuss
2253 4647 2506 4692 SECUNDI
2551 4647 2564 4690 :

2611 4647 2759 4692 OCTO
2803 4647 3094 4694 ANNonuu
3139 4647 3297 4693 ERAT
3336 4649 3540 4695 sosias

1971 4746 2133 4798 Quum
2177 4745 2463 4789 REGNARE
2504 4743 2838 4792 cOEmsSET.

989 4991 1417 5055 RACTATUR
1459 4992 1526 5055 in
1571 4993 1693 5056 isto
1737 5013 1810 5056 ac
1849 4995 2139 5076 sequenti
2184 4997 2349 5078 capi·
2376 4997 2424 5057 D
2450 5000 2831 5058 Jerusalem.
2864 4997 2988 5060 Nec
3019 5006 3229 5062 tamen
3261 5000 3343 5061 ob
3379 4998 3441 5061 id
3475 4998 3776 5062 miserum
3821 4998 3940 5060 ruit

882 5149 890 5154 .
1007 5089 1160 5152 tulis
1190 5089 1268 5152 de
1300 5100 1516 5154 sancto
1547 5111 1619 5154 ac
1654 5091 1944 5172 piissimo
1977 5112 2121 5173 rege
2150 5094 2342 5156 Josia.

2457 5113 2720 5174 regnum
2773 5095 3017 5176 ipsius;
3073 5115 3189 5159 nec
3248 5097 3338 5160 ibi
3399 5096 3519 5159 fuit
3577 5097 3936 5179 impletum,

864 5193 1009 5250 Octo
1052 5208 1376 5250 annorum
1412 5199 1549 5250 erat
1586 5191 1793 5250 Josias
1836 5211 2038 5270 quum
2076 5211 2350 5268 reynare
2451 5195 2622 5274 quod
2669 5194 2757 5256 ait
2801 5194 3172 5276 Scriptura:
3208 5196 3313 5260 Vae
3363 5196 3500 5274 tibi,
3539 5204 3725 5273 terra,
3753 5185 3937 5276 cujus
3969 5210 4242 5260 Eccle.x,1‹;.

859 5290 1161 5366 coepisset,
1193 5297 1253 5348 et
1285 5288 1555 5364 triyitzta
1589 5309 1715 5348 uno
1745 5309 1918 5348 anno
1951 5291 2244 5366 reynavit
2277 5293 2346 5350 in

2454 5310 2562 5353 rex
2593 5311 2750 5374 puer
2779 5301 2897 5354 est.
2921 5292 3122 5356 Josias
3154 5294 3392 5358 etenim
3423 5294 3706 5357 moribus
3736 5312 3940 5356 annos
