4309 6259
127 4848 136 4888 1
149 4850 226 4905 neq.

238 3082 295 3110 ΧΠ

241 4868 306 4905 m.
335 4840 562 4921 Regum
594 4840 901 4904 Ionathas
931 4840 1021 4902 ait
1054 4857 1068 4902 :
1105 4838 1239 4901 Non
1278 4846 1375 4901 est
1406 4835 1672 4899 Domino
1703 4832 1825 4895 dis-

723 519 1077 567 mammo
1119 521 1182 567 m
1223 522 1360 568 cu.
1406 522 1511 568 xiv
1554 522 1712 568 unm
1755 522 2008 569 suenum
2046 521 2576 569 ΡΑιιΑιιΡοιεΝοΝ.
2622 542 2703 551 -
2742 522 2885 568 Ama
2933 522 3038 568 xiv
3304 502 3425 565 219

346 699 474 753 erat
501 710 660 758 cum,
681 691 950 754 Domino
980 692 1108 755 Deo
1157 709 1273 753 suo
1313 692 1560 754 cunctis
1604 691 1828 754 diebus
1859 690 1904 753 Α
1939 710 2271 773 nem,quae
2301 691 2503 754 multo
2532 693 2736 773 maj0r
2757 700 2853 755 est
2881 690 3067 755 nobis
3090 689 3427 772 :quoniam

345 788 494 851 suis.
547 792 736 851 Dixit
777 801 997 853 autem
1037 793 1250 859 Judoe,
1293 790 1414 853 hoc
1458 798 1553 853 est
1591 790 1829 873 populo
1937 792 2148 854 decies
2180 799 2449 853 centena
2478 790 2683 853 millia
2722 798 2902 853 erant
2932 790 2995 852 in
3038 788 3430 854 adversario-

344 886 516 966 regni
548 888 670 963 sui,
707 896 836 950 tam
863 888 1038 951 Judae
1078 907 1272 969 quam
1303 888 1634 969 Benjamin
1667 887 1825 949 filiis

341 994 398 1046 et
441 986 675 1049 Levitis
721 1004 737 1048 ε
770 990 1200 1065 AEdificemus
1243 988 1536 1047 civitates
1575 990 1732 1047 istas
1767 996 1828 1047 et

339 1088 650 1145 vallemus
683 1088 914 1157 muris,
945 1096 1004 1145 et
1043 1088 1409 1145 roboremus
1453 1087 1739 1146 turribus
1767 1096 1826 1145 et

331 1185 532 1259 portis
560 1194 620 1244 et
663 1187 850 1255 seris,
881 1188 1079 1245 donee
1120 1206 1162 1245 a
1193 1187 1373 1243 bellis
1417 1186 1637 1263 quieta
1673 1194 1826 1245 sunt

337 1284 554 1343 omnia
584 1282 708 1344 ista
736 1290 800 1345 ct
830 1300 1024 1364 opera
1054 1291 1293 1359 nostra,
1324 1304 1392 1343 eo
1437 1286 1608 1361 quod
1656 1304 1825 1363 quse-

335 1382 633 1441 sierimus
659 1383 1018 1442 Dominum
1048 1384 1258 1442 Deum
1279 1391 1550 1458 patrum
1585 1392 1825 1441 nostro-

335 1500 506 1548 rum,
535 1490 598 1541 et
639 1483 892 1541 dederit
926 1482 1106 1541 nobis
1143 1500 1372 1558 pacem
1410 1500 1530 1559 per
1552 1500 1820 1558 qyrum.

337 1577 398 1639 ln
441 1578 562 1641 isto
607 1586 831 1661 patent
869 1578 1204 1660 sapientia,
1238 1578 1600 1661 prudentia,
1634 1587 1825 1660 atque

333 1675 574 1755 justitia
617 1677 785 1757 regis
833 1679 973 1753 Asa,
1009 1678 1312 1759 quoniam
1353 1685 1640 1759 tempore
1682 1696 1826 1759 pro-

335 1775 656 1855 speritatis
684 1775 886 1839 coluit
918 1776 1111 1839 Deum
1147 1774 1446 1852 fideliter,
1481 1784 1544 1838 et
1581 1793 1825 1838 memor

1939 910 2076 951 rum
2128 889 2433 952 exercitu.
2468 890 2593 953 Nec
2642 890 2817 953 dedit
2857 890 2949 952 eis
2979 889 3101 951 Asa
3150 887 3425 970 spatium

1939 988 2218 1051 intrandi
2254 997 2481 1051 terram
2517 988 2769 1070 imperii
2801 988 2921 1065 sui,
2958 1006 3039 1050 ne
3067 1006 3206 1049 eam
3228 995 3429 1051 vasta-

1935 1096 2098 1164 rent,
2153 1089 2265 1150 sed
2315 1087 2433 1150 ivit
2478 1087 2749 1152 viriliter
2796 1087 3071 1151 obviam.
3126 1089 3423 1157 Domine,

1937 1191 2106 1249 Deus
2137 1197 2349 1247 noster
2381 1197 2451 1247 tu
2478 1208 2565 1257 es,
2587 1187 2706 1249 hoc
2737 1195 2853 1261 est,
2889 1204 2928 1249 o
2958 1184 3240 1261 Domine,
3268 1193 3333 1247 tu
3357 1204 3425 1248 es

1938 1285 2100 1347 Deus
2141 1293 2376 1347 noster.
2420 1284 2556 1360 Vel,
2593 1302 2630 1346 0
2672 1283 2933 1347 Domine
2973 1283 3137 1345 Deus
3185 1291 3421 1355 noster,

1937 1391 1998 1445 tu
2035 1402 2124 1460 eS,
2163 1384 2226 1445 id
2259 1391 2375 1459 est,
2402 1383 2518 1446 tibi
2553 1382 2672 1445 soli
2703 1382 3009 1463 competit
3030 1380 3426 1463 verum‚ple-

1937 1502 2114 1559 num,
2165 1481 2628 1564 infinitumque
2666 1500 2826 1557 csse,
2868 1482 3054 1561 cujus
3100 1498 3427 1561 compara-

1935 1579 2131 1657 tione,
2154 1599 2293 1643 esse
2322 1589 2752 1643 creaturarum
2783 1587 2879 1642 est
2898 1578 3081 1661 quasi
3103 1596 3232 1640 non
3261 1596 3420 1639 esse.

1933 1679 2194 1760 Propter
2236 1679 2406 1761 quod
2449 1678 2695 1740 locutus
2738 1696 2804 1739 es
2836 1677 3026 1759 Moysi
3061 1694 3074 1739 :
3110 1676 3239 1757 Ego
3282 1695 3422 1738 sum
3495 1696 3714 1747 amam.

1934 1777 2046 1858 qui
2077 1798 2241 1839 sum.
2276 1777 2419 1839 Haec
2461 1776 2634 1839 dices
2675 1775 2832 1838 filiis
2871 1775 3057 1838 Israel
3096 1792 3109 1835 ε
3142 1773 3259 1848 Qui
3302 1782 3419 1849 est,
3456 1763 3520 1805 ¹⁴·

337 1872 454 1935 fuit
497 1876 840 1951 malorum,
885 1893 1029 1956 quae
1073 1874 1360 1937 accidere
1406 1883 1718 1957 poterant,
1763 1882 1826 1937 et
1863 1876 1908 1939 B
1937 1875 2111 1937 misit
2151 1894 2255 1937 me
2300 1876 2375 1937 ad
2419 1894 2554 1938 vos‚
2592 1878 2735 1936 Non
2774 1877 3167 1952 praevaleat*
3197 1884 3423 1933 contra
3476 1895 3719 1950 anaspu-

336 1980 549 2035 contra
579 1972 695 2035 illa
723 1973 1004 2035 munivit
1025 1992 1092 2035 se
1129 1990 1142 2033 ε
1177 1991 1306 2054 quo
1327 1972 1616 2055 exemplo
1646 1990 1824 2053 reges

337 2091 403 2134 ae
445 2072 776 2155 principes
818 2072 1246 2148 instruuntur,
1283 2080 1353 2133 ut
1393 2072 1687 2133 similiter
1733 2070 1827 2133 fa-

335 2169 520 2233 ciant.
554 2173 1089 2249 ‘Edisti-averunt
1117 2172 1350 2247 iyitur,
1369 2180 1430 2231 et
1459 2175 1716 2231 nullum
1755 2172 1824 2228 in

333 2273 716 2331 exstruendo
739 2271 1277 2349 impedimentum
1288 2271 1438 2347 fuit.
1453 2270 1698 2331 Habuit
1718 2290 1828 2330 au-

337 2379 452 2428 tem
483 2371 618 2430 Asa
656 2371 726 2429 in
753 2370 1042 2429 eoeercitu
1071 2389 1186 2429 suo
1209 2370 1617 2445 portantium
1646 2378 1824 2429 scuta

335 2476 390 2527 et
418 2470 660 2539 hastas,
697 2467 819 2530 hoc
848 2474 944 2529 est
975 2466 1378 2543 bellatorum,
1411 2470 1491 2527 de
1524 2466 1693 2528 tribu
1720 2470 1828 2529 Ju-

335 2569 418 2626 da
445 2587 468 2625 .·
499 2565 608 2629 hic
641 2565 894 2648 capitur
920 2564 1080 2627 Juda
1109 2583 1226 2647 pro
1265 2564 1437 2627 tribu
1463 2565 1620 2627 Juda
1651 2565 1827 2627 dum-

337 2672 537 2740 taxat3
573 2674 858 2725 trecenta
901 2665 1117 2725 millia
1133 2689 1162 2735 ,·
1185 2667 1266 2724 de
1297 2666 1648 2743 Benjamin
1682 2685 1827 2724 vero

334 2766 770 2825 scutariorum
797 2773 858 2823 et
885 2765 1380 2840 sayittariorum
1412 2766 1689 2823 ducenta
1732 2783 1828 2823 oc-

339 2864 580 2938 toyinta
619 2863 865 2923 millia.
911 2866 1264 2939 Omnesque
1311 2862 1424 2921 isti
1451 2862 1585 2921 viri
1612 2863 1828 2939 fortis·

335 2962 504 3022 simi.
551 2960 692 3035 Quo
725 2968 996 3037 constat,
1031 2979 1220 3042 quam
1275 2967 1634 3041 praepotens
1678 2958 1823 3021 fuit.

1939 1986 1995 2037 te
2024 1978 2235 2043 homo,
2267 1974 2384 2036 hoc
2414 1980 2530 2049 est,
2567 1972 2747 2035 nulla
2775 1972 3107 2034 hominum
3144 1971 3427 2034 multitu·
3453 1959 3573 2003 ‘'⁰¹“

1936 2074 2017 2136 do
2049 2073 2387 2155 praevaleat
2418 2071 2603 2135 nobis
2632 2071 2986 2134 cultoribus
3021 2070 3166 2148 tuiS,
3192 2069 3427 2151 quibus

1939 2171 2340 2253 praevalendo
2376 2177 2744 2253 reputarent
2771 2189 2839 2232 sc
2870 2171 2995 2233 Deo
3028 2177 3242 2232 nostro
3270 2186 3429 2249 quo-

1935 2270 2273 2332 dammodo
2333 2268 2761 2351 praevaluisse,
2823 2268 3006 2349 quasi
3068 2265 3430 2349 nequiverit

1936 2388 2053 2432 nos
2085 2369 2357 2432 liberare
2378 2367 2458 2430 ab
2490 2367 2669 2450 ipsis,

2015 2470 2360 2529 Eoeterruit
2394 2470 2609 2547 itaque
2638 2468 2959 2529 Dominus
2978 2466 3312 2542 ‘Etlziopes
3340 2483 3431 2523 co·

1934 2589 2081 2629 ram
2111 2570 2247 2629 Asa
2275 2577 2333 2628 et
2360 2570 2535 2628 Iuda
2565 2587 2587 2626 :
2616 2564 2795 2646 juxta
2823 2564 3083 2628 modum
3106 2563 3171 2624 in
3206 2581 3429 2645 praece-
3469 2577 3505 2621 11
3518 2578 3717 2629 Pan-am,

1935 2666 2110 2729 denti
2133 2664 2402 2728 articulo
2422 2672 2671 2727 tactum.
2687 2663 2840 2725 Nam
2854 2662 3018 2725 Deus
3032 2661 3425 2743 omnipotens
3460 2644 3473 2684 ¹
3483 2642 3523 2683 ⁵·

1937 2764 2303 2827 immediate
2336 2764 2467 2844 agit
2497 2763 2562 2824 in
2591 2762 2925 2826 hominum
2947 2761 3328 2837 voluntates,
3364 2769 3428 2823 et

1937 2883 2042 2927 eas
2071 2864 2149 2926 ad
2182 2862 2437 2925 libitum
2468 2882 2653 2923 suum
2676 2868 3077 2935 transmutat,
3110 2859 3421 2937 debilitat,

1939 2972 2000 3027 et
2057 2962 2395 3025 confortat.
2444 2966 2905 3038 Fuyeruntque
2948 2961 3306 3037 AE'thiopes‚
3366 2967 3426 3019 et

299 3099 312 3118 .
337 3058 670 3123 Multitudo
728 3068 940 3122 autem
991 3058 1432 3123 ministrorum
1483 3077 1556 3120 ac
1613 3058 1829 3120 subdi·
1861 3056 1908 3122 C
1931 3072 2301 3140 persecutus
2330 3071 2419 3121 est
2445 3080 2544 3121 eos
2565 3062 2724 3129 Asa,
2743 3070 2802 3119 et
2820 3062 3102 3136 populus
3130 3058 3250 3136 qui
3276 3077 3425 3117 cum

338 3166 539 3221 torum
593 3160 676 3221 ad
725 3158 1102 3237 dignitatem
1142 3165 1206 3220 et
1242 3156 1510 3237 gloriam
1553 3156 1830 3239 pertinet
1937 3182 2004 3221 eo
2033 3169 2197 3230 erat,
2230 3180 2427 3239 usque
2461 3162 2727 3219 Gerara.
2762 3160 2842 3219 E't
2870 3166 3147 3216 ruerunt
3176 3157 3426 3217 AE'tlu‘o-

333 3258 672 3341 principiS,
709 3265 780 3319 ut
811 3256 1106 3320 Salomon
1141 3264 1546 3339 protestatur.

405 3356 890 3439 consequenter
931 3356 1252 3431 recitatur,
1299 3354 1575 3437 qualiter
1615 3372 1826 3435 regem

333 3456 700 3538 ,Ethiopum
733 3456 911 3532 vicit,
937 3463 1002 3518 et
1021 3455 1214 3517 Deum
1251 3453 1316 3515 in
1345 3453 1700 3534 adjutorem
1733 3453 1828 3515 in-

331 3557 616 3621 vocando
669 3556 918 3618 locutus
967 3562 1085 3618 est.
1123 3558 1429 3631 Eyressus
1475 3563 1564 3613 est
1611 3563 1827 3613 autem

331 3666 548 3717 contra
577 3676 684 3715 eos
705 3658 880 3716 Zara
892 3655 1195 3731 AEtkiops
1214 3673 1360 3713 cum
1380 3654 1668 3713 exercitu
1686 3672 1826 3721 suo,

331 3758 526 3815 decies
540 3764 814 3815 centena
835 3756 930 3815 mi
935 3754 1078 3823 clia,
1095 3762 1152 3812 et
1181 3754 1484 3813 curribus
1508 3753 1826 3820 trecentis,

329 3863 386 3913 et
415 3855 592 3915 venit
617 3872 822 3931 usque
843 3856 1122 3914 Maresa.
1147 3854 1352 3912 Porro
1374 3853 1506 3911 Asa
1531 3852 1826 3928 perrexit

331 3954 576 4014 obviam
606 3954 699 4021 ei,
719 3962 778 4013 et
809 3951 1128 4011 instruxit
1147 3951 1350 4009 aciem
1378 3952 1465 4008 ad
1495 3951 1731 4007 bellum
1753 3949 1826 4007 in

332 4056 492 4112 valle
533 4054 855 4128 Sephata,
891 4070 1034 4128 quoe
1071 4058 1159 4107 est
1179 4050 1386 4126 juncta
1423 4050 1699 4108 Maresa.
1741 4047 1826 4106 Et

331 4152 660 4211 invocavit
681 4150 1036 4210 Dominum
1059 4150 1292 4215 Deum,
1306 4156 1364 4206 et
1379 4148 1475 4206 ait
1491 4166 1512 4204 .·
1527 4147 1826 4215 Domine,

1929 3278 2043 3335 pes
2071 3276 2271 3335 usque
2300 3258 2387 3317 ad
2416 3256 2939 3323 internecionem,
2960 3255 3119 3333 quia
3152 3254 3424 3313 Domino

1935 3359 2212 3417 coedente
2256 3355 2521 3414 contriti
2565 3364 2744 3422 sunt,
2793 3362 2853 3413 et
2904 3354 3191 3423 eoeercuu
3240 3352 3427 3411 illius

1929 3457 2299 3532 pradiante.
2342 3457 2397 3514 T
2392 3456 2653 3513 ulerunt
2680 3471 2825 3527 erqo
2854 3453 3061 3528 spotia
3092 3454 3323 3511 multa.
3344 3450 3425 3511 Et

1931 3561 2407 3631 percusserunt,
2432 3549 2554 3611 Asa
2584 3568 2657 3612 ac
2680 3549 2821 3630 ejus
2850 3548 3187 3624 exercituS‚
3210 3568 3425 3609 omnes

1935 3653 2228 3711 civitates
2277 3670 2399 3727 per
2444 3650 2793 3709 circuitum
2844 3650 3121 3709 Geraroe.
3169 3646 3418 3721 Geram,

1937 3750 2287 3811 secundum
2311 3747 2731 3828 Augustinum
2765 3745 3189 3809 sextodecimo
3220 3744 3298 3806 de
3328 3744 3426 3806 Ci-
3472 3770 3717 3815 „eobanci

1935 3847 2131 3911 vitate
2172 3847 2303 3923 Dei,
2354 3845 2478 3907 suit
2527 3845 2675 3907 urbs
2720 3844 2786 3906 in
2831 3843 3184 3917 Palaestina,
3238 3842 3422 3921 cujus
3452 3832 3715 3883 ¹⁵¹³·'510-30·

1937 3965 2045 4008 rex
2083 3944 2207 4007 fuit
2244 3944 2634 4019 Abimelech,
2680 3943 2859 4024 juxta
2908 3941 3066 4003 illud
3108 3939 3367 4003 Genesis
3402 3956 3417 4001 z

1935 4044 2100 4106 Misit
2126 4042 2494 4106 Abimelech
2540 4060 2646 4105 rex
2676 4040 3167 4104 Gerarae.·Terra
3198 4046 3420 4107 ‚autem
3466 4056 3711 4106 omne.

1933 4142 2273 4205 Philistiim
2304 4160 2415 4204 seu
2442 4139 2807 4215 Palaestinae,
2844 4139 3143 4221 deputata
3186 4145 3248 4199 et
3278 4122 3439 4199 data'

333 4270 450 4310 non
480 4261 572 4310 est
621 4250 806 4325 apud
849 4257 906 4307 te
943 4250 1086 4307 ulla
1112 4247 1458 4313 distantia,
1490 4254 1711 4304 utrum
1753 4246 1824 4303 in
1857 4246 1905 4306 D
1939 4240 2061 4302 suit
2091 4261 2128 4302 a
2155 4241 2281 4303 Deo
2322 4238 2479 4301 filiis
2512 4238 2721 4313 lsrael,
2757 4238 2921 4301 sicut
2959 4237 3024 4298 in
3054 4237 3241 4302 Josue
3269 4234 3422 4313 legi·
3448 4254 3712 4303 amena-4.

324 4350 548 4422 paucis
579 4348 966 4413 auoeilieris,
990 4366 1079 4405 an
1111 4346 1184 4404 in
1206 4341 1688 4421 pluribus.·hoc
1709 4350 1818 4417 est,

1936 4348 2037 4402 tur
2071 4357 2086 4402 ε
2118 4339 2339 4421 sicque
2364 4338 2553 4401 urbes
2586 4337 2711 4400 illae
2741 4336 3041 4399 videntur
3078 4334 3421 4417 pertinuis-

329 4464 520 4525 quum
573 4445 670 4507 sis
721 4442 1002 4505 infinitae
1051 4441 1371 4524 potentia»,
1407 4459 1586 4521 aeque
1637 4438 1826 4503 facile
1933 4457 2003 4500 se
2029 4439 2107 4501 ad
2138 4438 2261 4501 Asa
2292 4447 2353 4501 et
2385 4436 2691 4520 populum
2740 4436 2881 4518 ejus
2923 4436 3002 4497 de
3048 4434 3211 4516 jure.
3244 4434 3423 4497 Unde

331 4543 440 4605 tibi
472 4554 572 4608 est
599 4560 1080 4627 quamcumque
1121 4539 1628 4603 adversariorum
1665 4538 1827 4600 mul-
1936 4555 2063 4599 non
2096 4536 2405 4620 peccavit,
2439 4545 2508 4598 ut
2548 4542 2835 4617 apparet,
2869 4552 2973 4596 eas
3002 4533 3309 4595 vastando
3350 4552 3423 4595 ac

331 4643 672 4708 titudinem
717 4640 998 4723 dejicere
1035 4659 1151 4723 per
1183 4656 1418 4721 paucos
1459 4637 1820 4713 bellatoreS‚
1936 4636 2269 4719 spoliando
2307 4649 2322 4697 τ
2356 4643 2419 4697 et
2459 4633 2624 4697 forte
2670 4640 3095 4716 peccaverunt
3138 4632 3203 4692 in
3250 4650 3417 4706 eum,

332 4760 398 4805 ac
429 4762 544 4825 per
591 4742 856 4805 multos.
893 4742 1020 4804 Hoc
1065 4748 1160 4802 est
1200 4740 1370 4823 quod
1412 4737 1618 4820 primo
1660 4735 1824 4798 libro
1935 4734 2339 4817 AEthiopibus
2375 4732 2715 4815 praebendo
2746 4730 3053 4812 obsequia
3094 4730 3229 4791 sive
3258 4730 3425 4791 auxi-

1935 4835 2042 4897 lia.
2090 4836 2375 4895 Grandis
2413 4834 2651 4912 quippe
2691 4840 2945 4891 cunctos
2996 4840 3198 4889 terror
3240 4830 3425 4888 inva-

335 4936 500 5003 l'icile
532 4940 785 5003 salvare
811 4937 910 5002 vel
949 4937 1015 5000 in
1056 4936 1297 5013 multiS,
1335 4935 1434 4999 vel
1472 4934 1536 4996 in
1578 4932 1820 5015 paucis.
1932 4943 2123 4994 serat.
2180 4935 2263 4994 E't
2310 4934 2735 5009 diripuerunt
2783 4930 2987 4998 urbes,
3030 4936 3090 4986 et
3147 4930 3421 4987 multam

331 5040 594 5115 Adjuva
645 5058 786 5107 nos,
832 5038 1106 5098 Domine
1142 5039 1314 5098 Deus
1360 5044 1591 5095 noster.
1639 5035 1720 5094 In
1769 5041 1826 5092 te
1925 5034 2221 5110 proedam
2270 5037 2782 5105 asportaverunt.
2818 5028 2949 5087 Sed
2988 5034 3048 5084 et
3078 5026 3325 5092 caulaS,
3358 5022 3422 5084 id

331 5140 498 5199 enim
528 5148 590 5199 et
621 5140 694 5198 in
729 5138 991 5196 nomine
1021 5146 1143 5204 tuo,
1171 5133 1234 5195 id
1268 5141 1362 5197 cst
1396 5132 1460 5195 in
1495 5141 1617 5195 tuae
1647 5138 1824 5212 pote·
1932 5137 2028 5193 est
2075 5127 2347 5203 stabula,
2398 5128 2617 5186 ovium
2664 5129 3078 5193 destruenteS,
3133 5126 3423 5184 tulerunt

331 5235 504 5297 statis
547 5255 620 5298 ac
653 5234 912 5318 pietatis
957 5232 1384 5309 invocatione,
1419 5233 1711 5292 habentes
1747 5234 1822 5306 fi·
1923 5248 2227 5305 pecorum
2275 5226 2633 5301 infinitam.
2668 5222 2731 5283 id
2764 5230 2856 5283 est
2910 5220 3094 5285 valde
3125 5240 3417 5301 magnam

331 5334 613 5406 daciam,
645 5335 943 5395 venimus
969 5341 1195 5394 contra
1233 5334 1404 5393 lianc
1445 5330 1820 5391 multitudi-
1930 5334 1992 5389 et
2042 5323 2226 5406 quasi
2287 5320 2842 5397 innumerabilem,
2900 5320 3417 5391 multitudinem,
