4309 6259
82 3383 395 3434 uacet-‚un

86 3450 157 3487 3⁰.

84 3581 393 3631 P⁸.⁸.xxx1‚5.

120 3778 217 3821 lob
240 3792 289 3829 x,
310 3781 365 3820 2¹
380 3810 395 3819 .

94 4560 161 4603 Is.
180 4572 291 4608 xxx,
312 4560 395 4599 33.

112 5354 198 5398 Pa.
216 5367 297 5405 xx,
316 5354 395 5395 to.

1290 518 1637 565 mauriano
1678 518 1741 564 IN
1781 518 1918 564 CAP.
1966 517 2050 563 XX
2090 518 2215 564 103.
2269 536 2342 547 —
2382 518 2524 565 ΛΒΤ.
2571 518 2688 564 XLV

3406 495 3526 559 569

426 700 556 755 tur.
604 692 799 756 Porro
845 710 1063 755 arcum
1114 689 1403 753 nominat
1449 708 1705 765 aereum,
1740 696 1930 771 prout
1957 686 2009 749 A
2038 688 2206 770 ignis
2247 687 2313 750 in
2352 696 2640 770 tempore
2665 688 2892 753 'vultus
2937 688 3070 763 tui3
3105 686 3410 749 Dominus
3458 684 3524 747 in

422 811 515 855 ωε
566 791 726 855 dicit
773 789 1293 855 commixtionem
1342 789 1524 871 cupri
1566 788 1667 853 vel
1716 788 1927 851 stanni

420 911 575 954 cum
628 890 896 973 plumbo
933 908 947 951 :
981 890 1132 971 quia
1180 907 1285 967 ωε,
1331 889 1483 970 quia
1532 887 1929 971 imputribile

420 998 547 1067 est,
598 1000 903 1053 aeternam
948 1006 1202 1071 poenam
1252 987 1599 1068 significat.
1635 987 1927 1069 Dicitque

423 1108 677 1166 arcum,
713 1088 1020 1170 quoniam
1062 1086 1379 1170 profunde
1408 1106 1481 1150 ac
1511 1088 1591 1149 de
1621 1086 1807 1167 longe
1839 1085 1929 1149 fe-

422 1188 532 1249 rit.
548 1187 669 1261 Qui
697 1206 881 1250 arcus
901 1206 1103 1249 aereus
1122 1190 1389 1247 eductus
1412 1205 1606 1247 manu
1636 1186 1932 1265 sagittan-

422 1286 539 1361 tiS,
564 1296 625 1346 et
644 1287 977 1363 eyrediens
995 1288 1075 1345 de
1095 1287 1337 1361 vayina
1366 1304 1509 1355 sua,
1535 1284 1598 1345 id
1630 1267 1727 1345 est
1755 1284 1928 1346 corio

421 1404 563 1467 quo
586 1384 898 1465 sagittarii
924 1382 1139 1447 ferunt
1157 1401 1390 1457 arcum,
1406 1394 1465 1443 ec
1482 1384 1837 1461 fulgurans
1858 1386 1929 1443 in

416 1486 885 1545 amaritudine
911 1504 1052 1551 sua,
1069 1482 1133 1544 id
1154 1489 1250 1543 est
1280 1499 1469 1563 poena
1497 1500 1687 1562 quam
1720 1478 1931 1563 impri-

420 1584 573 1645 mit.
590 1582 705 1645 Per
726 1592 943 1645 arcum
970 1582 1185 1659 istum,
1207 1590 1279 1645 ut
1306 1582 1531 1664 patuit,
1552 1580 1931 1660 intelligitur

422 1680 772 1743 infernalis
804 1680 1143 1757 cruciatuS‚
1169 1679 1353 1761 cujus
1373 1679 1549 1743 velut
1579 1679 1806 1760 vagina
1834 1688 1929 1741 est

420 1779 761 1843 occultum
815 1779 920 1842 Dei
969 1779 1305 1861 judicium,
1361 1797 1472 1841 seu
1530 1777 1930 1861 praescientia

2038 788 2132 851 ira
2176 808 2292 851 sua
2331 788 2738 852 conturbabit
2781 808 2911 865 608,
2944 796 3006 851 et
3043 786 3374 851 devorabit
3417 804 3524 848 eos

2039 887 2230 967 ignis,
2279 888 2561 968 Itemque
2597 906 2610 950 :
2644 888 2880 949 Cadent
2921 904 3120 968 super
3159 904 3268 949 eos
3306 884 3526 947 carbo·
3570 904 3817 956 Panum.

2037 1005 2173 1063 neS,
2227 986 2292 1048 iu
2342 987 2554 1067 ignem
2615 986 2876 1068 dejicies
2925 1006 3082 1061 eos3
3136 984 3202 1046 in
3249 982 3525 1046 miseriis
3558 970 3622 1011 ¹¹·

2037 1104 2166 1149 non
2199 1086 2568 1149 subsistent.
2605 1086 2762 1149 Hinc
2791 1086 3076 1149 Christus
3107 1103 3174 1147 se
3206 1082 3524 1146 dicturum

2038 1186 2422 1269 praenuntiat
2458 1204 2471 1247 :
2505 1186 2614 1262 lte,
2638 1184 2980 1261 maledicti,
3016 1184 3084 1246 in
3116 1182 3328 1264 ignem
3350 1188 3529 1245 aeter-
3554 1200 3818 1251 nattam.

2040 1303 2216 1346 num.
2267 1286 2613 1361 Afflz'yecur
2666 1287 2929 1345 relictus
2989 1286 3057 1343 in
3119 1284 3526 1343 tabernaculo
3555 1265 3624 1307 ⁴¹·

2036 1404 2174 1456 suc,
2210 1383 2273 1445 id
2312 1391 2405 1445 est
2446 1382 2748 1446 infernali
2782 1382 3122 1463 ergastuIO,
3159 1379 3328 1442 unde
3366 1397 3528 1440 nun-

2039 1501 2229 1563 quam
2261 1491 2518 1545 eruetur
2549 1500 2660 1545 seu
2693 1481 3058 1545 redimetur.
3083 1480 3366 1561 Insuper,
3385 1485 3529 1560 post

2038 1581 2208 1643 diem
2239 1581 2464 1663 judicii
2496 1581 2816 1663 punietur,
2854 1579 3112 1643 relictus
3147 1578 3209 1639 in
3245 1576 3531 1639 taberna-

2039 1681 2205 1757 culo,
2241 1681 2306 1743 id
2336 1690 2431 1743 est
2461 1698 2725 1762 corpore
2757 1679 3037 1761 proprio,
3063 1677 3184 1740 sibi
3219 1685 3369 1739 tunc
3390 1676 3532 1737 uni-

2041 1782 2228 1857 endo,
2251 1789 2318 1841 ut
2348 1780 2652 1862 puniatur
2685 1778 2922 1861 pariter
2942 1777 3010 1839 in
3042 1786 3335 1857 utroque,
3361 1775 3530 1839 scili-

422 1880 597 1960 ejus,
616 1898 763 1960 quae
780 1887 1069 1959 tempore
1097 1878 1449 1959 praestituto
1480 1895 1735 1959 poenam
1766 1876 1928 1939 hanc
1966 1874 2011 1935 B
2040 1880 2370 1943 cetanima
2391 1888 2454 1941 et
2473 1898 2758 1962 corpore,
2781 1878 2944 1941 sicut
2972 1896 3084 1959 per
3106 1886 3446 1958 utrumque
3467 1884 3530 1939 et

424 1978 499 2040 in
530 1986 755 2059 aperto
788 1976 1033 2056 infligit
1064 1996 1207 2041 cum
1243 1976 1693 2057 fulguratione,
1730 1976 1793 2037 id
1834 1983 1931 2039 est

428 2086 701 2152 terrore,
730 2077 974 2157 impetu
1004 2084 1066 2139 et
1096 2075 1436 2157 splendore
1462 2074 1747 2155 justitiae,
1765 2075 1931 2138 sicut

425 2176 656 2255 fulgur
686 2175 814 2236 ruit
843 2176 923 2237 de
951 2174 1114 2237 coelo
1138 2181 1399 2256 repente
1426 2192 1499 2237 ac
1528 2173 1840 2236 violenter
1868 2181 1931 2235 et

424 2274 629 2336 clare.

536 2374 779 2433 Vadenc
805 2381 865 2432 et
894 2372 1151 2431 venient
1180 2390 1373 2448 super
1398 2390 1545 2431 eum
1566 2372 1929 2441 horribiles,

426 2472 498 2534 id
550 2479 671 2546 est,
715 2471 1037 2533 daemones
1080 2488 1226 2532 eum
1266 2468 1346 2531 ad
1384 2468 1638 2531 libitum
1672 2468 1929 2532 concul-

422 2569 694 2647 cabunt,
731 2576 795 2632 et
836 2568 1101 2631 liberam
1146 2586 1339 2649 super
1377 2586 1523 2630 eum
1552 2575 1928 2649 potestatem

422 2668 785 2745 habebunt,
821 2666 900 2729 ad
939 2666 1335 2749 puniendum
1378 2667 1726 2729 secundum
1760 2666 1930 2747 quod

426 2768 693 2831 meruit.
718 2771 949 2829 Omnes
981 2768 1247 2827 tenebroe
1274 2768 1657 2827 absconditae
1675 2776 1827 2826 sum
1859 2768 1925 2825 in

424 2867 701 2928 occultis
730 2866 872 2943 ejus
904 2887 927 2924 .·
960 2864 1023 2926 id
1057 2872 1175 2940 est,
1212 2863 1543 2927 interiores
1572 2872 1635 2927 et
1664 2863 1932 2927 exterio-

428 2985 535 3028 res
581 2963 863 3026 tenebrae
903 2962 1321 3027 inveniuntur
1352 2962 1417 3025 in
1446 2962 1706 3025 secretis
1739 2961 1932 3025 infer-

2040 1980 2105 2042 in
2129 1988 2400 2060 utroque
2423 1978 2723 2059 peccavit,
2739 1986 2799 2039 et
2823 1977 3021 2058 impie
3040 1976 3386 2039 delectatus
3407 1982 3523 2037 est.

2132 2080 2533 2139 Revelabunt
2591 2078 2736 2138 coeli
2785 2078 3200 2155 iniquitatem
3247 2075 3412 2151 ejuS,
3463 2073 3528 2135 id

2038 2184 2154 2253 est,
2181 2176 2351 2239 cives
2372 2175 2659 2238 coelestes
2693 2194 2804 2237 seu
2835 2173 3045 2255 angeli
3077 2172 3278 2235 sancti
3308 2180 3530 2234 contra

2040 2295 2185 2340 eum
2221 2275 2286 2336 in
2317 2273 2420 2337 die
2447 2274 2674 2356 judicii
2708 2271 3138 2337 testimonium
3173 2269 3522 2353 proferent,

2038 2382 2101 2437 et
2132 2374 2351 2437 divina
2379 2372 2614 2437 virtute
2645 2380 2904 2454 peccata
2933 2372 3073 2452 ejus
3102 2370 3402 2433 omnibus
3435 2369 3530 2430 in-

2040 2481 2404 2545 notescent3
2441 2482 2500 2531 et
2538 2482 2709 2533 terra
2741 2474 3047 2531 adversus
3084 2490 3232 2529 eum
3271 2488 3530 2529 consur-

2031 2584 2166 2652 get,
2207 2572 2269 2633 id
2311 2579 2428 2647 est,
2465 2570 2755 2633 homines
2797 2568 3062 2631 virtuosi
3105 2568 3214 2648 qui
3256 2567 3322 2629 in
3363 2576 3529 2629 terra

2040 2688 2189 2733 mox
2231 2675 2378 2731 ante
2419 2668 2730 2750 judicium
2774 2675 2989 2743 erunt,
3035 2666 3409 2742 morientur,
3455 2683 3528 2728 ac

2041 2768 2542 2843 suscitabuntur,
2596 2775 2818 2830 contra
2876 2784 3020 2828 eum
3077 2764 3212 2827 zelo
3267 2763 3529 2845 justitiae

2040 2868 2488 2929 movebuntur.
2508 2865 2644 2942 Vel,
2680 2865 2891 2941 Terra,
2927 2864 2987 2927 id
3019 2872 3113 2926 est
3143 2862 3528 2925 elementum

2042 2974 2246 3041 terrae,
2283 2965 2586 3027 adversus
2619 2982 2764 3025 eum
2794 2970 3156 3043 consurget,
3195 2962 3257 3023 id
3289 2968 3405 3038 est,
3438 2960 3532 3023 di-

428 3064 501 3127 ni
553 3062 867 3139 latibulis,
899 3080 1029 3144 quo
1075 3062 1212 3144 ipse
1253 3062 1589 3137 deveniet3
1636 3062 1699 3123 in
1730 3080 1932 3125 secre—
1964 3064 2008 3127 C
2041 3064 2206 3127 vinae
2237 3062 2502 3125 ultionis
2525 3062 3019 3123 instrumentum
3043 3080 3114 3123 ac
3145 3059 3528 3142 adjutorium

430 3164 650 3244 tisque
678 3160 1091 3225 conscientiae
1132 3180 1261 3223 suae
1304 3179 1414 3223 seu
1459 3161 1819 3224 intellectus
1859 3180 1931 3224 ac

432 3259 811 3337 voluntatiS‚
845 3261 1045 3322 latent
1088 3258 1375 3322 omnium
1430 3258 1705 3323 tenebrae
1751 3259 1933 3323 vitio·

434 3382 603 3425 rum.
638 3360 797 3424 Hinc
837 3358 1073 3423 dicitur
1108 3376 1121 3420 ε
1156 3358 1449 3438 Projicite
1489 3378 1631 3421 eum
1666 3358 1731 3419 in
1761 3366 1934 3420 'tene-

432 3461 585 3523 bras
608 3459 977 3523 exteriores,
1011 3459 1097 3520 De
1127 3456 1537 3521 interioribus
1570 3474 1823 3538 quoque
1852 3463 1934 3517 te-

434 3559 655 3623 nebris
705 3558 794 3620 ait
841 3556 1170 3619 Psalmista
1221 3574 1235 3617 ε
1282 3556 1674 3631 Nescierunt,
1727 3574 1933 3636 neque

434 3657 932 3729 intellexerunt3
978 3654 1043 3717 in
1078 3653 1355 3717 tenebris
1385 3654 1932 3717 ambulant.Unde

432 3754 734 3838 superius
774 3754 853 3817 de
893 3753 1150 3815 inferno
1195 3752 1523 3815 inductum
1567 3760 1662 3816 est
1698 3770 1711 3814 :
1744 3751 1933 3814 Ante-

432 3873 627 3937 quam
648 3853 874 3916 vadam
895 3852 975 3914 ad
1004 3859 1233 3913 terram
1265 3850 1652 3915 tenebrosam
1676 3858 1738 3913 et
1759 3868 1933 3932 oper-

434 3960 566 4014 tam
596 3950 823 4014 mortis
852 3948 1151 4031 caligine.

512 4050 863 4111 Devorabit
900 4068 1049 4109 eum
1085 4050 1260 4124 ignis
1289 4050 1405 4127 qui
1447 4069 1575 4109 non
1610 4051 1931 4108 succendi-

434 4158 572 4218 tur,
594 4145 843 4209 scilicet
864 4144 1031 4226 ignis
1054 4145 1155 4207 inf
1156 4145 1413 4223 ernaliS‚
1433 4146 1545 4228 qui
1569 4145 1649 4208 ab
1670 4145 1929 4209 homine

2040 3163 2162 3225 erit
2206 3162 2272 3224 in
2319 3160 2538 3243 impio,
2576 3160 2916 3242 ipsumque
2955 3158 3382 3222 damnabilem
3426 3159 3534 3221 de-

2040 3260 2443 3336 monstrabit,
2480 3278 2556 3322 eo
2599 3259 2770 3341 quod
2801 3259 3157 3322 Creatorem
3200 3277 3386 3320 suum
3430 3257 3530 3322 of-

2044 3360 2340 3425 fenderit.
2393 3358 2572 3421 Unde
2621 3358 2872 3439 sapiens
2924 3357 3182 3438 quidam
3234 3357 3460 3421 asserit
3511 3375 3525 3419 :

2041 3458 2352 3541 Pugnabit
2393 3477 2539 3520 cum
2575 3457 2701 3519 Deo
2740 3454 2913 3519 orbis
2959 3464 3267 3517 terrarum
3311 3464 3532 3519 contra
3581 3476 3822 3532 Sap.v‚2¹.

2042 3559 2419 3620 insensatos.
2452 3555 2625 3630 Quod
2659 3554 2722 3616 in
2758 3555 2977 3616 eodem
3018 3554 3182 3617 libro
3214 3554 3397 3636 quasi
3429 3573 3532 3617 ex-

2042 3656 2328 3739 ponitur,
2363 3674 2561 3736 quum
2595 3653 2831 3716 dicitur
2855 3670 2869 3713 ε
2892 3653 3191 3715 Creatura
3220 3653 3391 3716 enim
3414 3651 3528 3714 tibi
3601 3672 3823 3724 maan,

2038 3754 2319 3819 Creatori
2378 3752 2767 3825 deservienS‚
2820 3751 3234 3814 excandescet
3283 3752 3348 3812 in
3399 3760 3528 3813 tor·
3561 3737 3628 3778 ²⁴·

2038 3862 2324 3916 mentum
2359 3852 2661 3915 adversus
2701 3850 2995 3931 injustos,
3031 3849 3189 3911 Hinc
3230 3848 3432 3912 fertur
3463 3850 3528 3912 in

2039 3952 2286 4015 Psalmo
2329 3967 2343 4013 :
2388 3951 2550 4013 Deus
2587 3948 2926 4011 manifeste
2972 3948 3206 4012 veniet.
3255 3948 3421 4027 Ignis
3465 3948 3528 4009 in
3579 3966 3822 4017 pamas,

2038 4058 2385 4132 conspectu
2428 4048 2568 4129 ejus
2611 4048 3012 4121 exardescet3
3047 4055 3108 4109 et
3153 4046 3218 4107 in
3258 4045 3529 4109 circuitu
3558 4031 3606 4073 ⁴·

2039 4150 2179 4233 ejus
2231 4154 2574 4229 tempestas
2621 4145 2852 4209 valida.
2903 4144 3250 4207 Advocabit
3297 4144 3529 4207 coelum

432 4264 565 4308 non
600 4243 883 4306 nutritur
915 4262 1077 4306 nova
1110 4244 1395 4321 materia,
1432 4264 1640 4325 neque
1672 4264 1931 4308 succen-
1959 4252 2010 4313 D
2040 4250 2397 4323 desursum,
2433 4254 2494 4308 et
2541 4254 2770 4307 terram
2816 4245 3176 4307 discernere
3223 4245 3530 4325 populum

431 4344 651 4423 ditur3
687 4344 797 4405 sed
840 4343 1036 4407 semel
1082 4362 1119 4405 a
1147 4344 1273 4406 Deo
1316 4362 1681 4420 succensuS,
1718 4352 1932 4406 manet

432 4443 497 4505 in
524 4452 836 4525 perpetuo
860 4442 922 4504 in
948 4461 1063 4505 suo
1085 4441 1323 4521 vigore,
1342 4442 1519 4523 juxta
1542 4442 1698 4505 illud
1723 4443 1926 4506 Isaiae:

432 4542 789 4623 Praeparam
820 4548 917 4603 est
956 4540 1037 4602 ab
1074 4539 1211 4601 heri
1243 4540 1553 4621 Topheth‚
1591 4541 1655 4603 id
1694 4549 1790 4603 est
1826 4559 1931 4621 ge-

430 4641 671 4718 henna,
706 4660 741 4702 a
784 4658 930 4720 rege
972 4647 1343 4721 praeparata,
1378 4638 1698 4721 profunda
1735 4649 1796 4703 et
1842 4642 1931 4704 di-

430 4739 713 4803 latata.F
718 4739 883 4802 latus
916 4738 1166 4802 Domini
1198 4737 1362 4800 sicut
1394 4746 1638 4801 torrens
1666 4739 1929 4803 sulfuris

426 4839 831 4901 succendens
870 4856 1032 4899 eam.
1082 4836 1320 4899 Dicitur
1363 4845 1575 4899 autem
1618 4836 1786 4918 ignis
1837 4838 1931 4900 in-

427 4936 601 5000 ferni
648 4937 982 4998 damnatos
1031 4935 1359 5011 devorare,
1405 4952 1533 4997 non
1580 4934 1930 5000 auferendo

424 5035 511 5097 ab
541 5034 636 5098 eis
666 5052 806 5097 esse
836 5042 897 5096 et
932 5034 1168 5109 vivere,
1203 5034 1313 5095 sed
1345 5052 1535 5095 omne
1575 5032 1737 5095 bene
1765 5053 1925 5113 esse,

425 5142 493 5195 et
524 5131 928 5195 absorbendo
958 5150 1071 5193 seu
1105 5130 1381 5193 totaliter
1418 5132 1790 5213 occupando
1821 5151 1929 5195 eos

426 5250 549 5293 suo
598 5230 1030 5313 praedoloroso
1082 5228 1325 5311 impetu
1370 5236 1432 5293 et
1478 5228 1715 5310 vigore.
1768 5230 1929 5294 Hinc

428 5328 639 5393 fertur
682 5329 749 5391 in
779 5328 1029 5391 Psalmo
1064 5344 1079 5389 ε
1115 5327 1313 5390 Pones
1356 5346 1463 5391 eos
1501 5336 1573 5389 ut
1602 5327 1927 5392 clibanum

2040 4366 2250 4411 suum.
2286 4347 2573 4427 Insuper,
2600 4344 2665 4406 in
2698 4344 2801 4407 die
2827 4343 3054 4426 judicii
3079 4350 3246 4405 terra
3273 4361 3534 4406 consur-

2040 4455 2144 4527 get
2176 4447 2478 4509 adversus
2510 4444 2843 4525 injustum,
2875 4442 3028 4524 quia
3066 4462 3233 4504 unus
3273 4442 3532 4523 iniquus

2038 4565 2111 4608 ac
2144 4542 2453 4626 reprobus
2493 4541 2691 4603 alium
2735 4550 2886 4603 tunc
2919 4540 3244 4604 damnabit
3279 4560 3534 4623 compa-

2040 4644 2242 4706 rative
2294 4658 2307 4703 :
2361 4640 2511 4722 quia
2569 4639 2865 4703 videlicet
2924 4647 3253 4720 peccatum
3315 4640 3526 4715 uniuS‚

2038 4740 2514 4823 comparatione
2546 4738 2830 4813 alteriuS,
2863 4737 3120 4818 gravius
3157 4737 3526 4819 apparebit3

2039 4838 2364 4902 damnatio
2409 4855 2664 4919 quoque
2694 4836 2909 4913 unius,
2943 4835 3418 4916 comparatione
3449 4836 3533 4897 al-

2038 4938 2260 5015 teriuS,
2312 4936 2546 5019 justior
2593 4936 2984 4997 ostendetur.
3037 4934 3196 4996 Hinc
3241 4934 3530 4996 Christus

2040 5035 2105 5098 in
2139 5035 2504 5115 Evangelio,
2533 5033 2792 5113 Regina,
2817 5032 3048 5114 inquit,
3075 5032 3285 5094 Austri
3317 5041 3530 5111 surget
3581 5058 3828 5109 murm

2039 5133 2106 5196 in
2137 5132 2381 5215 judicio
2412 5151 2554 5195 cum
2589 5131 2999 5210 generatione
3021 5130 3162 5207 ista,
3184 5137 3401 5211 utpote
3429 5131 3530 5191 Ju-
3559 5122 3824 5227 ζῗζζῖξὲω·

2039 5234 2343 5306 daeorum,
2369 5240 2430 5294 et
2461 5230 2789 5293 damnabit
2817 5247 2979 5291 eam.
3003 5229 3302 5309 Idemque
3329 5228 3420 5290 ait
3449 5229 3528 5291 de
3603 5216 3614 5235 ⁸
3690 5215 3701 5235 '
3777 5215 3788 5225 ’

2038 5329 2360 5393 Ninivitis,
