4309 6259
922 492 1273 538 mannum
1316 492 1375 536 m
1420 492 1559 538 mr.
1604 492 1671 537 ιιι
1714 492 1869 537 uem
1912 492 2081 538 rium
2121 492 2650 539 ΡΑιιΑιιΡοιιι-ικοκ.
2695 514 2776 524 -
2815 495 2958 540 Αιιτ.
3003 495 3073 539 ιιι
3429 475 3546 538 119

1572 899 2220 985 ARTICULUS
2296 901 2434 984 III

920 1175 1277 1221 ELUclnAno
1328 1174 1604 1221 carnum
1654 1173 1855 1218 Tsn'ru
1900 1172 1915 1216 :
1960 1172 2151 1217 Davu)
2205 1171 2362 1218 VERO
2416 1174 2532 1219 HOS
2585 1175 2812 1220 nanum·
2861 1176 3077 1237 muoso,

1508 1271 1609 1326 0111
1652 1270 1711 1314 El
1752 1269 1899 1315 NATI
1942 1269 2095 1316 SUNT
2136 1270 2200 1315 IN
2243 1271 2505 1316 HEBRON.

592 1552 843 1615 GITUR
866 1551 972 1615 hie
994 1552 1076 1616 de
1100 1569 1295 1632 regno
1319 1549 1531 1627 David,
1552 1558 1617 1614 et
1644 1547 1951 1632 progenie
1978 1545 2029 1608 A
2058 1547 2308 1610 ratione
2333 1547 2553 1612 divina
2581 1549 2862 1613 ereditur
2881 1551 2944 1614 id
2977 1551 3225 1632 fecisse,
3243 1561 3307 1617 et
3335 1553 3404 1617 in
3423 1554 3546 1618 hoe

612 1651 1166 1734 prosperitateque
1194 1649 1351 1732 ejuS,
1372 1658 1563 1732 atque
1586 1650 1665 1712 de
1692 1647 1947 1729 regibus
2056 1665 2206 1708 casu
2228 1656 2450 1710 eontra
2470 1647 2672 1728 legem
2694 1668 2822 1712 non
2853 1649 2882 1712 f
2885 1650 2998 1712 uit.
3026 1655 3544 1723 Quartum,Ado-

426 1751 563 1832 qui
596 1759 741 1833 post
770 1750 1175 1814 Salomonem
1218 1768 1291 1812 ae
1335 1748 1615 1812 Roboam
1654 1765 1950 1828 regnave-
2054 1747 2265 1816 niam,
2297 1746 2411 1827 qui
2447 1755 2626 1829 patre
2669 1767 2785 1812 suo
2829 1749 3163 1830 ignorante
3209 1752 3540 1834 usurpavit
3567 1775 3830 1832 inflamus.

432 1857 605 1912 runt
636 1849 704 1910 in
730 1849 911 1912 Iuda.
934 1851 1159 1911 David
1186 1867 1335 1910 vero
1363 1850 1476 1909 hos
1493 1849 1721 1908 habuit
1749 1848 1943 1923 filio&
2056 1842 2420 1925 imperium,
2452 1849 2673 1923 filium
2701 1850 3014 1926 Hayyich.
3053 1851 3391 1924 Quintum,
3427 1855 3543 1914 Sa-

430 1949 569 2030 qui
599 1952 665 2008 ei
700 1951 845 2010 nati
872 1958 1029 2010 sunt
1060 1951 1134 2009 in
1166 1950 1423 2010 Hebron
1460 1946 1739 2012 civitate.
1774 1945 1947 2007 Istud
2046 1945 2398 2022 phathiam
2442 1965 2524 2005 ew
2561 1949 2809 2009 Abical.
2851 1951 3151 2020 Semnum,
3180 1953 3541 2023 Jethraam,

92 2063 295 2117 ιιπῳ.
310 2076 389 2112 m.
432 2054 661 2110 totum
704 2045 975 2110 habetur
1005 2046 1285 2110 seeundo
1324 2045 1585 2125 Regum.
1618 2046 1949 2121 Primoye-
2056 2060 2250 2123 quem
2295 2043 2604 2125 Iosephus
2661 2045 2949 2108 nominat
3000 2047 3267 2126 Nathan,
3322 2047 3542 2130 sieque

436 2147 701 2216 uicum,
721 2149 985 2207 Amnon
1012 2165 1095 2206 εα-
1120 2147 1485 2208 Achinoam
1504 2144 1943 2216 Jezraelitide,
2056 2139 2380 2202 binomius
2411 2140 2556 2219 ruit,
2589 2145 2669 2203 de
2700 2145 2870 2220 Eyla
2899 2165 3101 2205 uxore
3124 2166 3270 2207 sua.

431 2261 525 2307 ex
566 2262 767 2308 uxore
808 2263 927 2306 sua
962 2243 1225 2307 nomine
1262 2242 1636 2318 Achinoam,
1678 2240 1949 2304 oriunda
2134 2237 2313 2302 Circa
2342 2239 2462 2302 hoe
2489 2239 2580 2302 ait
2607 2239 2830 2304 Glossa
2855 2259 2868 2304 ε
2893 2241 3229 2320 Quaeritur,
3264 2263 3377 2306 eur
3406 2244 3541 2308 sola

432 2343 528 2406 de
570 2341 731 2405 urbe
778 2342 1042 2406 nomine
1077 2342 1337 2417 Jezrael,
1370 2360 1515 2424 quae
1558 2341 1626 2402 in
1668 2339 1950 2404 Samaria
2054 2335 2190 2398 haee
2215 2336 2370 2417 Egla
2398 2357 2555 2402 uxor
2583 2339 2780 2403 David
2811 2349 3092 2404 voeatur.
3124 2341 3219 2404 Ad
3249 2342 3421 2425 quod
3451 2363 3544 2407 re—

80 2458 393 2511 mea-xxv.
436 2440 602 2504 fuit.
635 2441 809 2504 Hane
838 2441 1187 2504 Achinoam
1219 2439 1416 2504 David
1450 2439 1629 2502 duxit
1672 2438 1945 2520 primam
2054 2437 2326 2516 spondet
2359 2453 2374 2498 ε
2407 2437 2554 2500 llaee
2591 2445 2688 2502 est
2714 2438 2964 2517 Michol,
2997 2459 3140 2522 quae
3182 2441 3348 2504 inter
3385 2441 3544 2504 mul-

60 2523 393 2626 {ffl'hmu‘
434 2548 601 2623 post
640 2539 894 2617 michol,
936 2559 1139 2622 quum
1180 2538 1453 2620 fugisset
1495 2557 1533 2601 a
1570 2537 1735 2600 faeie
1772 2536 1943 2599 Saul.
2052 2541 2147 2595 tas
2179 2535 2313 2598 sola
2340 2535 2574 2598 dieitur
2604 2556 2781 2615 uxor,
2806 2538 3111 2620 quoniam
3131 2557 3272 2602 eam
3305 2538 3371 2602 in
3402 2541 3542 2606 ado·
3571 2558 3831 2614 memma,

434 2641 847 2707 Secundum,
860 2641 1102 2700 Daniel
1118 2641 1197 2699 de
1217 2639 1484 2716 Abiyail
1507 2638 1945 2698 Car-melincta·
2054 2631 2362 2696 leseentia
2409 2634 2680 2716 primam
2729 2637 2991 2719 accepit,
3045 2657 3188 2720 quae
3239 2638 3304 2700 in
3353 2648 3537 2721 partu
3568 2626 3636 2666 ²⁷·

98 2753 243 2796 ma.
272 2765 397 2800 m.
432 2737 609 2818 quia
634 2745 783 2800 ante
810 2743 1055 2800 morata
1086 2743 1182 2798 est
1212 2735 1279 2797 in
1308 2735 1595 2798 Carmelo
1639 2735 1799 2799 urbe
1836 2735 1945 2798 de-
1980 2733 2026 2794 B
2052 2732 2428 2797 occubuisse
2457 2735 2785 2798 asseritur.
2809 2736 2950 2799 Haee
2979 2736 3220 2801 Glossa.
3245 2737 3426 2802 Unde
3445 2758 3540 2802 se-
3575 2801 3580 2806 .
3621 2799 3630 2806 .

68 2821 115 2868 ²*
140 2819 221 2859 ¹⁸·
434 2834 630 2911 serti,
663 2853 809 2897 cum
838 2833 1035 2896 Nabal
1067 2833 1206 2896 viro
1251 2852 1367 2896 suo
1396 2832 1630 2915 priore,
1665 2840 1728 2895 et
1760 2831 1945 2895 forsi-
2051 2830 2246 2893 cundi
2276 2832 2514 2913 Regum
2560 2841 2734 2897 sexto
2779 2833 3068 2912 habetur,
3101 2836 3273 2918 quod
3311 2836 3539 2902 Michol
3593 2854 3629 2899 ιι
3645 2856 3754 2912 aeq.
3775 2869 3833 2908 n,

438 2942 559 2996 tan
593 2942 741 2996 nata
768 2940 868 2995 est
896 2931 1009 2994 ibi.
1035 2931 1193 2995 Huie
1224 2931 1483 2996 obviare
1511 2931 1763 2994 videtur
1784 2931 1942 2994 illud
2054 2948 2181 2993 non
2212 2938 2308 2993 est
2340 2938 2524 2994 natus
2556 2932 2756 3010 filius,
2789 2953 2993 3016 usque
3023 2934 3101 2997 ad
3128 2935 3298 2998 diem
3319 2936 3540 3000 mortis
3570 2919 3640 2961 ²³·

72 3043 299 3134 0int-215.
324 3055 395 3094 m.
436 3031 719 3095 secundi
738 3031 987 3112 ‘Regum
1026 3048 1041 3093 ε
1081 3030 1543 3110 primogenitus
1577 3030 1776 3093 David
1806 3032 1945 3092 Am-

434 3149 605 3207 non,
639 3139 704 3194 et
739 3138 885 3213 post
918 3149 1067 3192 eum
1097 3128 1373 3192 Cheleab
1416 3130 1495 3194 de
1524 3128 1795 3208 Abigail.
1838 3127 1947 3191 Re-

434 3229 823 3312 spondetur,
875 3228 1049 3310 quod
1097 3227 1264 3291 idem
1316 3236 1414 3290 est
1464 3226 1665 3305 filius,
1706 3235 1771 3291 et
1822 3225 1947 3288 fuit

430 3327 799 3402 binomiu3‚
834 3335 1027 3409 atque
1069 3335 1140 3388 ut
1182 3325 1407 3390 dieunt
1434 3325 1702 3403 Hebraei,
1737 3325 1945 3407 primo

434 3434 713 3490 vocatus
742 3435 837 3489 est
858 3424 1101 3488 Daniel.
1126 3424 1329 3499 Quum
1354 3425 1525 3488 enim
1558 3424 1770 3486 statim
1804 3432 1948 3505 post

430 3531 719 3588 mortem
766 3523 964 3586 Nabal
1012 3522 1211 3587 David
1258 3522 1542 3586 duxisset
1588 3531 1653 3585 et
1698 3522 1947 3604 imprae—

432 3631 709 3706 guasset
738 3621 1013 3703 Abigail,
1041 3639 1243 3703 puero
1276 3629 1448 3697 nat0,
1483 3620 1743 3702 quidam
1774 3619 1947 3682 mali·

436 3720 599 3784 tiosi
637 3721 990 3784 deridendo
1028 3719 1328 3782 dixerunt
1356 3720 1524 3800 quod
1568 3726 1736 3781 esset
1766 3717 1944 3781 filius

430 3820 669 3886 Nabal.
713 3819 859 3883 Ideo
894 3819 1092 3881 David
1131 3836 1403 3900 puerum
1446 3816 1795 3898 appellavit
1832 3817 1947 3879 Da-

2054 3047 2206 3092 suae.
2243 3029 2362 3092 Sed
2407 3030 2604 3112 oinei
2647 3041 2878 3114 potest,
2912 3033 3216 3116 quoniam
3259 3034 3368 3097 diu
3399 3043 3544 3117 post

2055 3146 2373 3191 recessum
2409 3130 2603 3194 David
2635 3131 2716 3194 ab
2743 3131 3017 3208 Hebron,
3053 3151 3252 3214 quum
3283 3133 3350 3195 in
3378 3134 3547 3198 Jeru-

2054 3225 2252 3288 salem
2285 3236 2658 3306 moraretur,
2693 3229 2828 3292 haee
2855 3229 3083 3294 Michol
3125 3231 3332 3294 adhue
3361 3231 3542 3310 vixit,

2057 3323 2518 3408 insultavitque
2550 3327 2708 3407 regi,
2730 3347 2805 3390 eo
2827 3330 2997 3410 quod
3030 3337 3179 3392 ante
3196 3348 3406 3393 aream
3428 3331 3546 3393 sal·
3597 3343 3722 3390 tota.
3750 3347 3818 3390 ιο.

2054 3432 2272 3486 tasset.
2290 3425 2382 3486 Ad
2413 3425 2533 3489 hoe
2565 3428 3078 3508 respondendum
3100 3427 3350 3509 opinor,
3373 3428 3546 3511 quod

2056 3522 2109 3584 si
2143 3523 2458 3605 scriptura
2495 3524 2630 3588 haee
2658 3524 2898 3606 Regum
2929 3534 2993 3590 et
3020 3525 3544 3610 Paralipomenon

2054 3621 2267 3685 dicere
2296 3622 2472 3700 velit,
2491 3624 2662 3705 quod
2694 3624 2940 3705 praefati
2971 3644 3080 3688 sex
3110 3625 3234 3688 filii
3266 3626 3397 3689 nati
3417 3625 3550 3692 sint

2056 3720 2190 3800 regi
2222 3720 2439 3797 David,
2465 3722 2616 3786 dum
2649 3723 2940 3802 regnavit
2967 3723 3032 3786 in
3062 3723 3337 3801 Hebron,
3356 3733 3420 3788 et
3440 3744 3547 3788 an·

2060 3828 2314 3901 tequam
2347 3821 2634 3900 regnavit
2663 3821 2728 3882 in
2755 3821 3125 3900 Jerusalem,
3151 3822 3381 3886 salvari
3413 3843 3542 3886 non

434 3919 709 3994 melem,
762 3917 875 3999 qui
927 3917 1404 3999 interpretatur,
1445 3915 1757 3998 judicium
1808 3916 1941 3992 Dei,
1985 3917 2029 3981 C
2059 3925 2268 3998 potest
2306 3918 2476 3998 quod
2513 3917 2668 3997 Egla
2704 3918 2788 3981 sit
2827 3919 3074 3996 Michol,
3119 3929 3182 3983 et
3222 3922 3392 4002 quod
3436 3921 3544 3983 Mi-

434 4019 671 4081 dieens
707 4033 721 4078 :
754 4015 1003 4079 Judieet
1046 4015 1233 4091 DeuS,
1285 4014 1350 4077 id
1394 4023 1510 4091 est,
1556 4034 1669 4097 per
1702 4022 1946 4078 eertum

435 4117 703 4197 signum
758 4115 1173 4190 demonstret,
1220 4111 1366 4194 quis
1412 4112 1497 4184 sit
1542 4122 1722 4194 pater
1766 4112 1946 4194 pueri

436 4215 668 4296 hujus.
703 4213 881 4274 Tune
927 4213 1053 4276 Deo
1097 4220 1349 4292 agente,
1388 4213 1603 4274 vultus
1645 4209 1951 4273 infantuli

436 4311 843 4376 assimilatus
887 4320 985 4374 est
1026 4310 1235 4374 vultui
1286 4309 1484 4372 David
1530 4327 1543 4371 :
1595 4309 1833 4373 ideireo
1876 4329 1953 4372 ex

440 4421 605 4474 tune
647 4408 1001 4492 appellavit
1039 4429 1185 4473 eum
1217 4407 1513 4484 Cheleab,
1549 4408 1720 4489 quod
1762 4408 1951 4470 inter-

440 4517 765 4594 pretatur,
816 4507 999 4589 quasi
1053 4515 1253 4589 pater,
1302 4506 1367 4568 id
1419 4514 1536 4582 est,
1590 4505 1754 4588 patri
1802 4525 1953 4568 eon-

440 4607 705 4672 similis.
765 4608 1056 4670 Tertium
1106 4605 1345 4681 filium,
1395 4607 1675 4666 Absalon
1729 4605 1949 4681 filium

442 4709 731 4771 Maacha
760 4707 925 4783 filioe
954 4705 1249 4764 Tkolmai
1276 4705 1447 4780 reyis
1480 4706 1738 4773 Gessur,
1760 4701 1825 4764 id
1855 4711 1951 4765 est

444 4805 631 4887 regni
661 4803 758 4867 sie
792 4802 1169 4885 nuncupati.
1203 4801 1277 4863 Et
1320 4801 1522 4884 quaeri
1558 4809 1787 4884 potest,
1823 4820 1952 4882 qua

444 4903 835 4968 auctoritate
880 4907 1103 4964 eontra
1133 4899 1335 4982 legem
1370 4899 1616 4981 aceepit
1646 4899 1950 4980 gentilem

446 5003 630 5065 illam
653 5001 720 5064 in
742 4999 1105 5081 conjugem.
1129 4998 1516 5080 Responderi
1538 5007 1760 5080 potest,
1778 4998 1952 5080 quod

446 5099 644 5163 traxit
674 5117 817 5162 eam
848 5097 927 5159 ad
945 5095 1363 5172 Iudaismum,
1388 5096 1584 5158 etiam
1604 5093 1823 5158 forsan
1844 5115 1955 5158 an-
1983 5094 2034 5156 D
2059 5097 2272 5160 Tertio
2321 5097 2558 5176 Regum
2607 5097 2898 5176 habetur,
2949 5101 3120 5181 quod
3181 5099 3247 5161 in
3299 5101 3547 5166 Hebron
3603 5126 3837 5182 mnam.

2062 5195 2354 5275 regnavit
2382 5202 2622 5276 septem
2657 5195 2862 5272 anniS,
2887 5204 2950 5258 et
2979 5196 3044 5256 in
3061 5195 3405 5260 Jerusalem
3437 5200 3550 5261 tri-
3578 5193 3643 5233 ¹¹·

450 5209 716 5280 tequam
766 5193 1017 5277 aceepit
1052 5213 1193 5258 eam
1243 5193 1308 5257 in
1354 5213 1558 5270 suam,
1594 5193 1695 5257 vel
1735 5202 1957 5276 postea

446 5297 687 5360 saltem
722 5311 738 5356 ε
776 5293 999 5374 sieque
1028 5311 1105 5356 ex
1146 5292 1623 5376 dispensatione
1664 5301 1727 5356 et
1757 5293 1956 5376 inspi-

2058 4015 2203 4080 ohol
2236 4017 2539 4098 pariendo
2561 4016 2882 4079 oeoubuit.
2900 4016 2963 4079 Si
2986 4024 3194 4081 autem
3219 4017 3544 4101 Scriptura

2060 4133 2188 4178 non
2222 4114 2496 4178 intendit
2516 4115 2636 4178 hoe
2667 4114 2900 4193 dicere,
2936 4116 3108 4196 quod
3131 4123 3342 4180 tamen
3371 4117 3545 4182 vide-

2059 4220 2184 4275 tur·
2207 4213 2559 4290 intendere,
2593 4213 2720 4276 diei
2748 4223 2999 4296 posset,
3035 4215 3206 4296 quod
3237 4215 3393 4295 Egla
3433 4236 3547 4281 seu

2056 4311 2282 4375 Miehol
2314 4320 2502 4394 partu
2531 4325 2646 4374 suo
2680 4311 2978 4389 instante,
3005 4322 3117 4376 aut
3145 4323 3318 4393 ante,
3339 4315 3408 4377 in
3437 4317 3550 4380 He-

2060 4411 2219 4472 bron
2250 4428 2504 4474 reversa
2533 4409 2636 4486 sit,
2672 4409 2892 4490 ibique
2924 4411 3193 4493 peperit,
3217 4420 3283 4476 et
3303 4413 3551 4495 parien-

2055 4508 2139 4571 do
2171 4507 2443 4570 decessit
2476 4525 2491 4569 ε
2525 4526 2719 4590 quam
2751 4509 3132 4574 solutionem
3163 4511 3454 4591 Magister
3483 4513 3551 4576 in

2057 4604 2344 4668 historiis
2377 4605 2600 4686 tangit.

2136 4705 2269 4765 Sem
2298 4722 2446 4780 erqo
2469 4707 2615 4764 nati
2642 4714 2796 4765 sunt
2815 4707 2878 4764 ei
2909 4707 2982 4766 in
3015 4709 3293 4780 Hebron,
3319 4711 3433 4770 ubi
3461 4730 3555 4770 re-

2049 4803 2284 4878 ynavit
2315 4800 2511 4864 David
2541 4820 2734 4884 super
2764 4802 2998 4865 tribum
3019 4804 3179 4867 Iuda
3207 4806 3546 4886 dumtaxat,

2056 4909 2286 4977 septem
2321 4902 2517 4962 annis
2533 4911 2592 4960 et
2611 4921 2723 4960 sex
2753 4904 3096 4966 mensibu-9.
3123 4908 3179 4966 T
3171 4907 3420 4981 riyinca
3440 4927 3553 4968 au-

2062 5008 2184 5059 tem
2213 5009 2273 5060 et
2305 5001 2510 5060 tribus
2527 5002 2722 5059 annis
2750 5003 3048 5079 regnavit
3077 5004 3148 5062 in
3165 5005 3544 5067 Jerusalem.

2063 5293 2245 5376 ginta
2273 5301 2335 5355 et
2352 5291 2581 5370 tribuS,
2606 5293 2826 5374 sieque
2847 5292 2913 5354 in
2946 5301 3074 5356 toto
3094 5295 3546 5378 quadraginta:
