4309 6259
899 484 1016 549 264

1196 502 1543 549 ENARRATIO
1587 503 1647 549 IN
1690 504 1827 550 CAP.
1873 503 2071 549 XXXIII
2111 503 2271 548 LIBRI
2314 502 2565 549 SECUNDI
2606 499 3135 546 PARALIPOMENON.
3180 520 3262 531 --
3301 501 3446 546 ΛΒΤ.
3489 500 3686 545 XXXIII

899 682 1184 756 tempore
1229 693 1375 736 suos
1411 675 1730 757 sapienter
1776 693 1849 736 ac
1891 672 2135 737 fervide
2174 673 2389 735 exhor·
2416 673 2468 734 A
2499 692 2688 753 quam
2731 691 3054 755 prospera.
3095 672 3313 752 Itaque
3351 689 3479 752 quo
3524 671 3707 753 plura
3744 678 3806 733 et
3845 689 3975 731 ma-

896 780 1132 834 tentur.
1155 773 1478 835 Postremo
1501 774 1800 836 docemur
1822 772 1950 848 hic,
1967 771 2243 853 qualiter
2264 772 2387 853 spi-

897 870 1145 932 ritualis
1178 870 1288 933 illa
1319 871 1508 935 elatio
1539 880 1600 933 et
1627 871 1830 950 gloria
1860 889 2044 947 vana,
2080 870 2385 932 insidien-

899 976 1002 1030 tur
1032 969 1376 1031 virtutibus
1406 970 1594 1032 etiam
1625 970 1693 1030 in
1725 968 1878 1030 viris
1900 967 2385 1050 perfectis.ldeo

900 1085 1150 1148 semper
1181 1087 1371 1149 super
1391 1068 1742 1130 custodiam
1777 1076 2056 1129 nostram
2088 1075 2254 1129 stare
2284 1068 2387 1129 dc-

633 1179 868 1229 [labam.
899 1165 1126 1228 bemus
1153 1174 1215 1229 et
1246 1186 1384 1229 esse
1414 1166 1695 1243 solliciti,
1724 1185 1801 1229 ne
1823 1185 2191 1247 peccemus;
2224 1173 2289 1227 et
2317 1164 2383 1227 in

609 1245 626 1285 1

605 1369 674 1419 27,
693 1369 734 1413 4.

635 1273 791 1347 ’Recta
812 1318 868 1355 n,
898 1264 1001 1326 die
1035 1264 1370 1343 bonorum,
1406 1284 1720 1328 memores
1751 1284 1889 1327 esse
1919 1264 2224 1327 debemus
2263 1284 2387 1327 ma-

900 1362 1122 1426 lorum.
1143 1364 1358 1444 Neque
1381 1364 1442 1426 in
1465 1364 1568 1426 die
1589 1363 1850 1426 honoris
1882 1363 1978 1424 sui
2001 1363 2191 1425 debet
2221 1363 2385 1443 quis-

899 1481 1094 1542 quam
1144 1462 1387 1539 extolli,
1427 1462 1553 1525 imo
1603 1470 1754 1525 tunc
1791 1462 1993 1542 magis
2042 1460 2385 1524 formidare

801 1588 807 1593 ·
900 1560 1093 1623 debet
1122 1561 1368 1623 occulta
1401 1561 1638 1643 judicia
1672 1560 1802 1637 Dei,
1839 1560 1952 1642 qui
1994 1561 2211 1623 electis
2251 1561 2383 1623 suis

901 1658 967 1721 in
1000 1659 1118 1721 hae
1138 1659 1266 1722 vita
1299 1660 1499 1739 magis
1531 1660 1692 1723 solet
1719 1660 2064 1721 concedere
2091 1661 2377 1735 adversa,

2493 772 2631 852 jora
2662 792 2697 833 a
2734 772 2859 834 Deo
2898 774 3061 834 dona
3101 771 3305 835 sortiti
3348 770 3681 845 fuerimuS‚
3718 787 3792 832 eo
3831 769 3973 850 plus

2496 870 2791 951 subjecti,
2816 871 2977 950 grati
3010 878 3065 933 et
3101 869 3375 932 humiles
3407 888 3545 931 esse
3574 868 3889 941 debemus,
3912 876 3975 929 et

2494 988 2681 1032 omne
2712 970 2949 1032 bonum
2984 977 3115 1033 toto
3144 970 3333 1032 corde
3364 968 3487 1031 Deo
3516 966 3891 1042 adscribere,
3914 976 3975 1027 et

2489 1070 2666 1151 juxta
2703 1068 3020 1131 beneficia
3053 1088 3194 1151 quae
3226 1068 3601 1149 recepimuS‚
3638 1086 3753 1149 pro
3790 1084 3975 1148 posse

2496 1167 2865 1229 retribuere.
2890 1167 3138 1228 Etenim
3170 1166 3224 1227 si
3257 1174 3469 1228 tantus
3490 1164 3588 1226 vir
3608 1162 3698 1226 sic
3726 1162 3971 1238 cecidit,

2493 1266 2638 1345 quis
2669 1273 2878 1347 potest
2906 1284 3043 1327 esse
3077 1266 3381 1327 securus?
3411 1263 3555 1326 Ideo
3594 1282 3669 1325 ex
3704 1261 3973 1325 aliorum

2492 1364 2699 1441 laude,
2738 1364 2905 1426 fama
2936 1372 2999 1426 et
3028 1363 3423 1445 reputatione
3450 1378 3851 1442 nequaquam
3886 1359 3977 1421 in-

2490 1462 2698 1524 aniter
2746 1462 3112 1542 gloriemur,
3162 1462 3271 1525 sed
3312 1460 3733 1536 attendamuS,
3778 1477 3971 1539 quam

2492 1561 2879 1623 horrendum
2924 1562 3008 1623 sit
3046 1561 3327 1625 incidere
3366 1559 3430 1621 in
3469 1577 3697 1620 manus
3734 1556 3842 1621 Dei
3882 1556 3974 1619 vi·
4000 1579 4219 1627 nannai.

2490 1658 2718 1721 ventis,

1886 2076 2531 2163 ARTICULUS
2609 2078 2997 2162 XXXIII

1181 2355 1497 2401 EXPOSITIO
1541 2355 1815 2400 CAPITULI
1857 2354 2161 2398 TRICESIMI
2200 2353 2398 2397 TERTll
2442 2353 2455 2396 :

2503 2352 2807 2397 onom-:cm
2850 2352 3141 2397 ANNomffl
3188 2353 3344 2397 ERAT
3388 2353 3703 2398 MANASSES

2012 2452 2175 2505 Quum
2218 2451 2501 2496 REGNARE
2544 2451 2872 2496 COEPISSET.

1040 2736 1085 2797 T
1119 2735 1410 2817 opposita
1440 2736 1618 2816 juxta
1661 2753 1728 2797 se
1766 2732 1995 2815 posita,
2028 2731 2385 2794 evidentius
2419 2731 2465 2791 B
2498 2738 2687 2811 prout
2723 2731 2801 2793 de
2851 2714 2970 2792 hoc
3010 2730 3075 2790 in
3115 2728 3409 2811 pluribus
3451 2730 3607 2792 locis
3647 2737 3983 2793 tractatum

1059 2835 1482 2911 innotescant,
1522 2841 1665 2915 post
1709 2832 2201 2914 descriptionem
2241 2830 2387 2896 vitae

900 2940 962 2995 ct
991 2932 1471 3011 gubernationis
1503 2932 1727 3013 optimi
1761 2931 2061 3007 Ezechiae,
2099 2930 2389 3010 sequitur

900 3031 1166 3093 historia
1187 3030 1657 3093 sceleratissimi
1681 3030 1804 3091 filii
1829 3031 1968 3111 ejus
1995 3047 2008 3091 :
2033 3029 2143 3110 qui
2175 3038 2385 3090 tamen

899 3149 976 3192 ex
1026 3128 1283 3191 infinita
1324 3129 1755 3192 misericordia
1787 3128 1896 3191 Dei
1943 3129 2195 3190 tandem
2239 3146 2387 3191 vere

900 3228 1224 3309 poenituit.
1250 3229 1604 3290 Duodecim
1624 3248 1948 3288 annorum
1969 3237 2107 3287 erat
2129 3230 2387 3287 Manas-

898 3348 991 3387 ses
1039 3348 1241 3407 quum
1291 3347 1561 3404 reynare
1615 3329 1919 3405 coepz'sset,
1960 3335 2019 3385 et
2067 3327 2387 3405 quinqua-

893 3427 1081 3502 qinta
1124 3428 1410 3505 quinque
1454 3427 1648 3486 annis
1685 3426 1981 3501 reynavit
2023 3426 2089 3483 in
2129 3427 2388 3484 Jerusa-

902 3527 1044 3584 lem.
1091 3526 1266 3585 Fecit
1312 3533 1530 3584 autem
1569 3526 1819 3583 malum
1857 3542 2072 3581 coram
2110 3523 2385 3583 Domino

884 3624 1092 3700 juxta
1138 3624 1639 3683 abominationes
1681 3624 2003 3698 qenti‘um,
2041 3642 2201 3699 quas
2247 3622 2386 3680 sub-

899 3722 1090 3782 vertit
1118 3722 1436 3782 Dominus
1464 3740 1678 3780 coram
1707 3720 1869 3797 filiis
1890 3722 2116 3780 Israel.
2141 3722 2224 3779 Et
2245 3738 2385 3777 eon-

895 3840 1112 3879 versus
1143 3822 1541 3879 instauravit
1569 3823 1836 3889 excelsa,
1870 3838 2012 3896 quse
2038 3820 2383 3877 demolitus

2498 2836 2593 2889 cst
2618 2852 2633 2902 3
2666 2830 3025 2889 sectabatur
3053 2830 3361 2905 auyuria,
3388 2828 3449 2889 id
3472 2836 3567 2891 est
3594 2838 3793 2891 artem
3824 2828 3985 2891 divi-

2498 2927 2688 2989 nandi
2712 2946 2787 2989 ex
2808 2928 3071 3007 garritu,
3099 2926 3312 2989 volatu
3334 2924 3398 2989 e‘t
3423 2926 3701 2989 motibus
3720 2927 3941 2989 avium
3965 2951 3981 3001 ς

2498 3028 2801 3102 maleficis
2821 3028 3069 3086 artibus
3089 3026 3495 3094 inserviebat,
3510 3024 3570 3086 id
3591 3024 3983 3099 est.‚diversis

2497 3125 2828 3205 speciebus
2856 3124 3087 3185 artium
3111 3124 3499 3204 magicarum
3532 3124 3834 3187 intentus,
3856 3128 3986 3187 Ha-

2495 3225 2670 3282 bebat
2697 3234 2911 3283 autem
2938 3244 3151 3283 seeum
3185 3243 3400 3299 maqos
3427 3233 3485 3283 et
3525 3225 3979 3293 incantatores,

2496 3320 2604 3400 qui
2640 3320 3179 3383 incantationibus
3212 3328 3274 3382 et
3306 3320 3813 3383 invocationibus
3846 3321 3981 3382 suis

2494 3421 2809 3483 maleficis
2850 3440 3072 3481 sensus
3113 3420 3423 3483 deludunt
3464 3419 3797 3481 humanoS.
3830 3419 3981 3493 Quae

2492 3528 2705 3591 omnia
2738 3526 2995 3589 fuerunt
3028 3527 3093 3589 in
3128 3526 3265 3606 lego
3296 3526 3638 3608 prohibita,
3674 3526 3979 3607 quoniam

2494 3626 2558 3688 in
2590 3626 2869 3690 Levitico
2893 3626 3199 3707 scriptum
3232 3634 3327 3688 est
3355 3643 3368 3686 :
3397 3625 3528 3688 Non
3547 3624 3980 3703 augurabimi-

2492 3725 2581 3802 ni,
2617 3744 2733 3788 ncc
2765 3723 3185 3787 observabitis
3219 3724 3506 3796 somnia3
3544 3742 3669 3786 non
3699 3723 3981 3787 decline—

2488 3825 2569 3885 tis
2601 3824 2680 3885 ad
2712 3842 2951 3903 mag08‚
2988 3842 3103 3885 nec
3134 3822 3216 3884 ab
3244 3821 3464 3885 ariolis
3494 3821 3735 3903 aliquid
3770 3822 3985 3886 scisci-

890 3919 1110 4003 [uerat
1138 3920 1450 3979 Ezechias
1474 3928 1665 3995 pater
1690 3919 1868 3995 ejus,·
1895 3918 2381 3995 construxitque
2408 3919 2449 3982 C
2490 3922 2735 3985 temini.
2758 3925 3095 4001 Multaque
3126 3925 3298 3981 mala
3320 3931 3615 3997 operatus
3642 3930 3732 3981 est
3760 3941 3979 3981 coram

889 4037 1039 4077 aras
1087 4020 1374 4089 Baalim,
1417 4027 1476 4077 et
1523 4018 1678 4093 fecit
1728 4020 1922 4086 lucos,
1971 4026 2030 4075 et
2079 4018 2379 4077 adoravit

886 4134 1136 4175 omnem
1167 4117 1481 4175 militiam
1510 4117 1675 4185 eoeli,
1699 4124 1756 4175 et
1787 4116 1986 4175 coluit
2006 4136 2170 4175 eam.
2194 4116 2380 4175 AEdi-

885 4215 1111 4289 ficavit
1139 4234 1386 4292 quoque
1416 4215 1658 4273 altaria
1683 4216 1756 4272 in
1785 4218 1971 4273 domo
1993 4215 2287 4283 Domini,
2302 4216 2381 4273 cle

888 4330 1018 4389 qua
1057 4313 1317 4371 dixerat
1355 4313 1694 4383 Dominus,
1733 4315 1814 4373 In
1851 4316 2211 4373 Jerusalem
2255 4314 2381 4372 erit

889 4426 1120 4469 nomen
1151 4428 1363 4469 meum
1397 4410 1468 4468 in
1489 4418 1822 4470 oeternum.
1849 4412 2238 4487 AE'difi'eavz't
2270 4432 2382 4471 au-

896 4517 1018 4567 tem
1055 4527 1128 4565 ea
1175 4515 1399 4566 cuncto
1437 4510 1750 4567 exerc-itui
1798 4512 1962 4579 coeli,
2015 4511 2086 4568 in
2134 4512 2383 4569 duobus

897 4605 1090 4665 atriis
1118 4607 1345 4665 domus
1364 4607 1636 4666 Domini
1653 4631 1679 4679 ,·
1711 4609 2113 4686 transireque
2140 4609 2295 4684 feeit
2314 4612 2385 4685 fi*-

904 4704 1020 4763 lios
1065 4723 1209 4763 suos
1238 4725 1360 4783 per
1405 4707 1621 4780 ionem
1671 4707 1742 4764 in
1792 4710 1959 4765 valle
1987 4710 2379 4767 Benennom.

603 4812 868 4869 Naeuam.
899 4800 1240 4865 Exordium
1271 4801 1466 4884 hujus
1495 4802 1760 4884 capituli
1792 4812 2019 4884 quarto
2051 4804 2289 4883 Regum
2312 4804 2387 4865 li-

608 4879 799 4932 ¹“'‘⁹‘
899 4900 1013 4962 bro
1043 4900 1400 4982 expositum
1432 4909 1528 4963 est
1559 4920 1673 4983 pro
1701 4901 1973 4963 maxima
2003 4912 2205 4983 parte.

981 5002 1358 5060 observabat
1391 5002 1640 5059 somnia
1671 5000 2129 5082 superstitiose,
2164 5009 2228 5063 et
2257 5018 2385 5063 non

2490 4024 2784 4089 Domine,
2802 4030 2873 4081 ut
2896 4023 3191 4081 irritaret
3218 4040 3381 4080 eum.
3397 4022 3715 4095 Sculptile
3732 4040 3981 4099 quoque

2486 4130 2544 4181 et
2574 4122 2901 4197 conflatile
2928 4120 3191 4195 siynum
3216 4118 3436 4196 posuit
3464 4119 3536 4177 in
3555 4121 3739 4177 domo
3760 4120 3980 4177 Domi-

2487 4222 2586 4289 ni,
2616 4222 2694 4278 de
2727 4239 2859 4297 qua
2890 4222 3133 4277 loeutus
3170 4226 3258 4277 est
3290 4218 3607 4277 Dominus
3642 4218 3729 4276 ad
3758 4218 3981 4276 David

2486 4328 2545 4377 et
2576 4320 2661 4377 ad
2700 4321 3107 4378 Salomonem
3143 4318 3361 4393 filium
3398 4315 3563 4392 qius,
3592 4317 3806 4375 dicens
3834 4335 3861 4372 .·
3892 4318 3976 4375 In

2486 4419 2672 4476 domo
2733 4417 2854 4476 hae
2901 4425 2959 4476 et
3016 4417 3089 4474 in
3137 4416 3522 4483 Jerusalem,
3572 4434 3767 4491 quam
3812 4415 3979 4489 eleyi

2488 4518 2568 4575 de
2597 4517 2843 4575 cunctis
2876 4516 3166 4574 tribubus
3202 4516 3430 4583 Israel,
3465 4532 3710 4590 ponam
3746 4531 3975 4571 nomen

2490 4633 2705 4672 meum
2736 4614 2807 4671 in
2836 4614 3323 4688 sempiternum,
3354 4618 3411 4669 et
3446 4630 3690 4670 movere
3718 4628 3843 4669 non
3876 4610 3980 4686 fa-

2491 4712 2659 4770 ciam
2684 4713 2910 4787 pedem
2940 4712 3146 4771 Israel
3174 4712 3253 4769 de
3284 4718 3455 4768 terra
3486 4728 3685 4786 quam
3728 4708 3981 4767 tradidi

2491 4810 2784 4885 patribus
2826 4827 3046 4867 eorum
3068 4831 3093 4876 ,·
3128 4809 3220 4867 ita
3267 4809 3636 4876 dumtaoeat,
3674 4806 3734 4865 si
3778 4815 3981 4865 custo-

2492 4908 2739 4966 dierint
2766 4907 2978 4982 faeere
3019 4926 3162 4984 quoe
3190 4906 3472 4982 proecepi
3508 4905 3623 4971 eis,
3653 4912 3981 4963 cunctam-

2492 5026 2613 5083 que
2628 5008 2823 5081 leyem
2842 5013 2901 5063 et
2920 5005 3327 5063 caerimonias
3344 5013 3533 5080 atque
3535 5003 3819 5080 judicia,
3836 5022 3980 5081 quw

895 5097 1099 5161 solum
1141 5106 1331 5179 prout
1378 5117 1452 5160 ex
1492 5099 1887 5161 naturalibus
1927 5100 2134 5161 causis
2176 5108 2237 5163 et
2285 5119 2386 5161 na·
2414 5106 2464 5169 D
2494 5104 2807 5163 mandavi
2828 5122 2949 5177 per
2987 5122 3253 5161 manum
3288 5103 3553 5177 Moysis
3587 5102 3805 5176 Iyitur
3838 5102 3980 5159 Ma-

896 5196 1082 5257 turali
1123 5196 1408 5272 scientia,
1443 5216 1519 5258 ex
1557 5196 1864 5277 qualitate
1905 5206 1966 5260 et
2015 5198 2379 5261 exsistentia

893 5294 1287 5358 somniorum
1315 5294 1559 5376 aliquid
1593 5295 1742 5357 sciri
1773 5304 1979 5378 potest
2024 5305 2086 5359 et
2116 5297 2376 5379 conjici,

2493 5222 2701 5261 nasses
2747 5202 3006 5260 seduxit
3049 5202 3291 5259 Judam
3338 5209 3397 5260 ct
3447 5199 3828 5259 habitatores
3876 5200 3978 5257 Je-

2490 5304 2794 5369 rusalem,
2818 5308 2887 5359 ut
2924 5298 3211 5376 facerent
3248 5302 3499 5359 malum
3536 5317 3726 5375 super
3762 5316 3977 5357 omnes

4060 3649 4149 3691 Leo.
4164 3660 4227 3688 m.

4006 3713 4069 3759 2⁶,
4088 3714 4145 3751 at.

4006 4335 4055 4379 tv
4066 4336 4158 4388 Περ.
4166 4344 4231 4374 m-

4006 4403 4044 4449 7,
4064 4402 4099 4441 8.
