4309 6259
902 475 1020 539 264
1201 494 1549 541 RNARRATIO
1591 495 1652 541 IN
1693 496 1831 541 CAP-
1877 495 2074 541 xxxlu
2115 494 2276 540 LIBRI
2318 494 2569 541 SECUNDI
2610 492 3138 539 PARALIPOMENON.
3184 514 3265 525 —
3305 494 3449 541 Am.
3492 494 3691 540 xxxm

903 672 1187 746 tempore
1233 684 1378 728 suos
1413 666 1736 749 sapienter
1780 684 1853 727 ac
1895 663 2139 728 fervide
2177 665 2392 728 exhor·
2420 664 2470 727 A
2503 684 2692 747 quam
2736 684 3058 747 prospera.
3100 666 3317 746 ltaque
3356 684 3485 747 quo
3528 665 3711 747 plura
3748 674 3814 727 et
3848 683 3967 726 ma-

900 771 1135 825 tentur.
1159 764 1481 827 Postremo
1504 765 1804 827 docemur
1825 764 1953 839 hic,
1970 764 2246 845 qualiter
2267 764 2391 846 spi-

900 861 1148 923 ritualis
1182 862 1293 923 illa
1323 863 1512 925 elatio
1543 870 1605 925 et
1630 862 1833 942 gloria
1865 882 2047 937 vana,
2083 862 2389 924 insidien-

902 968 1004 1021 tur
1035 960 1380 1023 virtutibus
1409 961 1599 1023 etiam
1630 962 1696 1022 in
1727 960 1882 1023 viris
1905 960 2387 1042 perfectiS.ldeo

903 1076 1153 1139 semper
1184 1078 1374 1140 super
1395 1060 1746 1122 custodiam
1780 1068 2058 1121 nostram
2091 1067 2257 1121 stare
2289 1060 2390 1121 de-

637 1170 870 1219 natum,
902 1156 1129 1218 bemus
1156 1166 1218 1219 et
1249 1178 1388 1220 esse
1417 1158 1698 1235 solliciti,
1725 1178 1804 1220 ne
1825 1178 2194 1239 peccemus;
2228 1165 2288 1220 et
2320 1158 2388 1219 in

611 1236 628 1275 1

608 1360 676 1410 27,
695 1359 737 1402 4.

637 1264 794 1338 'scota
815 1308 871 1346 ,αἱ
901 1255 1004 1317 die
1037 1256 1374 1333 bonorum,
1409 1276 1722 1320 memores
1753 1276 1892 1319 esse
1923 1257 2226 1319 debemus
2266 1277 2389 1319 ma-

902 1354 1125 1417 lorum.
1146 1356 1361 1436 Neque
1383 1356 1446 1416 in
1469 1356 1571 1417 die
1592 1356 1852 1419 honoris
1885 1355 1980 1416 sui
2005 1355 2192 1418 debet
2224 1356 2389 1435 quis-

903 1472 1096 1533 quam
1147 1453 1390 1530 extolli,
1429 1454 1556 1516 imo
1609 1462 1756 1517 tunc
1794 1454 1995 1534 magis
2045 1452 2388 1517 formidare

803 1580 810 1584 ·
902 1551 1095 1614 debet
1125 1553 1370 1615 occulta
1404 1553 1641 1633 judicia
1675 1552 1805 1628 Dei,
1842 1552 1955 1634 qui
1996 1554 2214 1615 electis
2254 1554 2385 1617 suis

903 1649 970 1713 in
1002 1649 1120 1712 hac
1140 1650 1269 1713 vita
1301 1651 1501 1731 magis
1533 1651 1692 1715 solet
1722 1652 2066 1713 concedere
2094 1653 2380 1727 adversa,

2497 766 2635 845 jora
2666 785 2700 826 a
2738 765 2863 827 Deo
2901 766 3065 827 dona
3105 764 3309 828 sortiti
3352 764 3686 840 fuerimuS‚
3722 782 3797 826 eo
3834 763 3967 845 plus

2499 864 2794 944 subjecti,
2818 864 2979 943 grati
3013 873 3071 926 et
3105 863 3379 925 humiles
3410 882 3549 925 esse
3576 862 3889 936 dehemus
3912 872 3967 924 et

2496 981 2685 1025 omne
2716 963 2953 1025 bonum
2987 971 3119 1026 toto
3146 964 3337 1026 corde
3368 962 3491 1025 Deo
3520 961 3891 1037 adscribere,
3913 970 3967 1023 et

2490 1062 2669 1144 juxta
2706 1062 3023 1125 beneficia
3057 1082 3197 1144 quae
3228 1061 3605 1143 recepimuS‚
3643 1079 3758 1143 pro
3796 1080 3967 1142 posse

2498 1159 2868 1222 retribuere.
2892 1160 3143 1222 Etenim
3174 1160 3228 1221 si
3262 1168 3473 1221 tantus
3494 1158 3591 1220 vir
3610 1157 3701 1219 sic
3730 1156 3964 1233 cecidit,

2496 1258 2641 1338 quis
2672 1266 2879 1340 potest
2909 1278 3047 1321 esse
3080 1260 3384 1321 securus?
3415 1257 3558 1319 Ideo
3596 1276 3673 1319 ex
3706 1255 3967 1318 aliorum

2494 1356 2703 1434 laude,
2741 1356 2907 1419 fama
2939 1366 3001 1419 et.
3030 1356 3427 1439 reputatione
3454 1372 3852 1436 nequaquam
3884 1354 3969 1415 in-

2494 1456 2700 1516 aniter
2748 1456 3115 1535 gloriemur,
3164 1457 3273 1519 sed
3314 1455 3737 1531 attendamuS‚
3784 1472 3965 1533 quam

2494 1554 2883 1616 horrendum
2928 1556 3011 1617 sit
3048 1555 3331 1618 incidere
3368 1553 3433 1615 in
3472 1571 3700 1614 manus
3736 1551 3845 1615 Dei
3880 1550 3968 1614 vi·
3992 1574 4207 1618 Beonan.

2493 1651 2721 1714 ventis,

1888 2068 2533 2155 ARTICULUS
2610 2071 2999 2155 XXXIII

1182 2348 1499 2393 EXPOSITIO
1543 2346 1815 2392 CAPITULI
1859 2345 2161 2391 TRICESIMI
2202 2345 2401 2390 TERTII
2444 2346 2457 2389 :
2505 2345 2809 2390 DUODEcm
2852 2345 3143 2391 ANNORUM
3190 2346 3347 2390 ERAT
3389 2347 3705 2392 MANASSES

2013 2445 2176 2497 Quum
2220 2444 2503 2488 REGNARE
2546 2443 2874 2489 COEPISSET.

1041 2727 1088 2788 T
1120 2728 1412 2809 opposita
1441 2728 1619 2808 juxta
1662 2745 1729 2789 se
1769 2725 1996 2807 posita,
2029 2724 2387 2787 evidentius
2420 2724 2466 2784 B
2500 2731 2687 2803 prout
2726 2724 2803 2785 de
2852 2723 2970 2785 hoc
3010 2723 3075 2785 in
3118 2723 3409 2805 pluribus
3452 2723 3607 2786 locis
3648 2732 3981 2787 tractatum

1060 2826 1484 2903 innotescant,
1521 2833 1667 2907 post
1709 2824 2202 2906 descriptionem
2242 2823 2388 2886 vitae

900 2931 965 2987 ct
991 2923 1472 3003 gubernationis
1505 2924 1728 3005 optimi
1761 2922 2062 2996 Ezechiae‚
2099 2922 2389 3003 sequitur

901 3022 1166 3084 historia
1188 3022 1658 3085 sceleratissimi
1682 3021 1807 3083 filii
1830 3023 1969 3103 ejus
1995 3040 2008 3082 t
2034 3022 2144 3103 qui
2178 3030 2385 3083 tamen

900 3139 976 3183 ex
1025 3119 1284 3182 infinita
1323 3120 1756 3184 misericordia
1787 3120 1898 3183 Dei
1945 3121 2196 3182 tandem
2241 3138 2389 3183 vere

901 3219 1224 3302 poenituit.
1252 3222 1602 3281 Duodecim
1625 3240 1948 3280 annorum
1970 3230 2108 3279 erat
2129 3223 2389 3279 Manas-

898 3340 990 3378 ses
1039 3340 1241 3398 quum
1291 3339 1561 3396 reynare
1616 3322 1919 3397 coepisset,
1961 3328 2020 3378 et
2068 3320 2389 3397 quinqua-

893 3418 1084 3493 qinta
1123 3420 1410 3497 quinque
1454 3420 1648 3478 annis
1686 3419 1982 3494 reynavit
2023 3420 2092 3476 in
2129 3420 2390 3477 Jerusa-

901 3519 1044 3576 lem.
1091 3519 1267 3576 Fecit
1312 3526 1530 3576 autem
1571 3519 1820 3576 malum
1857 3535 2070 3575 coram
2110 3516 2386 3575 Domino

883 3615 1091 3691 juxta
1138 3617 1640 3679 abominationes
1681 3617 2003 3691 yentium,
2041 3634 2201 3693 quas
2247 3615 2387 3672 sub-

899 3714 1089 3773 vertit
1119 3715 1436 3774 Dominus
1464 3732 1676 3773 eoram
1707 3714 1869 3790 filiis
1890 3715 2115 3773 Israel.
2141 3715 2225 3773 Εἰ
2245 3731 2385 3771 eon-

895 3832 1112 3871 versus
1142 3814 1541 3872 instauravit
1569 3816 1836 3883 eaecelsa,
1870 3831 2012 3889 quse
2039 3813 2384 3871 demolitus

2499 2828 2595 2883 est
2620 2844 2633 2895 3
2668 2824 3027 2882 sectabatur
3055 2824 3362 2899 auyuria,
3388 2822 3450 2884 id
3473 2829 3568 2884 est
3596 2831 3797 2885 artem
3829 2824 3985 2885 divi-

2498 2920 2690 2981 nandi
2714 2939 2788 2983 ex
2809 2921 3073 3000 garritu,
3099 2920 3313 2983 volatu
3336 2918 3399 2983 c't
3425 2920 3702 2984 motibus
3722 2922 3941 2985 avium
3964 2946 3979 2995 3

2500 3021 2802 3095 maleficis
2823 3021 3072 3079 artibus
3090 3020 3495 3087 inserviebat,
3510 3018 3569 3080 id
3593 3018 3982 3093 cst-,diversis

2497 3117 2829 3198 speciebus
2858 3118 3089 3179 artium
3114 3118 3499 3198 magicarum
3532 3118 3838 3181 intentus.
3860 3124 3985 3181 Ηα-

2496 3218 2671 3275 bebat
2698 3227 2913 3277 aulem
2941 3238 3152 3277 seeum
3187 3236 3399 3293 mayos
3428 3227 3487 3277 et
3526 3220 3979 3289 incantatores,

2496 3313 2605 3393 qui
2642 3314 3181 3376 incantationibus
3212 3322 3275 3376 et
3307 3314 3817 3377 invocationibus
3850 3317 3981 3377 suis

2496 3414 2809 3477 maleficis
2850 3434 3073 3475 sensus
3114 3414 3427 3477 deludunt
3464 3414 3799 3477 humanos
3834 3415 3979 3489 Quae

2493 3522 2707 3584 omnia
2739 3520 2997 3582 fuerunt
3030 3522 3094 3582 in
3128 3521 3265 3601 lege
3296 3520 3638 3603 prohibita,
3672 3522 3979 3601 quoniam

2494 3619 2559 3681 in
2591 3620 2870 3682 Levitico
2894 3620 3201 3701 script-um
3234 3628 3329 3682 est
3356 3638 3369 3680 :
3396 3620 3525 3681 Non
3547 3619 3979 3697 augurabimi·
4054 3644 4213 3685 Lam.

2492 3718 2581 3795 ni,
2618 3737 2732 3781 nec
2764 3717 3186 3783 observabitis
3219 3718 3465 3781 somnia
3492 3742 3506 3791 ;
3544 3736 3668 3781 non
3699 3719 3981 3782 decline-
4004 3709 4135 3753 ²⁶³¹·

2489 3818 2570 3879 tis
2601 3817 2680 3879 ad
2713 3836 2952 3897 magOS‚
2988 3836 3105 3879 nec
3134 3816 3216 3878 ab
3246 3816 3463 3879 ariolis
3492 3815 3736 3897 aliquid
3770 3818 3982 3881 scisci-

889 3910 1108 3995 [uerat
1137 3912 1450 3971 Ezechias
1473 3920 1664 3987 pater
1690 3912 1829 3987 ejus
1842 3934 1868 3981 ,·
1895 3913 2381 3988 construoeitque
2408 3912 2449 3975 C
2492 3916 2735 3977 temini.
2758 3918 3095 3995 Multaque
3126 3919 3299 3975 mala
3320 3925 3614 3992 operatus
3642 3925 3731 3977 est
3760 3936 3979 3977 coram

889 4028 1038 4068 aras
1087 4011 1374 4080 Baalim,
1416 4019 1476 4069 et
1523 4010 1678 4086 fecit
1728 4013 1922 4079 lucos,
1971 4018 2030 4068 et
2079 4011 2379 4070 adoravit

885 4126 1136 4166 omnem
1167 4108 1481 4167 militiam
1510 4110 1674 4178 ca’li,
1698 4118 1756 4167 et
1787 4109 1986 4167 coluit
2005 4128 2169 4168 eam.
2192 4109 2379 4169 AEdi-

884 4206 1109 4280 ficavit
1139 4225 1386 4284 quoque
1415 4208 1660 4265 altaria
1683 4207 1755 4264 in
1785 4209 1971 4266 domo
1993 4208 2287 4275 Domini,
2302 4209 2380 4265 de

887 4323 1018 4381 qua
1056 4304 1316 4365 dixerat
1354 4304 1694 4375 Dominus,
1733 4307 1811 4365 In
1852 4308 2211 4365 Jerusalem
2254 4307 2379 4365 erit

888 4420 1118 4461 nomen
1151 4421 1363 4461 meum
1397 4402 1468 4461 in
1487 4412 1822 4463 aeternum.
1849 4406 2237 4481 ‘Edificavil
2268 4424 2381 4464 au-

895 4509 1017 4559 tem
1053 4518 1128 4557 ea
1173 4509 1397 4559 cuncto
1436 4502 1751 4561 eoeercitui
1797 4504 1962 4572 coeli,
2015 4504 2085 4562 in
2133 4505 2382 4562 duobus

896 4598 1089 4657 atriis
1117 4599 1345 4657 domus
1364 4600 1635 4659 Domini
1653 4623 1678 4671 ,·
1711 4602 2112 4679 transireque
2139 4602 2294 4677 feeit
2312 4606 2383 4680 fi-

903 4697 1019 4755 lios
1063 4715 1208 4755 suos
1237 4717 1359 4775 per
1403 4698 1620 4772 iynem
1668 4700 1740 4757 in
1791 4702 1958 4758 valle
1986 4704 2376 4761 Benennom.

2492 4017 2680 4075 Domi
2684 4036 2785 4083 n0,
2801 4025 2872 4075 ut
2897 4016 3190 4075 irritaret
3218 4035 3381 4075 eum.
3397 4016 3713 4090 Sculptile
3730 4036 3981 4095 quoque

2486 4123 2544 4173 et
2574 4116 2900 4190 conflatile
2926 4114 3189 4189 siynum
3214 4114 3435 4191 posuit
3463 4115 3535 4172 in
3555 4115 3739 4172 domo
3760 4116 3981 4173 Domi-

2488 4214 2586 4282 ni,
2615 4214 2694 4271 de
2727 4233 2858 4290 qua
2889 4216 3133 4272 locutus
3170 4221 3259 4271 est
3293 4212 3604 4271 Dominus
3640 4214 3729 4270 ad
3757 4214 3979 4272 David

2485 4321 2545 4371 et
2574 4314 2661 4371 ad
2700 4314 3106 4372 Salomonem
3143 4313 3361 4387 filium
3398 4311 3562 4387 eju-3,
3590 4312 3810 4370 dicens
3842 4332 3866 4370 .·
3896 4314 3977 4371 In
4004 4331 4217 4383 [viteam.

2486 4413 2671 4469 domo
2732 4409 2854 4470 hac
2900 4420 2959 4469 et
3016 4411 3089 4469 in
3137 4412 3521 4477 Jerusalem,
3570 4429 3767 4486 quam
3818 4410 3979 4485 eleyi
4004 4398 4039 4443 ⁷·
4058 4397 4093 4435 ⁸·

2488 4511 2567 4569 de
2596 4510 2841 4568 cunctis
2876 4510 3165 4569 tribubus
3202 4510 3429 4577 Israel,
3464 4528 3707 4585 ponam
3744 4528 3977 4567 nomen.

2490 4627 2703 4666 meum
2736 4608 2806 4665 in
2836 4608 3322 4683 sempiternum,
3352 4613 3411 4663 et
3444 4625 3687 4664 movere
3716 4624 3849 4665 non
3880 4607 3979 4683 sa-

2489 4706 2659 4763 ciam
2684 4706 2909 4780 pedem
2939 4707 3146 4766 Israel
3174 4706 3252 4763 de
3284 4713 3454 4763 terra
3485 4723 3681 4781 quam
3727 4706 3980 4763 tradidi

604 4803 868 4860 Why-111.
897 4792 1240 4856 Exordium
1270 4794 1464 4875 hujus
1494 4795 1760 4877 capituli
1792 4806 2018 4878 quarto
2051 4798 2285 4878 Regum
2310 4798 2384 4860 li-

606 4870 799 4923 ¹“⁸⁶⁹‘
897 4892 1013 4955 bro
1043 4892 1398 4974 expositum
1430 4901 1526 4955 cst
1557 4912 1672 4975 pro
1701 4895 1972 4957 maxima
2004 4905 2205 4977 parte.
2489 4902 2737 4962 dierint
2764 4902 2977 4978 facere
3019 4921 3161 4979 quae
3190 4901 3471 4977 proecepi
3507 4900 3620 4966 eis,
3651 4909 3979 4959 cunctam-

979 4993 1354 5052 Observabat
1390 4996 1639 5053 somnia
1671 4992 2128 5075 superstitiose,
2164 5002 2227 5057 et
2256 5014 2383 5058 non
2490 5004 2821 5078 quc?leyt’m
2840 5008 2900 5059 et
2920 5001 3325 5059 eoerimonias
3342 5008 3531 5075 atque
3533 4998 3823 5074 judicia,
3840 5018 3979 5077 φατι

893 5088 1098 5151 solum
1140 5098 1329 5171 prout
1376 5110 1450 5152 ex
1491 5092 1886 5153 naturalibus
1926 5093 2134 5155 causis
2175 5102 2237 5155 et.
2283 5113 2384 5155 na·
2414 5101 2463 5161 D
2492 5100 2804 5157 mandavi
2828 5117 2949 5173 per
2986 5117 3251 5157 manum
3286 5098 3550 5173 Moysis.
3584 5096 3808 5171 Iyitur
3838 5098 3977 5157 Ma-

893 5186 1080 5248 turali
1122 5187 1408 5265 scicntia,
1442 5208 1518 5250 cx
1556 5190 1864 5269 qualitate
1903 5198 1966 5252 ct
2013 5192 2379 5253 exsistentia
2491 5216 2698 5254 nasses
2744 5197 3003 5255 secluoeit
3049 5197 3289 5254 Judam
3337 5204 3395 5254 et
3444 5195 3831 5255 habitatores
3878 5196 3976 5253 Je-

892 5286 1284 5349 somniorum
1314 5286 1559 5368 aliquid
1592 5287 1739 5350 sciri
1772 5296 1978 5370 potest
2023 5297 2086 5351 ot
2115 5290 2374 5371 conjici,
2488 5297 2791 5364 rusalem,
2815 5304 2885 5353 ut
2922 5295 3209 5371 facerent
3246 5296 3497 5353 malum
3532 5312 3723 5370 super
3760 5312 3975 5353 omnes

2489 4804 2783 4880 patribus
2824 4822 3045 4862 eorum
3067 4826 3092 4872 ,·
3128 4804 3221 4863 ita
3266 4804 3633 4871 dumtaxat,
3672 4802 3732 4859 si
3776 4811 3981 4861 custo-
