4309 6259
893 491 1014 555 286
2040 510 2331 557 arisi-om
2372 508 2837 557 nuncupa-roma

889 684 1371 767 gratissimum,
1406 685 1472 747 et
1497 684 1768 766 penitus
1801 684 1940 748 tuis
1983 685 2055 749 in
2089 703 2215 749 nos
2254 686 2509 750 meritis
2538 703 2788 768 parem,
2830 686 3124 749 attamen
3160 702 3292 749 non
3330 684 3665 766 ingratum
3705 680 3969 746 omnino

888 791 1302 855 ostenderem
1337 811 1350 851 :
1385 808 1587 871 quare
1617 807 1733 873 pro
1766 809 1912 855 mea
1947 792 2319 857 incredibili
2354 793 2423 855 in
2453 794 2518 856 te
2544 792 2815 855 caritate
2844 793 2951 856 vel
2977 792 3222 873 pietate
3248 791 3495 873 potius,
3525 789 3695 854 nihil
3725 788 3846 852 tibi
3874 788 3971 851 vel

885 900 1139 980 gratius
1165 898 1272 961 vel
1301 898 1642 980 acceptius
1672 899 2012 982 obtingere
2050 918 2244 982 posse
2280 900 2621 982 perpendi,
2654 917 2857 981 quam
2900 916 3127 963 earum
3167 898 3581 962 heroicarum
3622 896 3973 959 mulierum

886 1006 1336 1086 incorruptam
1373 1006 1584 1069 vitam
1609 1006 1732 1069 tibi
1761 1006 2015 1086 offerre,
2036 1023 2190 1071 cum
2214 1007 2460 1089 quibus
2487 1025 2624 1070 non
2652 1006 2902 1088 absque
2932 1006 3207 1071 numine
3236 1006 3469 1069 divum
3500 1005 3623 1068 tibi
3651 1003 3979 1085 permulta

886 1112 1310 1193 contigerunt
1350 1114 1757 1192 communia,
1801 1114 1867 1177 et
1907 1114 1977 1177 in
2020 1114 2266 1196 quibus
2302 1116 2488 1178 tuam
2534 1114 2747 1196 ipsius
2784 1114 2990 1177 vitam
3032 1114 3351 1193 tanquam
3396 1113 3467 1176 in
3506 1110 3777 1194 speculo
3814 1126 3978 1173 con-

886 1220 1197 1301 templari
1231 1220 1472 1301 possis.
1515 1219 1899 1284 Clarissimo
1950 1222 2097 1285 loco
2148 1222 2309 1285 ortae
2361 1224 2521 1286 sunt
2564 1241 2579 1282 :
2626 1238 2841 1302 neque
2890 1223 3004 1285 tua
3045 1222 3359 1302 progenie
3393 1218 3724 1300 Principis
3766 1216 3977 1281 nostri

884 1328 1078 1405 ditio,
1118 1328 1486 1409 quidquam
1525 1329 1725 1392 habet
1755 1329 2105 1393 illustrius.
2137 1330 2398 1394 Pietate
2432 1330 2729 1411 insignes
2760 1328 2941 1393 fuere
2978 1350 2991 1391 :
3026 1330 3094 1391 et
3118 1330 3235 1391 tua
3263 1328 3509 1409 ubique
3534 1328 3637 1392 est
3658 1327 3730 1390 in
3758 1326 3977 1390 Deum

885 1436 949 1497 et
977 1436 1284 1499 homines
1309 1437 1664 1518 praedicata
1691 1436 1927 1518 pietas.
1945 1436 2122 1511 Quid
2151 1438 2333 1501 enim
2364 1455 2508 1502 esse
2544 1438 2786 1520 potest,
2804 1437 2983 1518 quod
3008 1435 3133 1499 tibi
3157 1436 3373 1516 magis
3410 1436 3749 1517 congruat,
3773 1449 3977 1515 quam

883 1542 1113 1606 audire
1150 1543 1410 1621 Judith,
1453 1560 1696 1624 magna
1734 1544 1890 1608 vitae
1927 1545 2345 1623 castimonia,
2385 1545 2672 1626 praelatae
2717 1543 3065 1608 viduitatis
3106 1561 3277 1608 onus
3313 1544 3737 1621 sustinuisse,
3780 1541 3977 1621 cuius

884 1648 1233 1713 humilitas
1268 1650 1716 1732 Holophernis
1759 1654 1960 1734 caput
2009 1652 2090 1716 de
2137 1652 2380 1716 mediis
2423 1651 2731 1716 hostibus
2778 1652 3161 1733 reportavit,
3210 1654 3277 1716 et
3324 1652 3596 1715 castitas
3644 1650 3975 1713 truncavit

881 1756 1282 1822 libidinem?
1317 1757 1776 1823 Mardochaeus
1808 1761 1874 1823 et
1901 1760 2142 1824 Esther
2173 1760 2343 1824 inter
2375 1776 2761 1843 purpuram,
2804 1759 3091 1823 sericum
3132 1759 3198 1822 et
3243 1776 3564 1840 gemmaS,
3596 1758 3971 1839 superbiam

883 1863 1261 1929 humilitate
1292 1866 1595 1930 vicerunt
1625 1886 1639 1927 z
1674 1868 1973 1948 tantique
2003 1867 2275 1932 fuerunt
2302 1868 2548 1949 meriti,
2570 1870 2647 1930 ut
2668 1867 2917 1949 captivi
2944 1865 3309 1930 victoribus
3335 1866 3754 1949 imperarent.
3790 1864 3972 1939 Quos

883 1972 952 2033 et
985 1972 1060 2034 tu
1089 1972 1360 2053 quidem
1399 1973 1627 2037 divino
1665 1975 1953 2055 quodam
1993 1975 2201 2039 ductu
2246 1974 2483 2069 referre
2518 1974 2789 2039 videris.
2828 1974 2999 2038 Nam
3046 1975 3230 2037 tanta
3274 1972 3483 2037 animi
3530 1970 3853 2036 modestia
3898 1988 3971 2033 ac

881 2078 1229 2142 humilitas
1259 2081 1376 2143 tua
1412 2082 1536 2162 est,
1571 2083 1649 2144 ut
1680 2083 2163 2163 perhumanam
2186 2100 2260 2146 ac
2288 2082 2554 2146 facilem
2590 2083 2655 2145 te
2693 2081 3055 2164 praedicent
3081 2097 3158 2144 ac
3189 2080 3484 2145 sentiant
3516 2097 3649 2144 uno
3680 2097 3789 2144 ore
3826 2096 3970 2143 me-

882 2184 1138 2250 diocres
1187 2204 1440 2251 omnes.
1481 2188 1626 2252 Tua
1661 2189 1774 2252 illa
1811 2190 2091 2254 illustris
2132 2189 2448 2271 dignitas,
2491 2190 2682 2257 clarae
2731 2188 2897 2252 aviti
2941 2188 3201 2270 generis
3242 2190 3591 2270 imagineS,
3632 2204 3781 2268 quae
3822 2187 3971 2251 aliis

880 2294 1183 2358 animum
1219 2295 1656 2377 subrigerent‚
1700 2296 1842 2360 haec
1881 2297 2002 2360 tibi
2045 2297 2315 2361 virtutis
2351 2298 2643 2362 colendae
2690 2298 3171 2361 incrementum
3220 2296 3667 2379 suppeditant,
3698 2294 3969 2358 omnino

881 2416 1036 2464 cum
1073 2401 1490 2467 Mardochaeo
1539 2404 1604 2467 et
1650 2404 1892 2467 Esther
1927 2406 2370 2485 arrogantiam
2424 2404 2806 2468 humilitate
2859 2403 3259 2481 devincenti,
3300 2421 3450 2485 quae
3485 2403 3628 2466 sola
3670 2418 3793 2465 nos
3828 2401 3969 2465 Deo

881 2508 1193 2572 conciliat
1227 2526 1303 2573 ac
1330 2511 1554 2591 lapsos
1593 2510 1808 2591 erigit.
1843 2510 2082 2588 Quare,
2122 2512 2544 2576 nobilissima
2587 2511 2810 2576 herois
2847 2512 3019 2575 inter
3062 2527 3294 2575 omnes
3340 2510 3545 2590 hujus
3580 2509 3813 2572 saeculi
3849 2510 3968 2572 he-

876 2614 1092 2679 roicas
1134 2615 1440 2695 feminas,
1489 2632 1566 2680 ac
1607 2618 1832 2680 nostra
1868 2620 2144 2699 patrona
2183 2620 2404 2697 unica,
2436 2637 2645 2700 quum
2675 2620 2769 2682 ita
2800 2619 2976 2699 apud
3006 2636 3238 2682 omnes
3266 2620 3383 2681 tua
3416 2617 3669 2681 naturae
3706 2616 3969 2679 bonitas

876 2722 1274 2803 praedicetur
1303 2724 1368 2787 et
1397 2724 1806 2788 incredibilis
1844 2725 2230 2791 humanitas
2260 2729 2397 2806 tua,
2426 2743 2559 2807 qua
2588 2718 2654 2789 e't
2682 2727 2867 2789 tuam
2905 2726 3120 2807 ipsius
3158 2726 3371 2789 vincis
3411 2723 3965 2806 magnitudinem,

875 2846 1068 2911 spero
1109 2832 1382 2895 omnino
1423 2831 1726 2896 futurum
1772 2834 1846 2896 ut
1885 2850 2008 2915 ego
2057 2835 2197 2898 tam
2235 2834 2436 2898 alacri
2476 2834 2703 2898 animo
2745 2835 2890 2898 haec
2928 2834 3053 2897 tibi
3090 2834 3417 2915 porrigere
3456 2849 3531 2895 ac
3568 2832 3802 2895 offerre
3838 2849 3969 2896 non

878 2937 1156 3018 possim,
1186 2939 1349 3019 quin
1381 2942 1454 3002 tu
1484 2940 1793 3005 hilariore
1825 2940 2040 3005 fronte
2069 2943 2214 3005 haec
2238 2942 2531 3024 excipias
2568 2942 2650 3005 ab
2678 2958 2779 3021 e0,
2814 2941 2933 3023 qui
2961 2942 3021 3004 si
3060 2942 3243 3005 nulla
3279 2942 3409 3004 alia
3442 2939 3513 3004 in
3543 2958 3611 3004 re
3638 2939 3758 3002 tibi
3789 2940 3969 3003 vices

875 3045 1232 3125 rependere
1259 3048 1480 3127 queat,
1514 3048 1687 3111 certe
1717 3047 1885 3111 nulli
1915 3050 2137 3113 tamen
2173 3048 2385 3112 officio
2419 3066 2632 3129 neque
2668 3049 2891 3114 studio
2923 3064 3231 3113 cessurus
3259 3048 3381 3111 est.
3400 3048 3563 3111 Vale
3598 3047 3670 3110 in
3705 3045 3966 3109 Christo

875 3152 1061 3229 Jesu‚
1092 3152 1210 3234 qui
1241 3155 1424 3218 tuam
1454 3154 1655 3218 istam
1693 3156 2141 3220 valetudinem
2183 3157 2299 3220 diu
2334 3156 2526 3220 nobis
2554 3157 2769 3220 servet
2804 3156 3231 3221 incolumem.
3272 3156 3373 3218 Ex
3410 3154 3712 3219 Cartusia
3742 3157 3969 3219 nostra

876 3257 1300 3323 Lovaniensi.
1335 3260 1528 3325 Anno
1566 3262 2010 3326 MDXXXIV.
