4309 6259
632 2063 716 2107 Job
743 2076 842 2113 xxx,

581 2130 649 2179 20,
670 2129 737 2169 21.

584 3338 723 3381 Hebr.
735 3341 848 3389 xu‚¹.

587 3739 621 3783 11
641 3741 746 3785 Cor.
765 3754 792 3792 1,
810 3744 850 3785 8.

865 475 984 539 408

1719 489 2069 537 ENARRATIO
2110 489 2173 535 m
2215 489 2351 535 CAP-
2388 488 2471 533 vn
2510 488 2636 534 1013.
2680 506 2762 517 --
2802 488 2944 533 Am.
2992 489 3097 535 xlx

867 672 990 726 tuae
1013 662 1322 727 voluntati
1353 683 1425 726 ac
1457 664 1581 743 legi
1614 682 1724 745 per
1755 661 2050 742 culpam?
2081 660 2147 720 111
2176 657 2351 721 0111111
2381 659 2433 720 Α
2464 658 2653 719 etiam
2702 677 2897 739 parva
2945 668 3203 741 peccata
3247 659 3491 723 deflent
3533 679 3606 722 ac
3649 668 3935 742 reputant

867 763 1038 826 enim
1072 770 1328 844 peccato
1363 771 1460 825 est
1487 762 1750 842 quidam
1790 778 2074 823 recessus
2105 777 2143 819 a
2170 757 2355 820 recti-

869 861 1089 923 tudine
1127 861 1473 923 voluntatis
1512 860 1745 923 divinae
1783 866 1975 939 atque
2011 856 2092 919 ab
2131 856 2355 919 ordine

869 957 1197 1040 sapientiae
1228 958 1360 1035 Dei,
1385 965 1449 1019 et
1478 977 1515 1018 a
1545 954 1888 1020 dictamine
1920 974 2032 1018 seu
2066 954 2353 1017 doctrina

868 1056 1028 1137 legis
1059 1056 1365 1117 naturalis
1397 1063 1504 1117 aut
1535 1054 1785 1137 scriptae
1814 1054 1915 1118 vel
1947 1052 2351 1132 evangelicas.

867 1156 1057 1218 Porro
1097 1156 1205 1235 qui
1248 1163 1489 1237 peccat,
1524 1154 1705 1237 ponit
1741 1162 1804 1217 et
1847 1152 2000 1216 facit
2037 1172 2103 1215 se
2143 1152 2355 1235 ipsum

869 1254 995 1316 Deo
1038 1254 1447 1330 contrarium,
1481 1252 1962 1315 dissentientem
1991 1270 2103 1314 seu
2134 1251 2357 1334 displi-

870 1361 1140 1414 centem.
1175 1352 1390 1433 Itaque
1417 1370 1492 1414 eo
1524 1352 1710 1413 modo
1743 1350 1923 1432 ponit
1960 1350 2124 1412 Deus
2158 1349 2356 1412 homi-

871 1468 1016 1511 nem
1047 1449 1170 1511 sibi
1201 1449 1613 1525 contrarium,
1639 1449 1957 1529 quomodo
1986 1448 2221 1510 dicitur
2250 1448 2357 1510 ho-

869 1547 1105 1609 minem
1128 1548 1441 1623 indurare,
1459 1546 1752 1609 videlicet
1770 1546 2072 1628 quoniam
2093 1548 2357 1627 gratiam

871 1667 998 1710 non
1046 1648 1328 1728 largitur.
1360 1649 1570 1711 Potest
1611 1656 1674 1710 et
1718 1647 1802 1709 ita
1846 1646 2074 1728 exponi
2110 1664 2123 1706 :
2157 1645 2357 1720 Quare

871 1746 1140 1829 posuisti
1191 1766 1293 1810 me
1339 1747 1726 1809 contrarium
1779 1745 1939 1808 tibi?
1978 1746 2043 1808 id
2093 1752 2210 1822 est,
2255 1763 2358 1806 me

2462 757 2649 837 quasi
2678 776 2941 837 magna;
2980 758 3200 840 sicque
3228 759 3511 841 loquitur
3536 758 3673 822 Joh.
3698 758 3935 821 Praeter-

2464 875 2536 918 ca
2574 857 3027 935 contuendum,
3062 860 3232 939 quod
3272 868 3399 921 tam
3434 860 3738 921 audenter
3764 877 3838 920 ac
3866 857 3935 919 fi-

2464 956 2800 1019 ducialiter
2846 955 3129 1038 loquitur
3174 957 3323 1035 Deo,
3356 977 3484 1021 non
3527 976 3603 1020 ex
3646 957 3932 1033 elatione,

2463 1056 2981 1138 praesumptione,
3019 1056 3415 1139 impatientia
3458 1066 3569 1120 aut
3614 1057 3943 1119 temeraria

2464 1154 2826 1216 divinorum
2857 1154 3244 1235 judiciorum
3276 1156 3693 1237 inquisitione
3718 1165 3828 1218 aut
3856 1174 3940 1218 re-

2468 1252 2933 1335 prehensione3
2983 1256 3093 1317 sed
3140 1255 3351 1337 potius
3397 1275 3474 1318 ex
3520 1256 3793 1336 quadam
3842 1255 3941 1335 pia

2466 1352 2725 1433 querela
2755 1361 2818 1414 et
2847 1352 3075 1415 humili
3116 1354 3555 1431 admiratione,
3590 1354 3720 1418 imo
3750 1373 3826 1417 ex
3850 1354 3941 1416 af-

2468 1450 2764 1513 fectionis
2813 1451 3252 1531 magnitudine
3294 1452 3597 1515 virtuosa.
3631 1452 3818 1526 Quasi
3852 1452 3941 1515 di-

2466 1558 2567 1613 cat
2616 1568 2629 1611 :
2677 1549 2931 1612 Utinam
2979 1569 3105 1613 non
3154 1552 3475 1633 posuisses
3522 1571 3624 1615 me
3668 1552 3787 1615 tibi
3836 1572 3942 1635 per

2468 1657 2725 1731 peccata
2754 1650 3159 1727 contrarium,
3178 1658 3240 1712 et
3268 1650 3511 1712 utinam
3542 1670 3795 1715 omnem
3825 1652 3943 1715 cul-

2468 1768 2614 1830 pam
2645 1766 2849 1810 meam
2878 1747 3186 1811 auferres,

872 1846 1054 1925 quasi
1098 1845 1526 1907 adversarium
1572 1844 1851 1908 habuisti
1893 1853 1957 1907 et
1997 1843 2353 1919 ostendisti,
2394 1846 2441 1908 B
2548 1850 2709 1907 Ecce
2736 1867 2913 1907 nunc
2940 1850 3013 1906 in
3041 1852 3311 1924 pulvere
3346 1851 3692 1921 dormiam,
3726 1849 3789 1911 id
3829 1859 3939 1923 est,

874 1944 1024 2005 dum
1054 1962 1154 2005 me
1185 1952 1312 2005 tam
1349 1944 1623 2024 graviter
1663 1943 2055 2027 percussisti.
2089 1943 2267 2005 Unde
2298 1951 2359 2005 et

873 2041 1042 2104 infra
1071 2042 1186 2105 Job
1219 2043 1501 2123 loquitur
1527 2044 1653 2106 Deo
1691 2062 1702 2105 :
1741 2044 1869 2120 Sto,
1902 2051 1966 2106 et
1995 2061 2121 2105 non
2163 2042 2361 2124 respi-

873 2142 965 2205 cis
994 2161 1116 2205 me.
1151 2142 1418 2204 Mutatus
1448 2161 1514 2204 es
1545 2142 1704 2204 mihi
1735 2142 1800 2203 in
1832 2141 2176 2217 crudelem,
2202 2149 2264 2203 et
2294 2142 2358 2202 in

874 2240 1107 2303 duritia
1136 2260 1363 2303 manus
1397 2249 1518 2303 tuae
1546 2241 1902 2304 adversaris
1933 2240 2112 2302 mihi.
2149 2244 2233 2301 Ει
2260 2244 2362 2320 fa-

873 2350 1010 2401 ctus
1045 2361 1190 2401 sum
1233 2341 1656 2419 mihimetipsi
1687 2342 1942 2417 yravis,
1979 2358 2093 2422 per
2139 2357 2361 2421 poenas

874 2450 1032 2520 quas
1073 2439 1300 2520 patior,
1334 2446 1524 2519 atque
1564 2458 1676 2519 per
1713 2439 1964 2519 culpam
1994 2457 2070 2499 ex
2100 2457 2226 2519 qua
2254 2438 2363 2500 do-

873 2536 970 2599 lor
1006 2544 1069 2598 et
1106 2556 1422 2600 remorsus
1461 2537 1865 2599 conscientiae
1904 2536 2234 2599 oriuntur:
2270 2537 2363 2618 ip-

873 2653 1144 2715 sumque
1173 2644 1502 2718 peccatum
1533 2635 1716 2716 quasi
1749 2636 1997 2716 pondus
2025 2643 2122 2696 est
2150 2654 2363 2715 aggra-

874 2752 1029 2796 vans
1077 2720 1378 2795 animam.
1415 2734 1719 2814 Denique,
1753 2752 1827 2795 ex
1866 2742 2125 2815 peccato
2160 2734 2362 2797 oritur

877 2832 942 2893 in
973 2832 1219 2895 viribus
1253 2831 1483 2893 animae
1521 2832 1802 2914 pronitas
1833 2834 1910 2894 ad
1941 2833 2356 2915 peccandum,

873 2940 936 2994 et
978 2930 1336 2994 difficultas
1384 2931 1448 2992 in
1493 2932 1734 2995 ratione
1778 2932 1857 2994 ad
1906 2932 2360 2995 refrenandum

875 3029 1202 3111 passiones
1232 3038 1296 3091 et
1325 3029 1478 3093 vitia
1509 3030 1989 3092 sensualitatis:
2023 3031 2244 3111 sicque
2284 3030 2362 3093 fit
2397 3028 2441 3091 C
2472 3049 2601 3106 suS,
2634 3028 3171 3109 quemadmodum
3204 3028 3269 3090 in
3302 3027 3641 3111 Scripturis
3678 3048 3793 3112 per
3822 3051 3959 3093 cra-

878 3127 1066 3190 homo
1115 3127 1374 3189 sibimet
1414 3128 1646 3207 graviS,
1681 3128 1767 3189 ita
1806 3130 1976 3209 quod
2005 3127 2363 3191 difficulter

877 3225 1116 3287 recedit
1143 3245 1178 3286 a
1209 3225 1400 3302 malo,
1424 3234 1488 3287 et
1516 3225 1826 3288 laboriose
1859 3225 2064 3290 efficit
2095 3226 2357 3289 bonum.

877 3322 1036 3385 Hinc
1063 3325 1142 3386 ad
1170 3323 1464 3386 Hebraeos
1502 3331 1719 3385 monet
1748 3324 2085 3405 Apostolus
2120 3342 2134 3385 ε
2166 3325 2366 3407 Depo-

879 3430 1102 3483 nentes
1149 3440 1340 3485 omne
1387 3422 1635 3503 pondus
1679 3431 1742 3484 et
1782 3422 2201 3485 circumstans
2249 3442 2363 3485 nos

878 3528 1221 3601 peccatum,
1242 3539 1357 3602 per
1379 3520 1750 3603 patientiam
1771 3540 2099 3584 curramus
2124 3522 2203 3583 ad
2228 3541 2365 3604 pro-

880 3617 1158 3700 positum
1206 3619 1390 3682 nobis
1431 3628 1772 3681 certamen.
1805 3621 1890 3682 De
1919 3620 2363 3699 aggravatione

881 3735 1030 3780 vero
1061 3736 1174 3799 per
1203 3736 1456 3800 poenam
1484 3719 1574 3780 ait
1610 3720 1688 3781 ad
1717 3718 2078 3781 Corinthios
2113 3735 2126 3779 :
2163 3718 2365 3801 Supra

880 3816 1136 3877 modum
1165 3817 1407 3896 gravati
1439 3836 1656 3879 sumus
1695 3835 1884 3898 supra
1914 3816 2239 3892 virtutem,
2278 3817 2364 3879 ita

880 3922 950 3975 ut
979 3916 1236 3977 taederet
1265 3933 1379 3976 nos
1408 3914 1648 3978 vivere.

961 4015 1090 4073 Cur
1110 4034 1238 4073 non
1270 4015 1439 4073 tollis
1461 4024 1792 4090 peccatum
1822 4034 2034 4074 meum
2064 4014 2130 4075 in
2164 4014 2366 4096 proxi-

876 4130 1075 4186 mum,
1109 4111 1162 4171 si
1202 4111 1370 4189 quod
1413 4120 1530 4186 est,
1565 4111 1722 4173 illud
1762 4131 1876 4193 per
1913 4130 2167 4193 poenam
2199 4113 2363 4175 hanc

2470 1946 2682 2008 statim
2713 1946 2967 2021 moriar,
3002 1953 3064 2009 et
3094 1946 3159 2007 in
3192 1947 3483 2028 sepulcro
3514 1948 3861 2028 quiescam,
3882 1948 3943 2011 in

2469 2045 2927 2128 pulveremque
2957 2044 3258 2108 resolvar.
3290 2044 3418 2107 lmo
3448 2054 3574 2107 tam
3606 2046 3733 2109 cito
3764 2048 3947 2110 mori-

2469 2152 2679 2206 turum
2712 2162 2815 2206 me
2848 2161 3008 2219 reor,
3044 2144 3393 2205 secundum
3424 2144 3775 2209 naturalem
3806 2166 3949 2209 cau-

2471 2260 2679 2303 sarum
2733 2259 3123 2322 processum,
3168 2242 3338 2321 quod
3384 2253 3445 2303 et
3486 2246 3547 2303 si
3588 2264 3779 2304 mane
3823 2245 3945 2308 diei

2472 2340 2797 2421 sequentis
2846 2360 2945 2399 me
2990 2342 3319 2419 quaesieris
3362 2340 3428 2401 in
3476 2341 3593 2404 hac
3636 2342 3787 2419 vita,
3822 2364 3947 2404 non

2468 2439 2810 2499 subsistam
2839 2436 2906 2498 in
2945 2455 3040 2499 ea.
3074 2437 3383 2518 Loquitur
3410 2447 3623 2501 autem
3651 2439 3768 2503 Job
3795 2440 3951 2503 affe»

2470 2546 2573 2600 ctu
2606 2544 2667 2599 et
2707 2554 2883 2598 more
2918 2536 3194 2615 graviter
3229 2544 3421 2616 atque
3458 2536 3731 2601 letaliter
3772 2537 3953 2600 infir-

2470 2632 2779 2696 mantium
2830 2643 2893 2695 et
2943 2642 3211 2696 mortem
3268 2634 3646 2715 optantium,
3699 2636 3811 2717 qui
3863 2637 3951 2700 sic

2472 2731 2765 2815 proloqui
2796 2732 3002 2794 solent
3036 2749 3049 2793 :
3084 2732 3211 2809 Ego
3240 2750 3387 2794 mox
3414 2733 3668 2796 moriar.
3687 2732 3863 2808 Quod
3892 2744 3955 2799 et

2472 2831 2613 2894 ideo
2656 2832 2806 2911 agit,
2844 2839 2913 2893 ut
2955 2831 3179 2893 innuat
3222 2850 3289 2893 se
3335 2830 3647 2894 incertum
3691 2834 3770 2896 de
3810 2835 3955 2898 vitae

2473 2949 2602 2992 suae
2622 2930 2956 2992 duratione
2986 2948 3188 3010 usque
3212 2930 3291 2991 ad
3320 2929 3579 2993 alteram
3601 2930 3956 2994 diem.Rur-

2472 3128 2713 3190 stinum
2751 3127 2919 3189 diem
2962 3146 3088 3190 non
3128 3146 3379 3210 semper
3409 3128 3789 3209 intelligitur
3819 3130 3955 3193 dies

2472 3227 2759 3309 proxime
2788 3245 3085 3306 sequenS,
3106 3226 3217 3288 sed
3247 3226 3565 3288 interdum
3600 3236 3850 3309 tempus
3880 3230 3957 3291 ci-

2474 3334 2536 3387 to
2584 3323 2895 3401 futurum,
2931 3333 3000 3386 ut
3041 3324 3193 3385 dum
3234 3324 3298 3387 in
3344 3324 3572 3387 Genesi
3608 3326 3700 3387 ait
3741 3327 3950 3405 Jacob,

2469 3423 2619 3485 Cras
2652 3422 3060 3504 respondebit
3089 3422 3247 3484 mihi
3274 3423 3520 3503 justitia
3559 3442 3737 3498 mea3
3781 3432 3846 3487 et
3889 3426 3952 3486 in

2472 3522 2637 3585 libro
2679 3523 2887 3597 Josue,
2920 3521 3071 3583 Cras
3119 3522 3333 3585 dicent
3378 3521 3506 3583 filii
3553 3522 3745 3585 vestri
3796 3522 3955 3585 filiis

4016 3449 4121 3491 Gen.
4136 3460 4216 3489 ux.
4247 3440 4248 3487 s

3982 3515 4047 3554 ³3.

3998 3574 4125 3617 Iotae
4134 3586 4213 3615 nu.

2472 3620 2737 3694 nostris3
2770 3620 3044 3700 talisque
3072 3622 3298 3683 modus
3318 3619 3621 3701 loquendi
3651 3620 3955 3703 frequens
3984 3643 4049 3683 11.

2472 3728 2587 3797 est,
2613 3720 2888 3782 maxime
2919 3720 2985 3781 in
3017 3719 3542 3783 Deuteronomio:
3579 3720 3667 3781 ita
3693 3728 3757 3783 et
3784 3739 3955 3782 1111110

2472 3838 2584 3899 per
2606 3818 2800 3895 Mane,
2823 3836 2949 3880 non
2983 3818 3338 3881 necessario
3361 3817 3739 3898 intelligitur
3770 3837 3956 3882 mane

2471 3917 2599 3980 diei
2632 3917 2917 3998 proxime
2946 3915 3362 3993 imminentiS,
3388 3918 3498 3979 sed
3527 3917 3798 3998 alicujus
3826 3919 3955 3981 diei

2474 4034 2601 4078 non
2632 4016 2819 4095 longe
2848 4016 3166 4077 distantis.

2552 4114 2895 4191 Postrem0,
2930 4135 3005 4177 ex
3036 4113 3223 4177 dictis
3264 4114 3608 4177 eliciuntur
3646 4123 3773 4178 tres
3814 4134 3959 4179 cau-

875 4207 1272 4285 dimittendo,
1298 4208 1398 4270 vel
1428 4227 1505 4270 ex
1535 4217 1640 4271 tua
1667 4210 2002 4273 clementia
2038 4210 2363 4291 ignoscen-
2392 4212 2443 4274 D
2473 4232 2578 4289 sae,
2605 4232 2718 4275 cur
2747 4213 2983 4295 aliquis
3013 4232 3183 4275 nunc
3211 4211 3545 4293 affligatur
3572 4232 3609 4274 a
3641 4214 3766 4276 Deo
3791 4231 3806 4276 ε
3831 4214 3961 4296 pri-

873 4309 990 4370 dot
1008 4311 1091 4368 Ec
1109 4327 1310 4385 quare
1328 4327 1454 4366 non
1476 4308 1696 4383 aufers
1717 4310 2132 4387 iniquitatem
2153 4330 2361 4369 meam

872 4405 1277 4467 commissam
1319 4404 1386 4465 in
1427 4406 1531 4466 te?
1560 4403 1777 4467 Omnis
1805 4415 2016 4469 autem
2047 4408 2235 4489 culpa
2265 4415 2361 4469 est

872 4502 1086 4582 aliquo
1145 4501 1333 4564 modo
1389 4501 1720 4583 iniquitas,
1777 4504 1927 4584 quia
1981 4524 2018 4565 a
2078 4504 2359 4586 perfecta

872 4599 1168 4682 aequitate
1229 4599 1538 4664 defectus.
1601 4600 1677 4663 Et
1733 4601 2023 4666 homines
2091 4602 2360 4667 virtuosi

2472 4330 2595 4387 ma,
2631 4322 2945 4392 quatenus
2989 4318 3353 4375 coerceatur
3396 4312 3535 4391 ejus
3576 4312 3841 4390 malitia,
3878 4332 3959 4376 ne

2470 4411 2613 4473 aliis
2644 4411 2724 4473 sit
2758 4412 2979 4474 nociva
3007 4436 3021 4486 ;
3067 4411 3366 4485 secunda,
3397 4411 3477 4472 ad
3507 4410 3786 4474 hominis
3816 4432 3960 4494 pro-

2470 4509 2817 4586 bationem,
2871 4517 2941 4571 ut
2993 4510 3195 4571 virtus
3253 4509 3395 4589 ejus
3452 4508 3951 4585 manifestetur3

2472 4607 2675 4683 tertia,
2712 4608 2775 4668 in
2806 4625 3062 4689 poenam
3094 4606 3358 4688 peccati.
