<?xml version="1.0" encoding="UTF-8"?>
<!DOCTYPE html PUBLIC "-//W3C//DTD XHTML 1.0 Transitional//EN"
    "http://www.w3.org/TR/xhtml1/DTD/xhtml1-transitional.dtd">
<html xmlns="http://www.w3.org/1999/xhtml" xml:lang="en" lang="en">
 <head>
  <title>
</title>
<meta http-equiv="Content-Type" content="text/html;charset=utf-8" />
  <meta name='ocr-system' content='tesseract 3.04.00' />
  <meta name='ocr-capabilities' content='ocr_page ocr_carea ocr_par ocr_line ocrx_word'/>
</head>
<body>
  <div class='ocr_page' id='page_1' title='image "./doctorisecstati06unkngoog_0432.png"; bbox 0 0 4309 6259; ppageno 0'>
   <div class='ocr_carea' id='block_1_1' title="bbox 601 2344 865 2452">
    <p class='ocr_par' dir='ltr' id='par_1_1' title="bbox 601 2344 865 2452">
     <span class='ocr_line' id='line_1_1' title="bbox 634 2344 865 2394; baseline -0.009 -7"><span class='ocrx_word' id='word_1_1' title='bbox 634 2344 794 2387; x_wconf 72' lang='lat' dir='ltr'>Ioann-</span> <span class='ocrx_word' id='word_1_2' title='bbox 809 2356 865 2394; x_wconf 76' lang='lat' dir='ltr'>vi,</span> 
     </span>
     <span class='ocr_line' id='line_1_2' title="bbox 601 2410 670 2452; baseline 0.014 -2"><span class='ocrx_word' id='word_1_3' title='bbox 601 2410 670 2452; x_wconf 79' lang='grc'>56.</span> 
     </span>
    </p>
   </div>
   <div class='ocr_carea' id='block_1_2' title="bbox 591 3933 852 4101">
    <p class='ocr_par' dir='ltr' id='par_1_2' title="bbox 591 3933 852 4101">
     <span class='ocr_line' id='line_1_3' title="bbox 615 3933 852 3986; baseline 0.004 -9"><span class='ocrx_word' id='word_1_4' title='bbox 615 3933 784 3978; x_wconf 63' lang='lat' dir='ltr'>uana.</span> <span class='ocrx_word' id='word_1_5' title='bbox 796 3948 852 3986; x_wconf 80' lang='lat' dir='ltr'>ut,</span> 
     </span>
     <span class='ocr_line' id='line_1_4' title="bbox 591 3996 852 4101; baseline 0.011 -62"><span class='ocrx_word' id='word_1_6' title='bbox 591 3998 655 4101; x_wconf 52' lang='lat'>:3³</span> <span class='ocrx_word' id='word_1_7' title='bbox 668 3996 852 4051; x_wconf 65' lang='lat' dir='ltr'>Hareni,</span> 
     </span>
    </p>
   </div>
   <div class='ocr_carea' id='block_1_3' title="bbox 910 470 1029 533">
    <p class='ocr_par' dir='ltr' id='par_1_3' title="bbox 910 470 1029 533">
     <span class='ocr_line' id='line_1_5' title="bbox 910 470 1029 533; baseline 0.017 -2"><span class='ocrx_word' id='word_1_8' title='bbox 910 470 1029 533; x_wconf 84' lang='lat'>398</span> 
     </span>
    </p>
   </div>
   <div class='ocr_carea' id='block_1_4' title="bbox 1761 487 3163 536">
    <p class='ocr_par' dir='ltr' id='par_1_4' title="bbox 1761 487 3163 536">
     <span class='ocr_line' id='line_1_6' title="bbox 1761 487 3163 536; baseline 0.001 -1"><span class='ocrx_word' id='word_1_9' title='bbox 1761 488 2108 535; x_wconf 74' lang='lat' dir='ltr'>ENARRA&#39;rlo</span> <span class='ocrx_word' id='word_1_10' title='bbox 2151 489 2213 534; x_wconf 84' lang='lat' dir='ltr'>IN</span> <span class='ocrx_word' id='word_1_11' title='bbox 2258 488 2393 535; x_wconf 73' lang='lat' dir='ltr'>cAP.</span> <span class='ocrx_word' id='word_1_12' title='bbox 2429 487 2491 533; x_wconf 83' lang='lat' dir='ltr'>vl</span> <span class='ocrx_word' id='word_1_13' title='bbox 2532 488 2659 534; x_wconf 75' lang='lat'>1013.</span> <span class='ocrx_word' id='word_1_14' title='bbox 2703 507 2783 519; x_wconf 89' lang='lat'><em>-</em></span> <span class='ocrx_word' id='word_1_15' title='bbox 2824 490 2965 535; x_wconf 67' lang='grc' dir='ltr'><strong>ΛΒΤ.</strong></span> <span class='ocrx_word' id='word_1_16' title='bbox 3013 490 3163 536; x_wconf 81' lang='lat' dir='ltr'>xvm</span> 
     </span>
    </p>
   </div>
   <div class='ocr_carea' id='block_1_5' title="bbox 907 656 3993 741">
    <p class='ocr_par' dir='ltr' id='par_1_5' title="bbox 907 656 3993 741">
     <span class='ocr_line' id='line_1_7' title="bbox 907 656 3993 741; baseline 0.001 -23"><span class='ocrx_word' id='word_1_17' title='bbox 907 657 1317 738; x_wconf 70' lang='lat' dir='ltr'>praeinductis</span> <span class='ocrx_word' id='word_1_18' title='bbox 1353 658 1706 721; x_wconf 81' lang='lat' dir='ltr'><strong>clarissime</strong></span> <span class='ocrx_word' id='word_1_19' title='bbox 1744 658 2106 736; x_wconf 85' lang='lat' dir='ltr'>innotescit,</span> <span class='ocrx_word' id='word_1_20' title='bbox 2139 676 2397 740; x_wconf 88' lang='lat' dir='ltr'>quomo·</span> <span class='ocrx_word' id='word_1_21' title='bbox 2424 656 2477 719; x_wconf 88' lang='lat' dir='ltr'>A</span> <span class='ocrx_word' id='word_1_22' title='bbox 2510 662 2679 720; x_wconf 78' lang='lat' dir='ltr'>tem?</span> <span class='ocrx_word' id='word_1_23' title='bbox 2714 660 2843 723; x_wconf 90' lang='lat' dir='ltr'>Hoc</span> <span class='ocrx_word' id='word_1_24' title='bbox 2890 660 3080 741; x_wconf 91' lang='lat' dir='ltr'>plane</span> <span class='ocrx_word' id='word_1_25' title='bbox 3126 660 3586 723; x_wconf 80' lang='lat' dir='ltr'>rationabiliter</span> <span class='ocrx_word' id='word_1_26' title='bbox 3622 669 3687 723; x_wconf 89' lang='lat' dir='ltr'>et</span> <span class='ocrx_word' id='word_1_27' title='bbox 3723 660 3993 723; x_wconf 82' lang='lat' dir='ltr'>scienter</span> 
     </span>
    </p>
   </div>
   <div class='ocr_carea' id='block_1_6' title="bbox 897 755 2395 1824">
    <p class='ocr_par' dir='ltr' id='par_1_6' title="bbox 897 755 2395 1824">
     <span class='ocr_line' id='line_1_8' title="bbox 904 755 2395 840; baseline 0 -23"><span class='ocrx_word' id='word_1_28' title='bbox 904 756 986 818; x_wconf 91' lang='lat' dir='ltr'>do</span> <span class='ocrx_word' id='word_1_29' title='bbox 1037 757 1116 818; x_wconf 92' lang='lat' dir='ltr'>ad</span> <span class='ocrx_word' id='word_1_30' title='bbox 1170 755 1292 819; x_wconf 89' lang='lat' dir='ltr'>hoc</span> <span class='ocrx_word' id='word_1_31' title='bbox 1339 756 1547 819; x_wconf 83' lang='lat' dir='ltr'>valeat</span> <span class='ocrx_word' id='word_1_32' title='bbox 1601 756 1810 819; x_wconf 83' lang='lat' dir='ltr'>littera</span> <span class='ocrx_word' id='word_1_33' title='bbox 1866 757 2201 839; x_wconf 88' lang='lat' dir='ltr'>applicari,</span> <span class='ocrx_word' id='word_1_34' title='bbox 2254 776 2395 840; x_wconf 91' lang='lat' dir='ltr'>per—</span> 
     </span>
     <span class='ocr_line' id='line_1_9' title="bbox 903 853 2192 939; baseline 0.002 -24"><span class='ocrx_word' id='word_1_35' title='bbox 903 861 1177 931; x_wconf 90' lang='lat' dir='ltr'>transe0,</span> <span class='ocrx_word' id='word_1_36' title='bbox 1229 856 1306 917; x_wconf 94' lang='lat' dir='ltr'>ad</span> <span class='ocrx_word' id='word_1_37' title='bbox 1353 853 1854 936; x_wconf 84' lang='lat' dir='ltr'>difficilioraque</span> <span class='ocrx_word' id='word_1_38' title='bbox 1898 874 2192 939; x_wconf 91' lang='lat' dir='ltr'>propero.</span> 
     </span>
     <span class='ocr_line' id='line_1_10' title="bbox 983 956 2393 1035; baseline -0.001 -18"><span class='ocrx_word' id='word_1_39' title='bbox 983 956 1328 1034; x_wconf 80' lang='lat' dir='ltr'>Numquid</span> <span class='ocrx_word' id='word_1_40' title='bbox 1355 956 1568 1031; x_wconf 72' lang='lat' dir='ltr'>ruyiet</span> <span class='ocrx_word' id='word_1_41' title='bbox 1601 974 1840 1032; x_wconf 74' lang='lat' dir='ltr'>onaqer</span> <span class='ocrx_word' id='word_1_42' title='bbox 1867 976 2068 1035; x_wconf 78' lang='lat' dir='ltr'>quum</span> <span class='ocrx_word' id='word_1_43' title='bbox 2095 958 2393 1017; x_wconf 72' lang='lat' dir='ltr'>habuerit</span> 
     </span>
     <span class='ocr_line' id='line_1_11' title="bbox 899 1052 2392 1135; baseline 0.001 -22"><span class='ocrx_word' id='word_1_44' title='bbox 899 1054 1206 1113; x_wconf 73' lang='lat' dir='ltr'>herbam?</span> <span class='ocrx_word' id='word_1_45' title='bbox 1252 1052 1366 1114; x_wconf 92' lang='lat' dir='ltr'>Per</span> <span class='ocrx_word' id='word_1_46' title='bbox 1414 1070 1724 1131; x_wconf 79' lang='lat' dir='ltr'>onagrum</span> <span class='ocrx_word' id='word_1_47' title='bbox 1781 1052 2148 1133; x_wconf 89' lang='lat' dir='ltr'>designatur</span> <span class='ocrx_word' id='word_1_48' title='bbox 2209 1053 2392 1135; x_wconf 80' lang='lat' dir='ltr'><strong>plebs</strong></span> 
     </span>
     <span class='ocr_line' id='line_1_12' title="bbox 898 1148 2395 1232; baseline 0.001 -21"><span class='ocrx_word' id='word_1_49' title='bbox 898 1148 1156 1230; x_wconf 87' lang='lat' dir='ltr'>gentilis</span> <span class='ocrx_word' id='word_1_50' title='bbox 1197 1149 1528 1226; x_wconf 88' lang='lat' dir='ltr'>indomita,</span> <span class='ocrx_word' id='word_1_51' title='bbox 1555 1150 1995 1232; x_wconf 82' lang='lat' dir='ltr'>voluptatique</span> <span class='ocrx_word' id='word_1_52' title='bbox 2022 1151 2257 1227; x_wconf 90' lang='lat' dir='ltr'>dedita,</span> <span class='ocrx_word' id='word_1_53' title='bbox 2292 1172 2395 1215; x_wconf 88' lang='lat' dir='ltr'>cu·</span> 
     </span>
     <span class='ocr_line' id='line_1_13' title="bbox 898 1247 2391 1330; baseline 0.001 -21"><span class='ocrx_word' id='word_1_54' title='bbox 898 1247 1002 1328; x_wconf 87' lang='lat' dir='ltr'>jus</span> <span class='ocrx_word' id='word_1_55' title='bbox 1053 1266 1180 1311; x_wconf 92' lang='lat' dir='ltr'>non</span> <span class='ocrx_word' id='word_1_56' title='bbox 1223 1267 1416 1329; x_wconf 89' lang='lat' dir='ltr'>parva</span> <span class='ocrx_word' id='word_1_57' title='bbox 1458 1268 1603 1330; x_wconf 90' lang='lat' dir='ltr'>pars</span> <span class='ocrx_word' id='word_1_58' title='bbox 1643 1249 2034 1330; x_wconf 83' lang='lat' dir='ltr'>exspectavit</span> <span class='ocrx_word' id='word_1_59' title='bbox 2067 1249 2391 1311; x_wconf 80' lang='lat' dir='ltr'>Christum</span> 
     </span>
     <span class='ocr_line' id='line_1_14' title="bbox 899 1347 2395 1430; baseline 0 -19"><span class='ocrx_word' id='word_1_60' title='bbox 899 1354 1262 1424; x_wconf 88' lang='lat' dir='ltr'>venturum,</span> <span class='ocrx_word' id='word_1_61' title='bbox 1299 1347 1465 1410; x_wconf 89' lang='lat' dir='ltr'>sicut</span> <span class='ocrx_word' id='word_1_62' title='bbox 1497 1356 1560 1409; x_wconf 89' lang='lat' dir='ltr'>et</span> <span class='ocrx_word' id='word_1_63' title='bbox 1587 1347 1702 1410; x_wconf 78' lang='lat' dir='ltr'>Iob</span> <span class='ocrx_word' id='word_1_64' title='bbox 1734 1356 1797 1411; x_wconf 91' lang='lat' dir='ltr'>et</span> <span class='ocrx_word' id='word_1_65' title='bbox 1826 1348 2203 1430; x_wconf 82' lang='lat' dir='ltr'>patriarchae</span> <span class='ocrx_word' id='word_1_66' title='bbox 2240 1366 2395 1429; x_wconf 89' lang='lat' dir='ltr'>gen-</span> 
     </span>
     <span class='ocr_line' id='line_1_15' title="bbox 898 1444 2389 1528; baseline 0.003 -23"><span class='ocrx_word' id='word_1_67' title='bbox 898 1444 1110 1506; x_wconf 86' lang='lat' dir='ltr'>tilium</span> <span class='ocrx_word' id='word_1_68' title='bbox 1141 1464 1286 1508; x_wconf 90' lang='lat' dir='ltr'>cum</span> <span class='ocrx_word' id='word_1_69' title='bbox 1319 1446 1591 1508; x_wconf 89' lang='lat' dir='ltr'>subditis</span> <span class='ocrx_word' id='word_1_70' title='bbox 1621 1465 1696 1509; x_wconf 88' lang='lat' dir='ltr'>ac</span> <span class='ocrx_word' id='word_1_71' title='bbox 1727 1446 2060 1528; x_wconf 88' lang='lat' dir='ltr'>discipulis</span> <span class='ocrx_word' id='word_1_72' title='bbox 2092 1448 2248 1509; x_wconf 85' lang='lat' dir='ltr'>suiS.</span> <span class='ocrx_word' id='word_1_73' title='bbox 2273 1446 2389 1521; x_wconf 90' lang='lat' dir='ltr'>Qui</span> 
     </span>
     <span class='ocr_line' id='line_1_16' title="bbox 899 1544 2391 1629; baseline 0.001 -22"><span class='ocrx_word' id='word_1_74' title='bbox 899 1544 1174 1626; x_wconf 90' lang='lat' dir='ltr'>populus</span> <span class='ocrx_word' id='word_1_75' title='bbox 1223 1563 1350 1625; x_wconf 93' lang='lat' dir='ltr'>quo</span> <span class='ocrx_word' id='word_1_76' title='bbox 1386 1544 1619 1608; x_wconf 89' lang='lat' dir='ltr'>Christi</span> <span class='ocrx_word' id='word_1_77' title='bbox 1656 1546 1998 1608; x_wconf 88' lang='lat' dir='ltr'>adventum</span> <span class='ocrx_word' id='word_1_78' title='bbox 2039 1546 2241 1625; x_wconf 89' lang='lat' dir='ltr'>magis</span> <span class='ocrx_word' id='word_1_79' title='bbox 2280 1565 2391 1629; x_wconf 94' lang='lat' dir='ltr'>op-</span> 
     </span>
     <span class='ocr_line' id='line_1_17' title="bbox 898 1642 2391 1725; baseline 0.003 -21"><span class='ocrx_word' id='word_1_80' title='bbox 898 1642 1076 1719; x_wconf 91' lang='lat' dir='ltr'>tavit,</span> <span class='ocrx_word' id='word_1_81' title='bbox 1119 1661 1194 1705; x_wconf 94' lang='lat' dir='ltr'>eo</span> <span class='ocrx_word' id='word_1_82' title='bbox 1232 1644 1436 1725; x_wconf 90' lang='lat' dir='ltr'>ipsius</span> <span class='ocrx_word' id='word_1_83' title='bbox 1480 1643 1849 1707; x_wconf 91' lang='lat' dir='ltr'>dilationem</span> <span class='ocrx_word' id='word_1_84' title='bbox 1899 1644 2255 1707; x_wconf 90' lang='lat' dir='ltr'>dolorosius</span> <span class='ocrx_word' id='word_1_85' title='bbox 2294 1654 2391 1708; x_wconf 86' lang='lat' dir='ltr'>tu-</span> 
     </span>
     <span class='ocr_line' id='line_1_18' title="bbox 897 1739 2389 1824; baseline 0.003 -23"><span class='ocrx_word' id='word_1_86' title='bbox 897 1739 992 1802; x_wconf 89' lang='lat' dir='ltr'>lit.</span> <span class='ocrx_word' id='word_1_87' title='bbox 1036 1739 1238 1814; x_wconf 90' lang='lat' dir='ltr'>Quum</span> <span class='ocrx_word' id='word_1_88' title='bbox 1278 1759 1429 1805; x_wconf 89' lang='lat' dir='ltr'>vero</span> <span class='ocrx_word' id='word_1_89' title='bbox 1467 1761 1581 1824; x_wconf 90' lang='lat' dir='ltr'>per</span> <span class='ocrx_word' id='word_1_90' title='bbox 1626 1742 2040 1823; x_wconf 88' lang='lat' dir='ltr'>apostolicam</span> <span class='ocrx_word' id='word_1_91' title='bbox 2088 1744 2389 1824; x_wconf 83' lang='lat' dir='ltr'>praedica-</span> 
     </span>
    </p>
   </div>
   <div class='ocr_carea' id='block_1_7' title="bbox 2500 755 3993 1811">
    <p class='ocr_par' dir='ltr' id='par_1_7' title="bbox 2500 755 3993 1409">
     <span class='ocr_line' id='line_1_19' title="bbox 2506 755 3991 839; baseline 0.001 -22"><span class='ocrx_word' id='word_1_92' title='bbox 2506 774 2632 819; x_wconf 92' lang='lat' dir='ltr'>non</span> <span class='ocrx_word' id='word_1_93' title='bbox 2665 755 2743 818; x_wconf 89' lang='lat' dir='ltr'>fit</span> <span class='ocrx_word' id='word_1_94' title='bbox 2775 758 3030 839; x_wconf 80' lang='lat' dir='ltr'>proprio</span> <span class='ocrx_word' id='word_1_95' title='bbox 3058 767 3234 820; x_wconf 91' lang='lat' dir='ltr'>motu</span> <span class='ocrx_word' id='word_1_96' title='bbox 3260 758 3593 838; x_wconf 82' lang='lat' dir='ltr'>gustantiS,</span> <span class='ocrx_word' id='word_1_97' title='bbox 3628 776 3991 838; x_wconf 86' lang='lat' dir='ltr'>quanquam</span> 
     </span>
     <span class='ocr_line' id='line_1_20' title="bbox 2502 854 3993 938; baseline 0.001 -23"><span class='ocrx_word' id='word_1_98' title='bbox 2502 854 2706 935; x_wconf 89' lang='lat' dir='ltr'>aliqui</span> <span class='ocrx_word' id='word_1_99' title='bbox 2752 864 3099 937; x_wconf 83' lang='lat' dir='ltr'>martyrum</span> <span class='ocrx_word' id='word_1_100' title='bbox 3146 875 3387 919; x_wconf 86' lang='lat' dir='ltr'>venena</span> <span class='ocrx_word' id='word_1_101' title='bbox 3424 874 3541 938; x_wconf 88' lang='lat' dir='ltr'>pro</span> <span class='ocrx_word' id='word_1_102' title='bbox 3582 855 3713 919; x_wconf 86' lang='lat' dir='ltr'>fide</span> <span class='ocrx_word' id='word_1_103' title='bbox 3748 864 3993 937; x_wconf 82' lang='lat' dir='ltr'>potave-</span> 
     </span>
     <span class='ocr_line' id='line_1_21' title="bbox 2504 952 3991 1035; baseline 0 -22"><span class='ocrx_word' id='word_1_104' title='bbox 2504 952 2654 1014; x_wconf 83' lang='lat' dir='ltr'>rint.</span> <span class='ocrx_word' id='word_1_105' title='bbox 2687 952 2981 1035; x_wconf 85' lang='lat' dir='ltr'>Mysticus</span> <span class='ocrx_word' id='word_1_106' title='bbox 3014 954 3209 1033; x_wconf 90' lang='lat' dir='ltr'>igitur</span> <span class='ocrx_word' id='word_1_107' title='bbox 3247 972 3469 1017; x_wconf 90' lang='lat' dir='ltr'>sensus</span> <span class='ocrx_word' id='word_1_108' title='bbox 3499 961 3615 1029; x_wconf 93' lang='lat' dir='ltr'>est,</span> <span class='ocrx_word' id='word_1_109' title='bbox 3651 954 3821 1034; x_wconf 91' lang='lat' dir='ltr'>quod</span> <span class='ocrx_word' id='word_1_110' title='bbox 3852 972 3991 1014; x_wconf 89' lang='lat' dir='ltr'>san-</span> 
     </span>
     <span class='ocr_line' id='line_1_22' title="bbox 2502 1051 3989 1133; baseline 0 -20"><span class='ocrx_word' id='word_1_111' title='bbox 2502 1058 2747 1113; x_wconf 91' lang='lat' dir='ltr'>ctorum</span> <span class='ocrx_word' id='word_1_112' title='bbox 2770 1051 3223 1133; x_wconf 82' lang='lat' dir='ltr'>Prophetarum</span> <span class='ocrx_word' id='word_1_113' title='bbox 3243 1052 3617 1115; x_wconf 88' lang='lat' dir='ltr'>vaticinium</span> <span class='ocrx_word' id='word_1_114' title='bbox 3640 1052 3989 1115; x_wconf 89' lang='lat' dir='ltr'>secundum</span> 
     </span>
     <span class='ocr_line' id='line_1_23' title="bbox 2503 1149 3990 1232; baseline 0.001 -21"><span class='ocrx_word' id='word_1_115' title='bbox 2503 1150 2729 1213; x_wconf 83' lang='lat' dir='ltr'>litterae</span> <span class='ocrx_word' id='word_1_116' title='bbox 2777 1150 3189 1232; x_wconf 78' lang='lat' dir='ltr'>superficiem</span> <span class='ocrx_word' id='word_1_117' title='bbox 3239 1159 3585 1232; x_wconf 89' lang='lat' dir='ltr'>sumptum,</span> <span class='ocrx_word' id='word_1_118' title='bbox 3620 1149 3990 1231; x_wconf 88' lang='lat' dir='ltr'>frequenter</span> 
     </span>
     <span class='ocr_line' id='line_1_24' title="bbox 2502 1248 3988 1330; baseline 0.001 -20"><span class='ocrx_word' id='word_1_119' title='bbox 2502 1248 2899 1311; x_wconf 87' lang='lat' dir='ltr'>mortiferum</span> <span class='ocrx_word' id='word_1_120' title='bbox 2932 1258 3098 1312; x_wconf 90' lang='lat' dir='ltr'>esset</span> <span class='ocrx_word' id='word_1_121' title='bbox 3132 1268 3147 1313; x_wconf 75' lang='grc' dir='ltr'>ε</span> <span class='ocrx_word' id='word_1_122' title='bbox 3181 1250 3323 1313; x_wconf 89' lang='lat' dir='ltr'>ideo</span> <span class='ocrx_word' id='word_1_123' title='bbox 3354 1249 3564 1312; x_wconf 88' lang='lat' dir='ltr'>taliter</span> <span class='ocrx_word' id='word_1_124' title='bbox 3589 1249 3828 1330; x_wconf 82' lang='lat' dir='ltr'>gustari</span> <span class='ocrx_word' id='word_1_125' title='bbox 3862 1268 3988 1312; x_wconf 91' lang='lat' dir='ltr'>non</span> 
     </span>
     <span class='ocr_line' id='line_1_25' title="bbox 2500 1348 2711 1409; baseline 0 0"><span class='ocrx_word' id='word_1_126' title='bbox 2500 1348 2711 1409; x_wconf 50' lang='lat' dir='ltr'>debet</span> 
     </span>
    </p>

    <p class='ocr_par' dir='ltr' id='par_1_8' title="bbox 2500 1446 3991 1811">
     <span class='ocr_line' id='line_1_26' title="bbox 2579 1446 3987 1527; baseline 0 -19"><span class='ocrx_word' id='word_1_127' title='bbox 2579 1446 2819 1509; x_wconf 92' lang='lat' dir='ltr'>Deinde</span> <span class='ocrx_word' id='word_1_128' title='bbox 2856 1446 2971 1508; x_wconf 88' lang='lat' dir='ltr'>Job</span> <span class='ocrx_word' id='word_1_129' title='bbox 3021 1454 3325 1527; x_wconf 88' lang='lat' dir='ltr'>tanquam</span> <span class='ocrx_word' id='word_1_130' title='bbox 3369 1446 3589 1509; x_wconf 90' lang='lat' dir='ltr'>vivum</span> <span class='ocrx_word' id='word_1_131' title='bbox 3628 1446 3987 1509; x_wconf 90' lang='lat' dir='ltr'>membrum</span> 
     </span>
     <span class='ocr_line' id='line_1_27' title="bbox 2500 1544 3989 1625; baseline 0.001 -20"><span class='ocrx_word' id='word_1_132' title='bbox 2500 1544 2819 1621; x_wconf 82' lang='lat' dir='ltr'>Ecclesiae,</span> <span class='ocrx_word' id='word_1_133' title='bbox 2843 1564 2999 1608; x_wconf 89' lang='lat' dir='ltr'>voce</span> <span class='ocrx_word' id='word_1_134' title='bbox 3026 1545 3165 1625; x_wconf 88' lang='lat' dir='ltr'>ejus</span> <span class='ocrx_word' id='word_1_135' title='bbox 3197 1545 3567 1625; x_wconf 87' lang='lat' dir='ltr'>subjungit:</span> <span class='ocrx_word' id='word_1_136' title='bbox 3594 1550 3747 1615; x_wconf 66' lang='lat' dir='ltr'>Qua·</span> <span class='ocrx_word' id='word_1_137' title='bbox 3767 1549 3989 1623; x_wconf 73' lang='lat' dir='ltr'>prius,</span> 
     </span>
     <span class='ocr_line' id='line_1_28' title="bbox 2500 1642 3991 1721; baseline 0.001 -17"><span class='ocrx_word' id='word_1_138' title='bbox 2500 1643 2565 1706; x_wconf 89' lang='lat' dir='ltr'>id</span> <span class='ocrx_word' id='word_1_139' title='bbox 2608 1650 2702 1706; x_wconf 90' lang='lat' dir='ltr'>est</span> <span class='ocrx_word' id='word_1_140' title='bbox 2738 1652 2886 1706; x_wconf 91' lang='lat' dir='ltr'>ante</span> <span class='ocrx_word' id='word_1_141' title='bbox 2924 1642 3157 1705; x_wconf 88' lang='lat' dir='ltr'>Christi</span> <span class='ocrx_word' id='word_1_142' title='bbox 3195 1644 3559 1720; x_wconf 89' lang='lat' dir='ltr'>adventum,</span> <span class='ocrx_word' id='word_1_143' title='bbox 3596 1653 3855 1721; x_wconf 73' lang='lat' dir='ltr'>canyere</span> <span class='ocrx_word' id='word_1_144' title='bbox 3884 1666 3991 1705; x_wconf 76' lang='grc' dir='ltr'>ηο-</span> 
     </span>
     <span class='ocr_line' id='line_1_29' title="bbox 2500 1740 3991 1811; baseline 0.003 -11"><span class='ocrx_word' id='word_1_145' title='bbox 2500 1744 2663 1802; x_wconf 72' lang='lat' dir='ltr'>lebat</span> <span class='ocrx_word' id='word_1_146' title='bbox 2700 1743 2924 1802; x_wconf 80' lang='lat' dir='ltr'>anima</span> <span class='ocrx_word' id='word_1_147' title='bbox 2964 1762 3131 1811; x_wconf 84' lang='lat' dir='ltr'>mea,</span> <span class='ocrx_word' id='word_1_148' title='bbox 3161 1740 3456 1805; x_wconf 84' lang='lat' dir='ltr'>videlicet</span> <span class='ocrx_word' id='word_1_149' title='bbox 3502 1742 3733 1805; x_wconf 82' lang='lat' dir='ltr'>veteris</span> <span class='ocrx_word' id='word_1_150' title='bbox 3783 1742 3991 1805; x_wconf 81' lang='lat' dir='ltr'>Testa-</span> 
     </span>
    </p>
   </div>
   <div class='ocr_carea' id='block_1_8' title="bbox 896 1838 3991 1923">
    <p class='ocr_par' dir='ltr' id='par_1_9' title="bbox 896 1838 3991 1923">
     <span class='ocr_line' id='line_1_30' title="bbox 896 1838 3991 1923; baseline 0.001 -24"><span class='ocrx_word' id='word_1_151' title='bbox 896 1838 1136 1901; x_wconf 85' lang='lat' dir='ltr'>tionem</span> <span class='ocrx_word' id='word_1_152' title='bbox 1191 1839 1622 1919; x_wconf 88' lang='lat' dir='ltr'>evangelicam</span> <span class='ocrx_word' id='word_1_153' title='bbox 1683 1839 1886 1919; x_wconf 87' lang='lat' dir='ltr'>legem</span> <span class='ocrx_word' id='word_1_154' title='bbox 1943 1840 2205 1902; x_wconf 87' lang='lat' dir='ltr'>sortitus</span> <span class='ocrx_word' id='word_1_155' title='bbox 2264 1850 2381 1919; x_wconf 91' lang='lat' dir='ltr'>est,</span> <span class='ocrx_word' id='word_1_156' title='bbox 2425 1839 2471 1900; x_wconf 93' lang='lat' dir='ltr'>B</span> <span class='ocrx_word' id='word_1_157' title='bbox 2500 1840 2698 1903; x_wconf 89' lang='lat' dir='ltr'>menti</span> <span class='ocrx_word' id='word_1_158' title='bbox 2726 1840 2943 1902; x_wconf 89' lang='lat' dir='ltr'>cibum</span> <span class='ocrx_word' id='word_1_159' title='bbox 2974 1858 3085 1902; x_wconf 91' lang='lat' dir='ltr'>seu</span> <span class='ocrx_word' id='word_1_160' title='bbox 3116 1841 3809 1917; x_wconf 62' lang='lat' dir='ltr'>documentummunc,</span> <span class='ocrx_word' id='word_1_161' title='bbox 3846 1850 3991 1923; x_wconf 86' lang='lat' dir='ltr'>post</span> 
     </span>
    </p>
   </div>
   <div class='ocr_carea' id='block_1_9' title="bbox 883 1936 2388 3008">
    <p class='ocr_par' dir='ltr' id='par_1_10' title="bbox 883 1936 2388 3008">
     <span class='ocr_line' id='line_1_31' title="bbox 894 1936 2385 2018; baseline 0.001 -18"><span class='ocrx_word' id='word_1_162' title='bbox 894 1936 1142 2000; x_wconf 88' lang='lat' dir='ltr'>Christo</span> <span class='ocrx_word' id='word_1_163' title='bbox 1173 1938 1406 2015; x_wconf 79' lang='lat' dir='ltr'>unituS,</span> <span class='ocrx_word' id='word_1_164' title='bbox 1426 1938 1724 2018; x_wconf 84' lang='lat' dir='ltr'>etgratiae</span> <span class='ocrx_word' id='word_1_165' title='bbox 1741 1957 1816 1999; x_wconf 92' lang='lat' dir='ltr'>ac</span> <span class='ocrx_word' id='word_1_166' title='bbox 1846 1947 2385 2002; x_wconf 88' lang='lat' dir='ltr'>sacramentorum</span> 
     </span>
     <span class='ocr_line' id='line_1_32' title="bbox 894 2036 2386 2118; baseline 0.001 -19"><span class='ocrx_word' id='word_1_167' title='bbox 894 2036 1035 2117; x_wconf 87' lang='lat' dir='ltr'>ejus</span> <span class='ocrx_word' id='word_1_168' title='bbox 1065 2037 1383 2118; x_wconf 85' lang='lat' dir='ltr'>particeps</span> <span class='ocrx_word' id='word_1_169' title='bbox 1415 2036 1644 2113; x_wconf 79' lang='lat' dir='ltr'>factuS,</span> <span class='ocrx_word' id='word_1_170' title='bbox 1665 2055 1794 2100; x_wconf 92' lang='lat' dir='ltr'>non</span> <span class='ocrx_word' id='word_1_171' title='bbox 1825 2036 2040 2117; x_wconf 84' lang='lat' dir='ltr'>rugiit,</span> <span class='ocrx_word' id='word_1_172' title='bbox 2063 2038 2173 2100; x_wconf 91' lang='lat' dir='ltr'>sed</span> <span class='ocrx_word' id='word_1_173' title='bbox 2205 2038 2386 2101; x_wconf 82' lang='lat' dir='ltr'>laetus</span> 
     </span>
     <span class='ocr_line' id='line_1_33' title="bbox 895 2132 2388 2213; baseline 0.001 -16"><span class='ocrx_word' id='word_1_174' title='bbox 895 2132 1171 2197; x_wconf 91' lang='lat' dir='ltr'>effectus</span> <span class='ocrx_word' id='word_1_175' title='bbox 1203 2144 1320 2213; x_wconf 88' lang='lat' dir='ltr'>est,</span> <span class='ocrx_word' id='word_1_176' title='bbox 1353 2135 1595 2198; x_wconf 91' lang='lat' dir='ltr'>habens</span> <span class='ocrx_word' id='word_1_177' title='bbox 1627 2135 1910 2211; x_wconf 88' lang='lat' dir='ltr'>herbam,</span> <span class='ocrx_word' id='word_1_178' title='bbox 1947 2136 2011 2198; x_wconf 91' lang='lat' dir='ltr'>id</span> <span class='ocrx_word' id='word_1_179' title='bbox 2049 2145 2146 2199; x_wconf 88' lang='lat' dir='ltr'>est</span> <span class='ocrx_word' id='word_1_180' title='bbox 2187 2137 2388 2200; x_wconf 89' lang='lat' dir='ltr'>incar-</span> 
     </span>
     <span class='ocr_line' id='line_1_34' title="bbox 898 2233 2387 2314; baseline 0.004 -20"><span class='ocrx_word' id='word_1_181' title='bbox 898 2234 1173 2296; x_wconf 85' lang='lat' dir='ltr'>nationis</span> <span class='ocrx_word' id='word_1_182' title='bbox 1202 2233 1536 2297; x_wconf 81' lang='lat' dir='ltr'>dominicae</span> <span class='ocrx_word' id='word_1_183' title='bbox 1566 2234 1833 2314; x_wconf 87' lang='lat' dir='ltr'>gratiam</span> <span class='ocrx_word' id='word_1_184' title='bbox 1855 2244 1916 2297; x_wconf 86' lang='lat' dir='ltr'>et</span> <span class='ocrx_word' id='word_1_185' title='bbox 1937 2235 2387 2313; x_wconf 88' lang='lat' dir='ltr'>virtutem,seu</span> 
     </span>
     <span class='ocr_line' id='line_1_35' title="bbox 895 2331 2387 2413; baseline 0.002 -19"><span class='ocrx_word' id='word_1_186' title='bbox 895 2331 1216 2394; x_wconf 86' lang='lat' dir='ltr'>Christum</span> <span class='ocrx_word' id='word_1_187' title='bbox 1244 2332 1709 2408; x_wconf 89' lang='lat' dir='ltr'>dulcissimum,</span> <span class='ocrx_word' id='word_1_188' title='bbox 1743 2332 1855 2413; x_wconf 91' lang='lat' dir='ltr'>qui</span> <span class='ocrx_word' id='word_1_189' title='bbox 1885 2340 2150 2395; x_wconf 89' lang='lat' dir='ltr'>testatur</span> <span class='ocrx_word' id='word_1_190' title='bbox 2183 2351 2197 2395; x_wconf 92' lang='lat'>:</span> <span class='ocrx_word' id='word_1_191' title='bbox 2230 2334 2387 2398; x_wconf 90' lang='lat' dir='ltr'>Caro</span> 
     </span>
     <span class='ocr_line' id='line_1_36' title="bbox 895 2430 2387 2507; baseline 0.002 -15"><span class='ocrx_word' id='word_1_192' title='bbox 895 2449 1034 2492; x_wconf 89' lang='lat' dir='ltr'>mea</span> <span class='ocrx_word' id='word_1_193' title='bbox 1075 2450 1222 2495; x_wconf 91' lang='lat' dir='ltr'>vere</span> <span class='ocrx_word' id='word_1_194' title='bbox 1251 2438 1348 2493; x_wconf 90' lang='lat' dir='ltr'>est</span> <span class='ocrx_word' id='word_1_195' title='bbox 1377 2430 1581 2493; x_wconf 90' lang='lat' dir='ltr'>cibus.</span> <span class='ocrx_word' id='word_1_196' title='bbox 1613 2434 1749 2491; x_wconf 76' lang='lat' dir='ltr'>Aut</span> <span class='ocrx_word' id='word_1_197' title='bbox 1779 2434 2020 2507; x_wconf 62' lang='lat' dir='ltr'>mugiet</span> <span class='ocrx_word' id='word_1_198' title='bbox 2049 2433 2176 2501; x_wconf 81' lang='lat' dir='ltr'>bos,</span> <span class='ocrx_word' id='word_1_199' title='bbox 2197 2431 2260 2494; x_wconf 92' lang='lat' dir='ltr'>id</span> <span class='ocrx_word' id='word_1_200' title='bbox 2290 2440 2387 2495; x_wconf 90' lang='lat' dir='ltr'>est</span> 
     </span>
     <span class='ocr_line' id='line_1_37' title="bbox 894 2528 2383 2612; baseline 0.002 -21"><span class='ocrx_word' id='word_1_201' title='bbox 894 2530 1168 2612; x_wconf 87' lang='lat' dir='ltr'>populus</span> <span class='ocrx_word' id='word_1_202' title='bbox 1199 2529 1579 2605; x_wconf 81' lang='lat' dir='ltr'>Judaeorum,</span> <span class='ocrx_word' id='word_1_203' title='bbox 1613 2530 1765 2609; x_wconf 89' lang='lat' dir='ltr'>jugo</span> <span class='ocrx_word' id='word_1_204' title='bbox 1795 2528 1952 2609; x_wconf 89' lang='lat' dir='ltr'>legis</span> <span class='ocrx_word' id='word_1_205' title='bbox 1981 2538 2271 2593; x_wconf 88' lang='lat' dir='ltr'>assuetus</span> <span class='ocrx_word' id='word_1_206' title='bbox 2310 2551 2383 2595; x_wconf 91' lang='lat' dir='ltr'>ac</span> 
     </span>
     <span class='ocr_line' id='line_1_38' title="bbox 891 2627 2385 2711; baseline 0.001 -21"><span class='ocrx_word' id='word_1_207' title='bbox 891 2628 1206 2705; x_wconf 83' lang='lat' dir='ltr'>subdituS,</span> <span class='ocrx_word' id='word_1_208' title='bbox 1253 2629 1332 2689; x_wconf 91' lang='lat' dir='ltr'>ad</span> <span class='ocrx_word' id='word_1_209' title='bbox 1373 2627 1768 2690; x_wconf 79' lang='lat' dir='ltr'>Iudaismum</span> <span class='ocrx_word' id='word_1_210' title='bbox 1815 2628 2167 2711; x_wconf 85' lang='lat' dir='ltr'>proselytos</span> <span class='ocrx_word' id='word_1_211' title='bbox 2206 2630 2385 2693; x_wconf 90' lang='lat' dir='ltr'>colli-</span> 
     </span>
     <span class='ocr_line' id='line_1_39' title="bbox 887 2726 2378 2808; baseline 0.001 -19"><span class='ocrx_word' id='word_1_212' title='bbox 887 2744 1065 2806; x_wconf 81' lang='lat' dir='ltr'>genS,</span> <span class='ocrx_word' id='word_1_213' title='bbox 1119 2727 1340 2807; x_wconf 90' lang='lat' dir='ltr'>sicque</span> <span class='ocrx_word' id='word_1_214' title='bbox 1387 2746 1501 2808; x_wconf 89' lang='lat' dir='ltr'>per</span> <span class='ocrx_word' id='word_1_215' title='bbox 1548 2726 1736 2789; x_wconf 87' lang='lat' dir='ltr'>corda</span> <span class='ocrx_word' id='word_1_216' title='bbox 1791 2744 2008 2789; x_wconf 88' lang='lat' dir='ltr'>eorum</span> <span class='ocrx_word' id='word_1_217' title='bbox 2060 2746 2378 2791; x_wconf 89' lang='lat' dir='ltr'>vomerem</span> 
     </span>
     <span class='ocr_line' id='line_1_40' title="bbox 888 2825 2382 2905; baseline 0.002 -19"><span class='ocrx_word' id='word_1_218' title='bbox 888 2825 1045 2905; x_wconf 86' lang='lat' dir='ltr'>legis</span> <span class='ocrx_word' id='word_1_219' title='bbox 1087 2826 1367 2901; x_wconf 90' lang='lat' dir='ltr'>trahens,</span> <span class='ocrx_word' id='word_1_220' title='bbox 1403 2845 1605 2905; x_wconf 82' lang='lat' dir='ltr'>quum</span> <span class='ocrx_word' id='word_1_221' title='bbox 1639 2834 1789 2886; x_wconf 75' lang='lat' dir='ltr'>ante</span> <span class='ocrx_word' id='word_1_222' title='bbox 1809 2845 2088 2903; x_wconf 70' lang='lat' dir='ltr'>praesepe</span> <span class='ocrx_word' id='word_1_223' title='bbox 2107 2832 2382 2904; x_wconf 79' lang='lat' dir='ltr'>plenum</span> 
     </span>
     <span class='ocr_line' id='line_1_41' title="bbox 883 2922 2382 3008; baseline 0.003 -24"><span class='ocrx_word' id='word_1_224' title='bbox 883 2926 1148 2995; x_wconf 76' lang='lat' dir='ltr'>steterit,</span> <span class='ocrx_word' id='word_1_225' title='bbox 1185 2924 1249 2986; x_wconf 89' lang='lat' dir='ltr'>id</span> <span class='ocrx_word' id='word_1_226' title='bbox 1277 2931 1392 2999; x_wconf 88' lang='lat' dir='ltr'>est,</span> <span class='ocrx_word' id='word_1_227' title='bbox 1424 2922 1744 2985; x_wconf 88' lang='lat' dir='ltr'>Christum</span> <span class='ocrx_word' id='word_1_228' title='bbox 1781 2924 2195 3006; x_wconf 84' lang='lat' dir='ltr'>corporaliter</span> <span class='ocrx_word' id='word_1_229' title='bbox 2223 2944 2382 3008; x_wconf 86' lang='lat' dir='ltr'>prae-</span> 
     </span>
    </p>
   </div>
   <div class='ocr_carea' id='block_1_10' title="bbox 2490 1937 3995 2987">
    <p class='ocr_par' dir='ltr' id='par_1_11' title="bbox 2490 1937 3995 2987">
     <span class='ocr_line' id='line_1_42' title="bbox 2497 1937 3993 2022; baseline 0.001 -22"><span class='ocrx_word' id='word_1_230' title='bbox 2497 1937 2731 2000; x_wconf 89' lang='lat' dir='ltr'>Christi</span> <span class='ocrx_word' id='word_1_231' title='bbox 2776 1938 3162 2020; x_wconf 85' lang='lat' dir='ltr'>passionem,</span> <span class='ocrx_word' id='word_1_232' title='bbox 3214 1957 3329 2020; x_wconf 89' lang='lat' dir='ltr'>per</span> <span class='ocrx_word' id='word_1_233' title='bbox 3374 1939 3786 2019; x_wconf 88' lang='lat' dir='ltr'>apostolicam</span> <span class='ocrx_word' id='word_1_234' title='bbox 3835 1959 3993 2022; x_wconf 83' lang='lat' dir='ltr'>prae-</span> 
     </span>
     <span class='ocr_line' id='line_1_43' title="bbox 2497 2037 3993 2120; baseline 0.001 -21"><span class='ocrx_word' id='word_1_235' title='bbox 2497 2037 2903 2114; x_wconf 88' lang='lat' dir='ltr'>dicationem,</span> <span class='ocrx_word' id='word_1_236' title='bbox 2948 2057 3089 2114; x_wconf 75' lang='lat' dir='ltr'>prce</span> <span class='ocrx_word' id='word_1_237' title='bbox 3134 2040 3439 2114; x_wconf 71' lang='lat' dir='ltr'>any-uscia</span> <span class='ocrx_word' id='word_1_238' title='bbox 3485 2037 3881 2120; x_wconf 84' lang='lat' dir='ltr'>poenitentiae</span> <span class='ocrx_word' id='word_1_239' title='bbox 3928 2048 3993 2102; x_wconf 90' lang='lat' dir='ltr'>et</span> 
     </span>
     <span class='ocr_line' id='line_1_44' title="bbox 2496 2134 3991 2211; baseline 0.002 -15"><span class='ocrx_word' id='word_1_240' title='bbox 2496 2134 2752 2211; x_wconf 84' lang='lat' dir='ltr'>amoriS,</span> <span class='ocrx_word' id='word_1_241' title='bbox 2787 2136 2916 2195; x_wconf 83' lang='lat' dir='ltr'>eibi</span> <span class='ocrx_word' id='word_1_242' title='bbox 2953 2137 3079 2195; x_wconf 85' lang='lat' dir='ltr'>mei</span> <span class='ocrx_word' id='word_1_243' title='bbox 3114 2144 3291 2205; x_wconf 74' lang='lat' dir='ltr'>sunt,</span> <span class='ocrx_word' id='word_1_244' title='bbox 3321 2135 3386 2197; x_wconf 91' lang='lat' dir='ltr'>id</span> <span class='ocrx_word' id='word_1_245' title='bbox 3425 2142 3521 2197; x_wconf 93' lang='lat' dir='ltr'>est</span> <span class='ocrx_word' id='word_1_246' title='bbox 3557 2137 3791 2198; x_wconf 90' lang='lat' dir='ltr'>mentis</span> <span class='ocrx_word' id='word_1_247' title='bbox 3828 2154 3991 2199; x_wconf 78' lang='lat' dir='ltr'>meae</span> 
     </span>
     <span class='ocr_line' id='line_1_45' title="bbox 2497 2231 3995 2313; baseline -0.001 -19"><span class='ocrx_word' id='word_1_248' title='bbox 2497 2231 2899 2296; x_wconf 76' lang='lat' dir='ltr'>refectiones,</span> <span class='ocrx_word' id='word_1_249' title='bbox 2934 2232 3061 2296; x_wconf 88' lang='lat' dir='ltr'>Hoc</span> <span class='ocrx_word' id='word_1_250' title='bbox 3091 2232 3389 2295; x_wconf 82' lang='lat' dir='ltr'>Ecclesiae</span> <span class='ocrx_word' id='word_1_251' title='bbox 3416 2251 3495 2295; x_wconf 87' lang='lat' dir='ltr'>ex</span> <span class='ocrx_word' id='word_1_252' title='bbox 3520 2233 3820 2313; x_wconf 89' lang='lat' dir='ltr'>gentibus</span> <span class='ocrx_word' id='word_1_253' title='bbox 3860 2233 3995 2296; x_wconf 90' lang='lat' dir='ltr'>col-</span> 
     </span>
     <span class='ocr_line' id='line_1_46' title="bbox 2497 2330 3992 2412; baseline 0.002 -20"><span class='ocrx_word' id='word_1_254' title='bbox 2497 2331 2674 2394; x_wconf 83' lang='lat' dir='ltr'>lectae</span> <span class='ocrx_word' id='word_1_255' title='bbox 2710 2340 2807 2394; x_wconf 91' lang='lat' dir='ltr'>est</span> <span class='ocrx_word' id='word_1_256' title='bbox 2844 2338 3233 2412; x_wconf 82' lang='lat' dir='ltr'>competenS.</span> <span class='ocrx_word' id='word_1_257' title='bbox 3272 2331 3482 2394; x_wconf 91' lang='lat' dir='ltr'>Potest</span> <span class='ocrx_word' id='word_1_258' title='bbox 3528 2330 3731 2394; x_wconf 90' lang='lat' dir='ltr'>nihilo</span> <span class='ocrx_word' id='word_1_259' title='bbox 3773 2332 3992 2395; x_wconf 91' lang='lat' dir='ltr'>minus</span> 
     </span>
     <span class='ocr_line' id='line_1_47' title="bbox 2495 2428 3987 2513; baseline 0.001 -22"><span class='ocrx_word' id='word_1_260' title='bbox 2495 2430 2574 2492; x_wconf 89' lang='lat' dir='ltr'>de</span> <span class='ocrx_word' id='word_1_261' title='bbox 2622 2448 2925 2493; x_wconf 89' lang='lat' dir='ltr'>conversa</span> <span class='ocrx_word' id='word_1_262' title='bbox 2976 2429 3303 2509; x_wconf 89' lang='lat' dir='ltr'>electaque</span> <span class='ocrx_word' id='word_1_263' title='bbox 3349 2428 3673 2512; x_wconf 81' lang='lat' dir='ltr'>Synagoga</span> <span class='ocrx_word' id='word_1_264' title='bbox 3726 2431 3987 2513; x_wconf 82' lang='lat' dir='ltr'>exponi,</span> 
     </span>
     <span class='ocr_line' id='line_1_48' title="bbox 2496 2526 3992 2608; baseline 0.001 -18"><span class='ocrx_word' id='word_1_265' title='bbox 2496 2547 2637 2608; x_wconf 82' lang='lat' dir='ltr'>quae</span> <span class='ocrx_word' id='word_1_266' title='bbox 2679 2528 3017 2608; x_wconf 91' lang='lat' dir='ltr'>Unigenito</span> <span class='ocrx_word' id='word_1_267' title='bbox 3064 2526 3171 2590; x_wconf 90' lang='lat' dir='ltr'>Dei</span> <span class='ocrx_word' id='word_1_268' title='bbox 3219 2528 3499 2589; x_wconf 92' lang='lat' dir='ltr'>nondum</span> <span class='ocrx_word' id='word_1_269' title='bbox 3549 2528 3877 2592; x_wconf 88' lang='lat' dir='ltr'>incarnato</span> <span class='ocrx_word' id='word_1_270' title='bbox 3916 2550 3992 2593; x_wconf 91' lang='lat' dir='ltr'>ac</span> 
     </span>
     <span class='ocr_line' id='line_1_49' title="bbox 2494 2626 3993 2708; baseline 0.001 -21"><span class='ocrx_word' id='word_1_271' title='bbox 2494 2646 2701 2708; x_wconf 89' lang='lat' dir='ltr'>passo,</span> <span class='ocrx_word' id='word_1_272' title='bbox 2727 2626 3110 2707; x_wconf 87' lang='lat' dir='ltr'>contempsit</span> <span class='ocrx_word' id='word_1_273' title='bbox 3137 2626 3423 2706; x_wconf 83' lang='lat' dir='ltr'>gentileS,</span> <span class='ocrx_word' id='word_1_274' title='bbox 3448 2626 3670 2689; x_wconf 90' lang='lat' dir='ltr'>nolens</span> <span class='ocrx_word' id='word_1_275' title='bbox 3700 2626 3794 2689; x_wconf 92' lang='lat' dir='ltr'>eis</span> <span class='ocrx_word' id='word_1_276' title='bbox 3822 2646 3993 2691; x_wconf 90' lang='lat' dir='ltr'>com-</span> 
     </span>
     <span class='ocr_line' id='line_1_50' title="bbox 2493 2724 3990 2808; baseline 0.001 -22"><span class='ocrx_word' id='word_1_277' title='bbox 2493 2725 2819 2787; x_wconf 87' lang='lat' dir='ltr'>municare</span> <span class='ocrx_word' id='word_1_278' title='bbox 2849 2733 2959 2787; x_wconf 88' lang='lat' dir='ltr'>aut</span> <span class='ocrx_word' id='word_1_279' title='bbox 2984 2724 3188 2806; x_wconf 88' lang='lat' dir='ltr'>jungi,</span> <span class='ocrx_word' id='word_1_280' title='bbox 3214 2726 3748 2805; x_wconf 89' lang='lat' dir='ltr'>quemadmodum</span> <span class='ocrx_word' id='word_1_281' title='bbox 3783 2726 3990 2808; x_wconf 89' lang='lat' dir='ltr'>loqui-</span> 
     </span>
     <span class='ocr_line' id='line_1_51' title="bbox 2492 2822 3985 2906; baseline 0.002 -20"><span class='ocrx_word' id='word_1_282' title='bbox 2492 2833 2594 2886; x_wconf 91' lang='lat' dir='ltr'>tur</span> <span class='ocrx_word' id='word_1_283' title='bbox 2620 2824 2837 2886; x_wconf 86' lang='lat' dir='ltr'>Petrus</span> <span class='ocrx_word' id='word_1_284' title='bbox 2866 2822 3214 2904; x_wconf 88' lang='lat' dir='ltr'>gentilibus</span> <span class='ocrx_word' id='word_1_285' title='bbox 3250 2844 3264 2886; x_wconf 75' lang='grc' dir='ltr'>ε</span> <span class='ocrx_word' id='word_1_286' title='bbox 3299 2822 3423 2886; x_wconf 84' lang='lat' dir='ltr'>Vos</span> <span class='ocrx_word' id='word_1_287' title='bbox 3452 2824 3628 2887; x_wconf 91' lang='lat' dir='ltr'>scitis</span> <span class='ocrx_word' id='word_1_288' title='bbox 3658 2826 3985 2906; x_wconf 91' lang='lat' dir='ltr'>quomodo</span> 
     </span>
     <span class='ocr_line' id='line_1_52' title="bbox 2490 2921 3984 2987; baseline 0.001 -2"><span class='ocrx_word' id='word_1_289' title='bbox 2490 2922 2924 2985; x_wconf 89' lang='lat' dir='ltr'>abominatum</span> <span class='ocrx_word' id='word_1_290' title='bbox 2972 2921 3053 2983; x_wconf 91' lang='lat' dir='ltr'>sit</span> <span class='ocrx_word' id='word_1_291' title='bbox 3097 2921 3235 2985; x_wconf 93' lang='lat' dir='ltr'>viro</span> <span class='ocrx_word' id='word_1_292' title='bbox 3271 2922 3485 2984; x_wconf 83' lang='lat' dir='ltr'>Judaeo</span> <span class='ocrx_word' id='word_1_293' title='bbox 3530 2923 3831 2986; x_wconf 88' lang='lat' dir='ltr'>accedere</span> <span class='ocrx_word' id='word_1_294' title='bbox 3866 2935 3984 2987; x_wconf 86' lang='lat' dir='ltr'>aut</span> 
     </span>
    </p>
   </div>
   <div class='ocr_carea' id='block_1_11' title="bbox 885 3020 3983 3106">
    <p class='ocr_par' dir='ltr' id='par_1_12' title="bbox 885 3020 3983 3106">
     <span class='ocr_line' id='line_1_53' title="bbox 885 3020 3983 3106; baseline 0.001 -23"><span class='ocrx_word' id='word_1_295' title='bbox 885 3029 1130 3084; x_wconf 84' lang='lat' dir='ltr'>sentem</span> <span class='ocrx_word' id='word_1_296' title='bbox 1163 3020 1513 3101; x_wconf 87' lang='lat' dir='ltr'>agnoverit,</span> <span class='ocrx_word' id='word_1_297' title='bbox 1548 3020 1672 3083; x_wconf 90' lang='lat' dir='ltr'>sibi</span> <span class='ocrx_word' id='word_1_298' title='bbox 1703 3020 1770 3083; x_wconf 91' lang='lat' dir='ltr'>in</span> <span class='ocrx_word' id='word_1_299' title='bbox 1800 3021 1938 3100; x_wconf 89' lang='lat' dir='ltr'>lege</span> <span class='ocrx_word' id='word_1_300' title='bbox 1967 3022 2078 3084; x_wconf 91' lang='lat' dir='ltr'>diu</span> <span class='ocrx_word' id='word_1_301' title='bbox 2110 3024 2382 3104; x_wconf 84' lang='lat' dir='ltr'>promis·</span> <span class='ocrx_word' id='word_1_302' title='bbox 2412 3024 2455 3087; x_wconf 89' lang='lat' dir='ltr'>C</span> <span class='ocrx_word' id='word_1_303' title='bbox 2488 3021 2792 3103; x_wconf 91' lang='lat' dir='ltr'>conjungi</span> <span class='ocrx_word' id='word_1_304' title='bbox 2849 3022 2929 3083; x_wconf 90' lang='lat' dir='ltr'>ad</span> <span class='ocrx_word' id='word_1_305' title='bbox 2983 3020 3429 3100; x_wconf 87' lang='lat' dir='ltr'>alienigenam.</span> <span class='ocrx_word' id='word_1_306' title='bbox 3484 3021 3661 3085; x_wconf 90' lang='lat' dir='ltr'>Unde</span> <span class='ocrx_word' id='word_1_307' title='bbox 3714 3032 3779 3085; x_wconf 89' lang='lat' dir='ltr'>et</span> <span class='ocrx_word' id='word_1_308' title='bbox 3832 3034 3983 3106; x_wconf 91' lang='lat' dir='ltr'>post</span> 
     </span>
    </p>
   </div>
   <div class='ocr_carea' id='block_1_12' title="bbox 883 3118 2379 4185">
    <p class='ocr_par' dir='ltr' id='par_1_13' title="bbox 883 3118 2379 4185">
     <span class='ocr_line' id='line_1_54' title="bbox 884 3118 2378 3200; baseline 0.001 -19"><span class='ocrx_word' id='word_1_309' title='bbox 884 3138 1048 3195; x_wconf 91' lang='lat' dir='ltr'>sum,</span> <span class='ocrx_word' id='word_1_310' title='bbox 1089 3119 1350 3200; x_wconf 89' lang='lat' dir='ltr'>jamque</span> <span class='ocrx_word' id='word_1_311' title='bbox 1389 3118 1455 3179; x_wconf 88' lang='lat' dir='ltr'>in</span> <span class='ocrx_word' id='word_1_312' title='bbox 1505 3137 1576 3181; x_wconf 90' lang='lat' dir='ltr'>ea</span> <span class='ocrx_word' id='word_1_313' title='bbox 1617 3118 1893 3200; x_wconf 87' lang='lat' dir='ltr'>positum</span> <span class='ocrx_word' id='word_1_314' title='bbox 1935 3138 2010 3181; x_wconf 91' lang='lat' dir='ltr'>ac</span> <span class='ocrx_word' id='word_1_315' title='bbox 2048 3119 2378 3183; x_wconf 66' lang='lat' dir='ltr'>oblatum?</span> 
     </span>
     <span class='ocr_line' id='line_1_55' title="bbox 883 3217 2376 3302; baseline 0.001 -22"><span class='ocrx_word' id='word_1_316' title='bbox 883 3217 1058 3292; x_wconf 90' lang='lat' dir='ltr'>Quod</span> <span class='ocrx_word' id='word_1_317' title='bbox 1088 3218 1168 3280; x_wconf 90' lang='lat' dir='ltr'>de</span> <span class='ocrx_word' id='word_1_318' title='bbox 1197 3218 1417 3280; x_wconf 91' lang='lat' dir='ltr'>electis</span> <span class='ocrx_word' id='word_1_319' title='bbox 1444 3218 1802 3280; x_wconf 81' lang='lat' dir='ltr'>Judaeorum</span> <span class='ocrx_word' id='word_1_320' title='bbox 1840 3218 2130 3299; x_wconf 89' lang='lat' dir='ltr'>reliquiis</span> <span class='ocrx_word' id='word_1_321' title='bbox 2170 3219 2376 3302; x_wconf 87' lang='lat' dir='ltr'>accipi</span> 
     </span>
     <span class='ocr_line' id='line_1_56' title="bbox 883 3316 2379 3397; baseline 0 -17"><span class='ocrx_word' id='word_1_322' title='bbox 883 3316 1198 3396; x_wconf 90' lang='lat' dir='ltr'>congruit,</span> <span class='ocrx_word' id='word_1_323' title='bbox 1227 3316 1342 3397; x_wconf 87' lang='lat' dir='ltr'>qui</span> <span class='ocrx_word' id='word_1_324' title='bbox 1372 3316 1605 3379; x_wconf 92' lang='lat' dir='ltr'>Christi</span> <span class='ocrx_word' id='word_1_325' title='bbox 1633 3316 1979 3378; x_wconf 88' lang='lat' dir='ltr'>adventum</span> <span class='ocrx_word' id='word_1_326' title='bbox 2012 3317 2379 3380; x_wconf 90' lang='lat' dir='ltr'>cordialiter</span> 
     </span>
     <span class='ocr_line' id='line_1_57' title="bbox 883 3415 2371 3497; baseline 0 -19"><span class='ocrx_word' id='word_1_327' title='bbox 883 3423 1284 3497; x_wconf 88' lang='lat' dir='ltr'>optaverunt,</span> <span class='ocrx_word' id='word_1_328' title='bbox 1327 3434 1601 3495; x_wconf 86' lang='lat' dir='ltr'>eumque</span> <span class='ocrx_word' id='word_1_329' title='bbox 1638 3423 2012 3496; x_wconf 83' lang='lat' dir='ltr'>praesentem</span> <span class='ocrx_word' id='word_1_330' title='bbox 2054 3415 2371 3494; x_wconf 83' lang='lat' dir='ltr'>viderunt,</span> 
     </span>
     <span class='ocr_line' id='line_1_58' title="bbox 884 3513 2377 3593; baseline 0.001 -17"><span class='ocrx_word' id='word_1_331' title='bbox 884 3522 993 3576; x_wconf 88' lang='lat' dir='ltr'>aut</span> <span class='ocrx_word' id='word_1_332' title='bbox 1021 3514 1272 3578; x_wconf 88' lang='lat' dir='ltr'>venisse</span> <span class='ocrx_word' id='word_1_333' title='bbox 1309 3514 1716 3577; x_wconf 90' lang='lat' dir='ltr'>crediderunt</span> <span class='ocrx_word' id='word_1_334' title='bbox 1754 3532 1900 3575; x_wconf 93' lang='lat' dir='ltr'>cum</span> <span class='ocrx_word' id='word_1_335' title='bbox 1941 3513 2184 3593; x_wconf 88' lang='lat' dir='ltr'>ingenti</span> <span class='ocrx_word' id='word_1_336' title='bbox 2220 3514 2377 3577; x_wconf 83' lang='lat' dir='ltr'>laeti-</span> 
     </span>
     <span class='ocr_line' id='line_1_59' title="bbox 885 3611 2375 3692; baseline 0.001 -17"><span class='ocrx_word' id='word_1_337' title='bbox 885 3612 994 3675; x_wconf 91' lang='lat' dir='ltr'>tia.</span> <span class='ocrx_word' id='word_1_338' title='bbox 1038 3612 1275 3676; x_wconf 90' lang='lat' dir='ltr'>Idcirco</span> <span class='ocrx_word' id='word_1_339' title='bbox 1315 3631 1442 3675; x_wconf 91' lang='lat' dir='ltr'>non</span> <span class='ocrx_word' id='word_1_340' title='bbox 1482 3611 1845 3692; x_wconf 87' lang='lat' dir='ltr'>mugierunt</span> <span class='ocrx_word' id='word_1_341' title='bbox 1885 3612 2229 3690; x_wconf 85' lang='lat' dir='ltr'>tristantes,</span> <span class='ocrx_word' id='word_1_342' title='bbox 2266 3615 2375 3677; x_wconf 92' lang='lat' dir='ltr'>sed</span> 
     </span>
     <span class='ocr_line' id='line_1_60' title="bbox 884 3710 2377 3795; baseline 0 -22"><span class='ocrx_word' id='word_1_343' title='bbox 884 3711 1242 3795; x_wconf 87' lang='lat' dir='ltr'>psallebant</span> <span class='ocrx_word' id='word_1_344' title='bbox 1288 3711 1657 3790; x_wconf 62' lang='lat' dir='ltr'>gaudentes</span> <span class='ocrx_word' id='word_1_345' title='bbox 1710 3710 2017 3790; x_wconf 84' lang='lat' dir='ltr'>Denique,</span> <span class='ocrx_word' id='word_1_346' title='bbox 2067 3712 2147 3773; x_wconf 91' lang='lat' dir='ltr'>de</span> <span class='ocrx_word' id='word_1_347' title='bbox 2196 3712 2377 3775; x_wconf 91' lang='lat' dir='ltr'>disci-</span> 
     </span>
     <span class='ocr_line' id='line_1_61' title="bbox 885 3807 2371 3890; baseline 0.003 -19"><span class='ocrx_word' id='word_1_348' title='bbox 885 3810 1054 3890; x_wconf 87' lang='lat' dir='ltr'>pulis</span> <span class='ocrx_word' id='word_1_349' title='bbox 1084 3808 1216 3871; x_wconf 92' lang='lat' dir='ltr'>suis</span> <span class='ocrx_word' id='word_1_350' title='bbox 1247 3807 1713 3870; x_wconf 86' lang='lat' dir='ltr'>dixitChristus</span> <span class='ocrx_word' id='word_1_351' title='bbox 1730 3808 1763 3869; x_wconf 87' lang='lat' dir='ltr'>J</span> <span class='ocrx_word' id='word_1_352' title='bbox 1769 3808 1962 3871; x_wconf 83' lang='lat' dir='ltr'>udaeis</span> <span class='ocrx_word' id='word_1_353' title='bbox 1985 3808 2331 3872; x_wconf 85' lang='lat' dir='ltr'>incredulis</span> <span class='ocrx_word' id='word_1_354' title='bbox 2356 3830 2371 3875; x_wconf 77' lang='lat' dir='ltr'>z</span> 
     </span>
     <span class='ocr_line' id='line_1_62' title="bbox 884 3905 2379 3989; baseline 0 -20"><span class='ocrx_word' id='word_1_355' title='bbox 884 3908 1204 3989; x_wconf 90' lang='lat' dir='ltr'>Numquid</span> <span class='ocrx_word' id='word_1_356' title='bbox 1226 3906 1441 3987; x_wconf 89' lang='lat' dir='ltr'>lugere</span> <span class='ocrx_word' id='word_1_357' title='bbox 1462 3916 1729 3989; x_wconf 92' lang='lat' dir='ltr'>possunt</span> <span class='ocrx_word' id='word_1_358' title='bbox 1752 3905 1874 3968; x_wconf 92' lang='lat' dir='ltr'>filii</span> <span class='ocrx_word' id='word_1_359' title='bbox 1899 3906 2138 3989; x_wconf 89' lang='lat' dir='ltr'>sponsi,</span> <span class='ocrx_word' id='word_1_360' title='bbox 2164 3926 2379 3989; x_wconf 90' lang='lat' dir='ltr'>quam-</span> 
     </span>
     <span class='ocr_line' id='line_1_63' title="bbox 885 4005 2378 4089; baseline 0.001 -21"><span class='ocrx_word' id='word_1_361' title='bbox 885 4006 994 4068; x_wconf 90' lang='lat' dir='ltr'>diu</span> <span class='ocrx_word' id='word_1_362' title='bbox 1024 4026 1168 4069; x_wconf 90' lang='lat' dir='ltr'>cum</span> <span class='ocrx_word' id='word_1_363' title='bbox 1203 4005 1330 4067; x_wconf 91' lang='lat' dir='ltr'>illis</span> <span class='ocrx_word' id='word_1_364' title='bbox 1363 4014 1459 4067; x_wconf 89' lang='lat' dir='ltr'>est</span> <span class='ocrx_word' id='word_1_365' title='bbox 1487 4008 1801 4087; x_wconf 69' lang='lat' dir='ltr'>sponsus?</span> <span class='ocrx_word' id='word_1_366' title='bbox 1831 4005 2067 4086; x_wconf 88' lang='lat' dir='ltr'>ltaque,</span> <span class='ocrx_word' id='word_1_367' title='bbox 2093 4024 2378 4089; x_wconf 83' lang='lat' dir='ltr'>praesepe</span> 
     </span>
     <span class='ocr_line' id='line_1_64' title="bbox 885 4103 2372 4185; baseline 0.001 -20"><span class='ocrx_word' id='word_1_368' title='bbox 885 4103 1010 4166; x_wconf 92' lang='lat' dir='ltr'>fuit</span> <span class='ocrx_word' id='word_1_369' title='bbox 1040 4104 1362 4185; x_wconf 89' lang='lat' dir='ltr'>Scriptura</span> <span class='ocrx_word' id='word_1_370' title='bbox 1395 4103 1628 4166; x_wconf 88' lang='lat' dir='ltr'>veteris</span> <span class='ocrx_word' id='word_1_371' title='bbox 1660 4103 2070 4180; x_wconf 81' lang='lat' dir='ltr'>Testamenti,</span> <span class='ocrx_word' id='word_1_372' title='bbox 2105 4123 2218 4167; x_wconf 92' lang='lat' dir='ltr'>seu</span> <span class='ocrx_word' id='word_1_373' title='bbox 2250 4104 2372 4182; x_wconf 81' lang='lat' dir='ltr'>lex,</span> 
     </span>
    </p>
   </div>
   <div class='ocr_carea' id='block_1_13' title="bbox 2485 3118 3991 4185">
    <p class='ocr_par' dir='ltr' id='par_1_14' title="bbox 2485 3118 3989 3972">
     <span class='ocr_line' id='line_1_65' title="bbox 2488 3118 3977 3202; baseline 0.003 -21"><span class='ocrx_word' id='word_1_374' title='bbox 2488 3120 2745 3202; x_wconf 90' lang='lat' dir='ltr'>quidam</span> <span class='ocrx_word' id='word_1_375' title='bbox 2776 3118 3065 3182; x_wconf 90' lang='lat' dir='ltr'>conversi</span> <span class='ocrx_word' id='word_1_376' title='bbox 3092 3119 3311 3196; x_wconf 84' lang='lat' dir='ltr'>Judaei,</span> <span class='ocrx_word' id='word_1_377' title='bbox 3348 3119 3540 3183; x_wconf 93' lang='lat' dir='ltr'>locuti</span> <span class='ocrx_word' id='word_1_378' title='bbox 3572 3129 3721 3183; x_wconf 87' lang='lat' dir='ltr'>sunt</span> <span class='ocrx_word' id='word_1_379' title='bbox 3747 3121 3935 3186; x_wconf 89' lang='lat' dir='ltr'>Petro</span> <span class='ocrx_word' id='word_1_380' title='bbox 3962 3142 3977 3185; x_wconf 91' lang='lat'>:</span> 
     </span>
     <span class='ocr_line' id='line_1_66' title="bbox 2485 3218 3985 3302; baseline 0.001 -21"><span class='ocrx_word' id='word_1_381' title='bbox 2485 3218 2688 3293; x_wconf 87' lang='lat' dir='ltr'>Quare</span> <span class='ocrx_word' id='word_1_382' title='bbox 2719 3218 2995 3281; x_wconf 87' lang='lat' dir='ltr'>introisti</span> <span class='ocrx_word' id='word_1_383' title='bbox 3024 3219 3102 3280; x_wconf 90' lang='lat' dir='ltr'>ad</span> <span class='ocrx_word' id='word_1_384' title='bbox 3123 3218 3293 3282; x_wconf 89' lang='lat' dir='ltr'>viros</span> <span class='ocrx_word' id='word_1_385' title='bbox 3325 3220 3707 3302; x_wconf 69' lang='lat' dir='ltr'>praeputium</span> <span class='ocrx_word' id='word_1_386' title='bbox 3738 3220 3985 3283; x_wconf 88' lang='lat' dir='ltr'>haben-</span> 
     </span>
     <span class='ocr_line' id='line_1_67' title="bbox 2487 3318 3985 3395; baseline 0.003 -16"><span class='ocrx_word' id='word_1_387' title='bbox 2487 3326 2604 3395; x_wconf 84' lang='lat' dir='ltr'>teS,</span> <span class='ocrx_word' id='word_1_388' title='bbox 2656 3325 2718 3381; x_wconf 92' lang='lat' dir='ltr'>et</span> <span class='ocrx_word' id='word_1_389' title='bbox 2763 3318 3164 3379; x_wconf 86' lang='lat' dir='ltr'>manducasti</span> <span class='ocrx_word' id='word_1_390' title='bbox 3212 3337 3357 3381; x_wconf 93' lang='lat' dir='ltr'>cum</span> <span class='ocrx_word' id='word_1_391' title='bbox 3405 3318 3551 3380; x_wconf 74' lang='lat' dir='ltr'>eis&#39;l</span> <span class='ocrx_word' id='word_1_392' title='bbox 3598 3319 3813 3381; x_wconf 89' lang='lat' dir='ltr'>Postea</span> <span class='ocrx_word' id='word_1_393' title='bbox 3866 3340 3985 3383; x_wconf 88' lang='lat' dir='ltr'>au-</span> 
     </span>
     <span class='ocr_line' id='line_1_68' title="bbox 2487 3415 3982 3498; baseline 0.003 -19"><span class='ocrx_word' id='word_1_394' title='bbox 2487 3424 2638 3493; x_wconf 88' lang='lat' dir='ltr'>tem,</span> <span class='ocrx_word' id='word_1_395' title='bbox 2662 3417 2858 3479; x_wconf 91' lang='lat' dir='ltr'>misso</span> <span class='ocrx_word' id='word_1_396' title='bbox 2889 3415 3128 3498; x_wconf 88' lang='lat' dir='ltr'>Spiritu</span> <span class='ocrx_word' id='word_1_397' title='bbox 3158 3415 3408 3492; x_wconf 79' lang='lat' dir='ltr'>Sancte,</span> <span class='ocrx_word' id='word_1_398' title='bbox 3432 3417 3561 3479; x_wconf 91' lang='lat' dir='ltr'>orsi</span> <span class='ocrx_word' id='word_1_399' title='bbox 3592 3426 3740 3480; x_wconf 91' lang='lat' dir='ltr'>sunt</span> <span class='ocrx_word' id='word_1_400' title='bbox 3768 3420 3982 3484; x_wconf 81' lang='lat' dir='ltr'>sancti</span> 
     </span>
     <span class='ocr_line' id='line_1_69' title="bbox 2486 3514 3984 3599; baseline 0.002 -22"><span class='ocrx_word' id='word_1_401' title='bbox 2486 3515 2771 3597; x_wconf 87' lang='lat' dir='ltr'>Apostoli</span> <span class='ocrx_word' id='word_1_402' title='bbox 2818 3514 3161 3596; x_wconf 83' lang='lat' dir='ltr'>praedicare</span> <span class='ocrx_word' id='word_1_403' title='bbox 3205 3515 3553 3595; x_wconf 90' lang='lat' dir='ltr'>gentilibus</span> <span class='ocrx_word' id='word_1_404' title='bbox 3601 3535 3731 3598; x_wconf 83' lang='lat' dir='ltr'>prae</span> <span class='ocrx_word' id='word_1_405' title='bbox 3774 3536 3984 3599; x_wconf 89' lang='lat' dir='ltr'>angu—</span> 
     </span>
     <span class='ocr_line' id='line_1_70' title="bbox 2488 3613 3981 3697; baseline 0.004 -22"><span class='ocrx_word' id='word_1_406' title='bbox 2488 3614 2607 3675; x_wconf 90' lang='lat' dir='ltr'>stia</span> <span class='ocrx_word' id='word_1_407' title='bbox 2636 3613 2962 3677; x_wconf 75' lang='lat' dir='ltr'>aestuantis</span> <span class='ocrx_word' id='word_1_408' title='bbox 2988 3613 3247 3690; x_wconf 80' lang='lat' dir='ltr'>amoriS‚</span> <span class='ocrx_word' id='word_1_409' title='bbox 3272 3613 3981 3697; x_wconf 88' lang='lat' dir='ltr'>incorporaveruntque</span> 
     </span>
     <span class='ocr_line' id='line_1_71' title="bbox 2488 3711 3983 3796; baseline 0.003 -22"><span class='ocrx_word' id='word_1_410' title='bbox 2488 3730 2595 3775; x_wconf 90' lang='lat' dir='ltr'>eos</span> <span class='ocrx_word' id='word_1_411' title='bbox 2634 3711 2780 3787; x_wconf 90' lang='lat' dir='ltr'>sibi,</span> <span class='ocrx_word' id='word_1_412' title='bbox 2823 3719 2887 3774; x_wconf 92' lang='lat' dir='ltr'>et</span> <span class='ocrx_word' id='word_1_413' title='bbox 2922 3712 3003 3775; x_wconf 90' lang='lat' dir='ltr'>de</span> <span class='ocrx_word' id='word_1_414' title='bbox 3048 3730 3267 3774; x_wconf 89' lang='lat' dir='ltr'>eorum</span> <span class='ocrx_word' id='word_1_415' title='bbox 3314 3712 3731 3776; x_wconf 88' lang='lat' dir='ltr'>conversione</span> <span class='ocrx_word' id='word_1_416' title='bbox 3777 3724 3983 3796; x_wconf 88' lang='lat' dir='ltr'>atque</span> 
     </span>
     <span class='ocr_line' id='line_1_72' title="bbox 2488 3809 3989 3877; baseline 0.004 -6"><span class='ocrx_word' id='word_1_417' title='bbox 2488 3810 2691 3873; x_wconf 89' lang='lat' dir='ltr'>salute</span> <span class='ocrx_word' id='word_1_418' title='bbox 2730 3818 2943 3872; x_wconf 89' lang='lat' dir='ltr'>mente</span> <span class='ocrx_word' id='word_1_419' title='bbox 2982 3809 3205 3873; x_wconf 85' lang='lat' dir='ltr'>refecti</span> <span class='ocrx_word' id='word_1_420' title='bbox 3234 3819 3385 3873; x_wconf 90' lang='lat' dir='ltr'>sunt</span> <span class='ocrx_word' id='word_1_421' title='bbox 3413 3829 3538 3873; x_wconf 93' lang='lat' dir='ltr'>non</span> <span class='ocrx_word' id='word_1_422' title='bbox 3572 3811 3989 3877; x_wconf 86' lang='lat' dir='ltr'>mediocriter</span> 
     </span>
     <span class='ocr_line' id='line_1_73' title="bbox 2489 3908 2811 3972; baseline -0.003 -2"><span class='ocrx_word' id='word_1_423' title='bbox 2489 3908 2811 3972; x_wconf 86' lang='lat' dir='ltr'>deliciose.</span> 
     </span>
    </p>

    <p class='ocr_par' dir='ltr' id='par_1_15' title="bbox 2486 4008 3991 4185">
     <span class='ocr_line' id='line_1_74' title="bbox 2569 4008 3991 4085; baseline 0.001 -19"><span class='ocrx_word' id='word_1_424' title='bbox 2569 4009 2726 4075; x_wconf 80' lang='lat' dir='ltr'>Quis</span> <span class='ocrx_word' id='word_1_425' title='bbox 2756 4008 2925 4067; x_wconf 65' lang='lat' dir='ltr'>milei</span> <span class='ocrx_word' id='word_1_426' title='bbox 2960 4008 3065 4066; x_wconf 77' lang='lat' dir='ltr'>det</span> <span class='ocrx_word' id='word_1_427' title='bbox 3104 4016 3177 4067; x_wconf 77' lang='lat' dir='ltr'>uc</span> <span class='ocrx_word' id='word_1_428' title='bbox 3214 4008 3433 4067; x_wconf 77' lang='lat' dir='ltr'>veniat</span> <span class='ocrx_word' id='word_1_429' title='bbox 3464 4008 3692 4085; x_wconf 74' lang='lat' dir='ltr'>petitio</span> <span class='ocrx_word' id='word_1_430' title='bbox 3723 4028 3893 4077; x_wconf 85' lang='lat' dir='ltr'>mea,</span> <span class='ocrx_word' id='word_1_431' title='bbox 3926 4020 3991 4069; x_wconf 76' lang='lat' dir='ltr'>et</span> 
     </span>
     <span class='ocr_line' id='line_1_75' title="bbox 2486 4106 3991 4185; baseline 0.002 -22"><span class='ocrx_word' id='word_1_432' title='bbox 2486 4108 2657 4185; x_wconf 71' lang='lat' dir='ltr'>quod</span> <span class='ocrx_word' id='word_1_433' title='bbox 2692 4114 3005 4183; x_wconf 61' lang='lat' dir='ltr'>ean-specto,</span> <span class='ocrx_word' id='word_1_434' title='bbox 3037 4106 3281 4165; x_wconf 73' lang='lat' dir='ltr'>tribuat</span> <span class='ocrx_word' id='word_1_435' title='bbox 3320 4107 3487 4165; x_wconf 73' lang='lat' dir='ltr'>mihi</span> <span class='ocrx_word' id='word_1_436' title='bbox 3514 4107 3734 4165; x_wconf 75' lang='lat' dir='ltr'>Deus?</span> <span class='ocrx_word' id='word_1_437' title='bbox 3762 4116 3823 4165; x_wconf 77' lang='lat' dir='ltr'>et</span> <span class='ocrx_word' id='word_1_438' title='bbox 3860 4110 3991 4185; x_wconf 78' lang='lat' dir='ltr'>qui</span> 
     </span>
    </p>
   </div>
   <div class='ocr_carea' id='block_1_14' title="bbox 884 4198 3991 4283">
    <p class='ocr_par' dir='ltr' id='par_1_16' title="bbox 884 4198 3991 4283">
     <span class='ocr_line' id='line_1_76' title="bbox 884 4198 3991 4283; baseline 0 -18"><span class='ocrx_word' id='word_1_439' title='bbox 884 4222 1026 4283; x_wconf 84' lang='lat' dir='ltr'>quae</span> <span class='ocrx_word' id='word_1_440' title='bbox 1057 4202 1196 4263; x_wconf 89' lang='lat' dir='ltr'>sine</span> <span class='ocrx_word' id='word_1_441' title='bbox 1223 4200 1474 4264; x_wconf 89' lang='lat' dir='ltr'>Christo</span> <span class='ocrx_word' id='word_1_442' title='bbox 1502 4220 1701 4264; x_wconf 88' lang='lat' dir='ltr'>vacua</span> <span class='ocrx_word' id='word_1_443' title='bbox 1736 4198 1878 4276; x_wconf 86' lang='lat' dir='ltr'>fuit,</span> <span class='ocrx_word' id='word_1_444' title='bbox 1914 4209 1977 4262; x_wconf 90' lang='lat' dir='ltr'>et</span> <span class='ocrx_word' id='word_1_445' title='bbox 2010 4202 2148 4283; x_wconf 90' lang='lat' dir='ltr'>ipso</span> <span class='ocrx_word' id='word_1_446' title='bbox 2181 4202 2378 4264; x_wconf 78' lang='lat' dir='ltr'>incar·</span> <span class='ocrx_word' id='word_1_447' title='bbox 2407 4205 2458 4266; x_wconf 92' lang='lat' dir='ltr'>D</span> <span class='ocrx_word' id='word_1_448' title='bbox 2485 4204 2700 4280; x_wconf 77' lang='lat' dir='ltr'>coepit,</span> <span class='ocrx_word' id='word_1_449' title='bbox 2740 4205 2874 4280; x_wconf 75' lang='lat' dir='ltr'>ipse</span> <span class='ocrx_word' id='word_1_450' title='bbox 2916 4222 3013 4262; x_wconf 84' lang='lat' dir='ltr'>me</span> <span class='ocrx_word' id='word_1_451' title='bbox 3057 4212 3363 4273; x_wconf 75' lang='lat' dir='ltr'>conterat,</span> <span class='ocrx_word' id='word_1_452' title='bbox 3400 4205 3569 4265; x_wconf 74' lang='lat' dir='ltr'>etc.3</span> <span class='ocrx_word' id='word_1_453' title='bbox 3605 4203 3786 4265; x_wconf 84' lang='lat' dir='ltr'>Juxta</span> <span class='ocrx_word' id='word_1_454' title='bbox 3834 4222 3991 4267; x_wconf 87' lang='lat' dir='ltr'>sen-</span> 
     </span>
    </p>
   </div>
   <div class='ocr_carea' id='block_1_15' title="bbox 877 4299 2377 4775">
    <p class='ocr_par' dir='ltr' id='par_1_17' title="bbox 877 4299 2377 4775">
     <span class='ocr_line' id='line_1_77' title="bbox 882 4299 2377 4381; baseline 0.001 -20"><span class='ocrx_word' id='word_1_455' title='bbox 882 4308 1033 4363; x_wconf 91' lang='lat' dir='ltr'>nato</span> <span class='ocrx_word' id='word_1_456' title='bbox 1064 4300 1302 4381; x_wconf 86' lang='lat' dir='ltr'>repleta</span> <span class='ocrx_word' id='word_1_457' title='bbox 1336 4307 1450 4361; x_wconf 89' lang='lat' dir='ltr'>est.</span> <span class='ocrx_word' id='word_1_458' title='bbox 1473 4302 1607 4360; x_wconf 70' lang='lat' dir='ltr'>Aac</span> <span class='ocrx_word' id='word_1_459' title='bbox 1630 4302 1868 4378; x_wconf 76' lang='lat' dir='ltr'>poterit</span> <span class='ocrx_word' id='word_1_460' title='bbox 1895 4302 2162 4371; x_wconf 82' lang='lat' dir='ltr'>comedi,</span> <span class='ocrx_word' id='word_1_461' title='bbox 2187 4299 2251 4362; x_wconf 93' lang='lat' dir='ltr'>id</span> <span class='ocrx_word' id='word_1_462' title='bbox 2281 4310 2377 4363; x_wconf 89' lang='lat' dir='ltr'>est</span> 
     </span>
     <span class='ocr_line' id='line_1_78' title="bbox 882 4396 2377 4474; baseline 0.001 -15"><span class='ocrx_word' id='word_1_463' title='bbox 882 4406 1092 4461; x_wconf 91' lang='lat' dir='ltr'>mente</span> <span class='ocrx_word' id='word_1_464' title='bbox 1123 4397 1289 4460; x_wconf 86' lang='lat' dir='ltr'>sumi</span> <span class='ocrx_word' id='word_1_465' title='bbox 1319 4416 1393 4461; x_wconf 92' lang='lat' dir='ltr'>ac</span> <span class='ocrx_word' id='word_1_466' title='bbox 1423 4396 1769 4474; x_wconf 89' lang='lat' dir='ltr'>masticari,</span> <span class='ocrx_word' id='word_1_467' title='bbox 1803 4399 2153 4467; x_wconf 80' lang='lat' dir='ltr'>insulsum,</span> <span class='ocrx_word' id='word_1_468' title='bbox 2185 4397 2249 4461; x_wconf 92' lang='lat' dir='ltr'>id</span> <span class='ocrx_word' id='word_1_469' title='bbox 2280 4407 2377 4461; x_wconf 91' lang='lat' dir='ltr'>est</span> 
     </span>
     <span class='ocr_line' id='line_1_79' title="bbox 881 4494 2375 4578; baseline -0.001 -18"><span class='ocrx_word' id='word_1_470' title='bbox 881 4504 1063 4560; x_wconf 88' lang='lat' dir='ltr'>vetus</span> <span class='ocrx_word' id='word_1_471' title='bbox 1106 4496 1598 4571; x_wconf 85' lang='lat' dir='ltr'>Testamentum,</span> <span class='ocrx_word' id='word_1_472' title='bbox 1642 4515 1754 4559; x_wconf 92' lang='lat' dir='ltr'>seu</span> <span class='ocrx_word' id='word_1_473' title='bbox 1803 4495 1902 4557; x_wconf 82' lang='lat' dir='ltr'>lex</span> <span class='ocrx_word' id='word_1_474' title='bbox 1948 4504 2012 4557; x_wconf 92' lang='lat' dir='ltr'>et</span> <span class='ocrx_word' id='word_1_475' title='bbox 2049 4494 2375 4578; x_wconf 85' lang='lat' dir='ltr'>Scriptura</span> 
     </span>
     <span class='ocr_line' id='line_1_80' title="bbox 882 4592 2375 4676; baseline 0.001 -21"><span class='ocrx_word' id='word_1_476' title='bbox 882 4592 1085 4675; x_wconf 91' lang='lat' dir='ltr'>ipsius</span> <span class='ocrx_word' id='word_1_477' title='bbox 1121 4594 1203 4656; x_wconf 92' lang='lat' dir='ltr'>ad</span> <span class='ocrx_word' id='word_1_478' title='bbox 1240 4593 1515 4657; x_wconf 90' lang='lat' dir='ltr'>litteram</span> <span class='ocrx_word' id='word_1_479' title='bbox 1558 4593 1903 4669; x_wconf 89' lang='lat' dir='ltr'>intellecta,</span> <span class='ocrx_word' id='word_1_480' title='bbox 1945 4612 2073 4656; x_wconf 94' lang='lat' dir='ltr'>non</span> <span class='ocrx_word' id='word_1_481' title='bbox 2114 4594 2375 4676; x_wconf 90' lang='lat' dir='ltr'>spiritu—</span> 
     </span>
     <span class='ocr_line' id='line_1_81' title="bbox 877 4691 2370 4775; baseline 0.001 -21"><span class='ocrx_word' id='word_1_482' title='bbox 877 4691 1066 4755; x_wconf 88' lang='lat' dir='ltr'>aliter</span> <span class='ocrx_word' id='word_1_483' title='bbox 1103 4695 1397 4775; x_wconf 64' lang='lat' dir='ltr'>sumptat</span> <span class='ocrx_word' id='word_1_484' title='bbox 1428 4692 1563 4755; x_wconf 91' lang='lat' dir='ltr'>Non</span> <span class='ocrx_word' id='word_1_485' title='bbox 1604 4692 1851 4772; x_wconf 91' lang='lat' dir='ltr'>utique.</span> <span class='ocrx_word' id='word_1_486' title='bbox 1887 4691 1989 4754; x_wconf 91' lang='lat' dir='ltr'>Sic</span> <span class='ocrx_word' id='word_1_487' title='bbox 2027 4692 2197 4755; x_wconf 91' lang='lat' dir='ltr'>enim</span> <span class='ocrx_word' id='word_1_488' title='bbox 2242 4711 2370 4756; x_wconf 90' lang='lat' dir='ltr'>non</span> 
     </span>
    </p>
   </div>
   <div class='ocr_carea' id='block_1_16' title="bbox 583 4790 2371 4872">
    <p class='ocr_par' dir='ltr' id='par_1_18' title="bbox 583 4790 2371 4872">
     <span class='ocr_line' id='line_1_82' title="bbox 583 4790 2371 4872; baseline -0.003 -14"><span class='ocrx_word' id='word_1_489' title='bbox 583 4813 843 4867; x_wconf 52' lang='lat' dir='ltr'>neamus</span> <span class='ocrx_word' id='word_1_490' title='bbox 879 4790 1113 4870; x_wconf 84' lang='lat' dir='ltr'>reficit,</span> <span class='ocrx_word' id='word_1_491' title='bbox 1147 4792 1256 4855; x_wconf 90' lang='lat' dir='ltr'>sed</span> <span class='ocrx_word' id='word_1_492' title='bbox 1285 4791 1540 4867; x_wconf 87' lang='lat' dir='ltr'>occidit,</span> <span class='ocrx_word' id='word_1_493' title='bbox 1573 4791 1826 4853; x_wconf 90' lang='lat' dir='ltr'>dicente</span> <span class='ocrx_word' id='word_1_494' title='bbox 1855 4790 2160 4872; x_wconf 87' lang='lat' dir='ltr'>Apostolo</span> <span class='ocrx_word' id='word_1_495' title='bbox 2196 4809 2210 4852; x_wconf 79' lang='grc' dir='ltr'>ε</span> <span class='ocrx_word' id='word_1_496' title='bbox 2246 4791 2371 4853; x_wconf 87' lang='lat' dir='ltr'>Lit-</span> 
     </span>
    </p>
   </div>
   <div class='ocr_carea' id='block_1_17' title="bbox 871 4887 2369 5363">
    <p class='ocr_par' dir='ltr' id='par_1_19' title="bbox 871 4887 2369 5363">
     <span class='ocr_line' id='line_1_83' title="bbox 877 4887 2366 4970; baseline -0.002 -17"><span class='ocrx_word' id='word_1_497' title='bbox 877 4899 1011 4953; x_wconf 88' lang='lat' dir='ltr'>tera</span> <span class='ocrx_word' id='word_1_498' title='bbox 1049 4890 1303 4966; x_wconf 89' lang='lat' dir='ltr'>occidit,</span> <span class='ocrx_word' id='word_1_499' title='bbox 1347 4888 1622 4970; x_wconf 89' lang='lat' dir='ltr'>Spiritus</span> <span class='ocrx_word' id='word_1_500' title='bbox 1658 4895 1870 4950; x_wconf 89' lang='lat' dir='ltr'>autem</span> <span class='ocrx_word' id='word_1_501' title='bbox 1913 4887 2224 4951; x_wconf 86' lang='lat' dir='ltr'>vivificat.</span> <span class='ocrx_word' id='word_1_502' title='bbox 2266 4889 2366 4951; x_wconf 89' lang='lat' dir='ltr'>Sal</span> 
     </span>
     <span class='ocr_line' id='line_1_84' title="bbox 875 4984 2369 5069; baseline -0.003 -17"><span class='ocrx_word' id='word_1_503' title='bbox 875 5006 1026 5069; x_wconf 88' lang='lat' dir='ltr'>ergo</span> <span class='ocrx_word' id='word_1_504' title='bbox 1070 4986 1296 5051; x_wconf 80' lang='lat' dir='ltr'>litterae</span> <span class='ocrx_word' id='word_1_505' title='bbox 1345 4986 1524 5067; x_wconf 81' lang='lat' dir='ltr'>legiS,</span> <span class='ocrx_word' id='word_1_506' title='bbox 1567 4994 1664 5049; x_wconf 91' lang='lat' dir='ltr'>est</span> <span class='ocrx_word' id='word_1_507' title='bbox 1712 4984 2133 5064; x_wconf 89' lang='lat' dir='ltr'>intelligentia</span> <span class='ocrx_word' id='word_1_508' title='bbox 2182 4986 2369 5068; x_wconf 88' lang='lat' dir='ltr'>spiri-</span> 
     </span>
     <span class='ocr_line' id='line_1_85' title="bbox 874 5082 2368 5168; baseline -0.003 -19"><span class='ocrx_word' id='word_1_509' title='bbox 874 5086 1066 5149; x_wconf 88' lang='lat' dir='ltr'>tualis</span> <span class='ocrx_word' id='word_1_510' title='bbox 1102 5104 1115 5147; x_wconf 93' lang='lat'><strong>:</strong></span> <span class='ocrx_word' id='word_1_511' title='bbox 1149 5106 1274 5168; x_wconf 92' lang='lat' dir='ltr'>qua</span> <span class='ocrx_word' id='word_1_512' title='bbox 1314 5085 1369 5148; x_wconf 93' lang='lat' dir='ltr'>si</span> <span class='ocrx_word' id='word_1_513' title='bbox 1409 5084 1604 5148; x_wconf 88' lang='lat' dir='ltr'>fuerit</span> <span class='ocrx_word' id='word_1_514' title='bbox 1643 5084 1967 5164; x_wconf 89' lang='lat' dir='ltr'>Scriptura</span> <span class='ocrx_word' id='word_1_515' title='bbox 2007 5082 2116 5145; x_wconf 91' lang='lat' dir='ltr'>illa</span> <span class='ocrx_word' id='word_1_516' title='bbox 2147 5084 2368 5146; x_wconf 93' lang='lat' dir='ltr'>condi-</span> 
     </span>
     <span class='ocr_line' id='line_1_86' title="bbox 873 5181 2366 5262; baseline -0.003 -15"><span class='ocrx_word' id='word_1_517' title='bbox 873 5194 957 5262; x_wconf 83' lang='lat' dir='ltr'>ta,</span> <span class='ocrx_word' id='word_1_518' title='bbox 1001 5185 1122 5249; x_wconf 92' lang='lat' dir='ltr'>erit</span> <span class='ocrx_word' id='word_1_519' title='bbox 1167 5183 1508 5247; x_wconf 87' lang='lat' dir='ltr'>salubriter</span> <span class='ocrx_word' id='word_1_520' title='bbox 1557 5181 1883 5246; x_wconf 84' lang='lat' dir='ltr'>refectiva.</span> <span class='ocrx_word' id='word_1_521' title='bbox 1927 5186 2062 5243; x_wconf 76' lang='lat' dir='ltr'>Aac</span> <span class='ocrx_word' id='word_1_522' title='bbox 2101 5192 2366 5260; x_wconf 70' lang='lat' dir='ltr'>qus-tare</span> 
     </span>
     <span class='ocr_line' id='line_1_87' title="bbox 871 5284 2367 5363; baseline -0.001 -18"><span class='ocrx_word' id='word_1_523' title='bbox 871 5285 1117 5363; x_wconf 81' lang='lat' dir='ltr'>aliquis</span> <span class='ocrx_word' id='word_1_524' title='bbox 1135 5292 1367 5363; x_wconf 75' lang='lat' dir='ltr'>potest,</span> <span class='ocrx_word' id='word_1_525' title='bbox 1394 5284 1566 5363; x_wconf 81' lang='lat' dir='ltr'>quod</span> <span class='ocrx_word' id='word_1_526' title='bbox 1585 5289 1948 5359; x_wconf 70' lang='lat' dir='ltr'>yuscatum,</span> <span class='ocrx_word' id='word_1_527' title='bbox 1977 5285 2166 5359; x_wconf 62' lang='lat' dir='ltr'>affieri!</span> <span class='ocrx_word' id='word_1_528' title='bbox 2196 5302 2367 5343; x_wconf 87' lang='lat' dir='ltr'>mor-</span> 
     </span>
    </p>
   </div>
   <div class='ocr_carea' id='block_1_18' title="bbox 2474 4300 3989 5169">
    <p class='ocr_par' dir='ltr' id='par_1_20' title="bbox 2474 4300 3989 5169">
     <span class='ocr_line' id='line_1_88' title="bbox 2486 4300 3987 4382; baseline 0.003 -21"><span class='ocrx_word' id='word_1_529' title='bbox 2486 4319 2649 4376; x_wconf 91' lang='lat' dir='ltr'>sum,</span> <span class='ocrx_word' id='word_1_530' title='bbox 2686 4319 2815 4382; x_wconf 91' lang='lat' dir='ltr'>quo</span> <span class='ocrx_word' id='word_1_531' title='bbox 2843 4300 3224 4382; x_wconf 79' lang='lat' dir='ltr'>praecedenti</span> <span class='ocrx_word' id='word_1_532' title='bbox 3253 4300 3524 4363; x_wconf 88' lang='lat' dir='ltr'>articulo</span> <span class='ocrx_word' id='word_1_533' title='bbox 3554 4301 3816 4365; x_wconf 88' lang='lat' dir='ltr'>verbum</span> <span class='ocrx_word' id='word_1_534' title='bbox 3857 4301 3987 4366; x_wconf 88' lang='lat' dir='ltr'>hoc</span> 
     </span>
     <span class='ocr_line' id='line_1_89' title="bbox 2485 4398 3987 4480; baseline 0.002 -21"><span class='ocrx_word' id='word_1_535' title='bbox 2485 4398 2563 4460; x_wconf 93' lang='lat' dir='ltr'>de</span> <span class='ocrx_word' id='word_1_536' title='bbox 2602 4406 2821 4462; x_wconf 89' lang='lat' dir='ltr'>sancto</span> <span class='ocrx_word' id='word_1_537' title='bbox 2867 4398 2983 4461; x_wconf 78' lang='lat' dir='ltr'>Iob</span> <span class='ocrx_word' id='word_1_538' title='bbox 3032 4406 3231 4461; x_wconf 82' lang='lat' dir='ltr'>exstat</span> <span class='ocrx_word' id='word_1_539' title='bbox 3276 4399 3658 4480; x_wconf 83' lang='lat' dir='ltr'>expositum,</span> <span class='ocrx_word' id='word_1_540' title='bbox 3699 4399 3987 4480; x_wconf 85' lang='lat' dir='ltr'>intelligi</span> 
     </span>
     <span class='ocr_line' id='line_1_90' title="bbox 2484 4497 3987 4579; baseline 0.002 -21"><span class='ocrx_word' id='word_1_541' title='bbox 2484 4504 2693 4578; x_wconf 91' lang='lat' dir='ltr'>potest</span> <span class='ocrx_word' id='word_1_542' title='bbox 2720 4497 2798 4559; x_wconf 93' lang='lat' dir='ltr'>de</span> <span class='ocrx_word' id='word_1_543' title='bbox 2826 4516 3233 4578; x_wconf 90' lang='lat' dir='ltr'>quocumque</span> <span class='ocrx_word' id='word_1_544' title='bbox 3268 4498 3440 4579; x_wconf 89' lang='lat' dir='ltr'>justo</span> <span class='ocrx_word' id='word_1_545' title='bbox 3480 4497 3545 4559; x_wconf 91' lang='lat' dir='ltr'>in</span> <span class='ocrx_word' id='word_1_546' title='bbox 3578 4497 3987 4578; x_wconf 86' lang='lat' dir='ltr'>gravissimis</span> 
     </span>
     <span class='ocr_line' id='line_1_91' title="bbox 2484 4594 3989 4677; baseline 0.002 -21"><span class='ocrx_word' id='word_1_547' title='bbox 2484 4594 3007 4658; x_wconf 88' lang='lat' dir='ltr'>tribulationibus</span> <span class='ocrx_word' id='word_1_548' title='bbox 3045 4596 3413 4673; x_wconf 88' lang='lat' dir='ltr'>constituto,</span> <span class='ocrx_word' id='word_1_549' title='bbox 3457 4596 3568 4677; x_wconf 91' lang='lat' dir='ltr'>qui</span> <span class='ocrx_word' id='word_1_550' title='bbox 3611 4596 3841 4659; x_wconf 89' lang='lat' dir='ltr'>timore</span> <span class='ocrx_word' id='word_1_551' title='bbox 3880 4597 3989 4661; x_wconf 84' lang='lat' dir='ltr'>of-</span> 
     </span>
     <span class='ocr_line' id='line_1_92' title="bbox 2484 4692 3987 4778; baseline 0.004 -24"><span class='ocrx_word' id='word_1_552' title='bbox 2484 4692 2789 4757; x_wconf 87' lang='lat' dir='ltr'>fendendi</span> <span class='ocrx_word' id='word_1_553' title='bbox 2827 4694 3025 4757; x_wconf 89' lang='lat' dir='ltr'>Deum</span> <span class='ocrx_word' id='word_1_554' title='bbox 3074 4701 3136 4757; x_wconf 85' lang='lat' dir='ltr'>e&#39;t</span> <span class='ocrx_word' id='word_1_555' title='bbox 3182 4694 3368 4758; x_wconf 78' lang='lat' dir='ltr'>taedio</span> <span class='ocrx_word' id='word_1_556' title='bbox 3416 4695 3729 4757; x_wconf 88' lang='lat' dir='ltr'>malorum</span> <span class='ocrx_word' id='word_1_557' title='bbox 3766 4695 3987 4778; x_wconf 76' lang='lat' dir='ltr'>culpae</span> 
     </span>
     <span class='ocr_line' id='line_1_93' title="bbox 2482 4791 3987 4874; baseline 0.003 -21"><span class='ocrx_word' id='word_1_558' title='bbox 2482 4791 2698 4854; x_wconf 81' lang='lat' dir='ltr'>saeculi</span> <span class='ocrx_word' id='word_1_559' title='bbox 2737 4793 2954 4874; x_wconf 82' lang='lat' dir='ltr'>hujuS,</span> <span class='ocrx_word' id='word_1_560' title='bbox 2996 4792 3438 4874; x_wconf 90' lang='lat' dir='ltr'>desiderioque</span> <span class='ocrx_word' id='word_1_561' title='bbox 3476 4793 3739 4857; x_wconf 91' lang='lat' dir='ltr'>visionis</span> <span class='ocrx_word' id='word_1_562' title='bbox 3776 4794 3987 4857; x_wconf 87' lang='lat' dir='ltr'>beati-</span> 
     </span>
     <span class='ocr_line' id='line_1_94' title="bbox 2480 4890 3985 4974; baseline 0.003 -23"><span class='ocrx_word' id='word_1_563' title='bbox 2480 4890 2622 4953; x_wconf 80' lang='lat' dir='ltr'>ficae</span> <span class='ocrx_word' id='word_1_564' title='bbox 2668 4891 2902 4953; x_wconf 91' lang='lat' dir='ltr'>summi</span> <span class='ocrx_word' id='word_1_565' title='bbox 2954 4891 3080 4967; x_wconf 92' lang='lat' dir='ltr'>Dei,</span> <span class='ocrx_word' id='word_1_566' title='bbox 3123 4892 3303 4974; x_wconf 90' lang='lat' dir='ltr'>cupit</span> <span class='ocrx_word' id='word_1_567' title='bbox 3348 4892 3633 4969; x_wconf 88' lang='lat' dir='ltr'>dissolvi,</span> <span class='ocrx_word' id='word_1_568' title='bbox 3664 4900 3729 4955; x_wconf 90' lang='lat' dir='ltr'>et</span> <span class='ocrx_word' id='word_1_569' title='bbox 3767 4894 3985 4957; x_wconf 87' lang='lat' dir='ltr'>tribu-</span> 
     </span>
     <span class='ocr_line' id='line_1_95' title="bbox 2478 4986 3983 5055; baseline 0.004 -6"><span class='ocrx_word' id='word_1_570' title='bbox 2478 4986 2780 5052; x_wconf 91' lang='lat' dir='ltr'>lationem</span> <span class='ocrx_word' id='word_1_571' title='bbox 2820 4988 2943 5050; x_wconf 91' lang='lat' dir='ltr'>sibi</span> <span class='ocrx_word' id='word_1_572' title='bbox 2986 4988 3300 5052; x_wconf 80' lang='lat' dir='ltr'>inflictam</span> <span class='ocrx_word' id='word_1_573' title='bbox 3346 4990 3705 5053; x_wconf 88' lang='lat' dir='ltr'>continuari</span> <span class='ocrx_word' id='word_1_574' title='bbox 3754 5010 3827 5054; x_wconf 92' lang='lat' dir='ltr'>ac</span> <span class='ocrx_word' id='word_1_575' title='bbox 3882 4992 3983 5055; x_wconf 87' lang='lat' dir='ltr'>in-</span> 
     </span>
     <span class='ocr_line' id='line_1_96' title="bbox 2474 5086 3977 5169; baseline 0.004 -22"><span class='ocrx_word' id='word_1_576' title='bbox 2474 5104 2866 5165; x_wconf 87' lang='lat' dir='ltr'>gravescere,</span> <span class='ocrx_word' id='word_1_577' title='bbox 2929 5106 3263 5169; x_wconf 90' lang='lat' dir='ltr'>quousque</span> <span class='ocrx_word' id='word_1_578' title='bbox 3316 5086 3645 5151; x_wconf 86' lang='lat' dir='ltr'>auferatur</span> <span class='ocrx_word' id='word_1_579' title='bbox 3698 5090 3777 5152; x_wconf 91' lang='lat' dir='ltr'>de</span> <span class='ocrx_word' id='word_1_580' title='bbox 3832 5090 3977 5154; x_wconf 84' lang='lat' dir='ltr'>vita</span> 
     </span>
    </p>
   </div>
   <div class='ocr_carea' id='block_1_19' title="bbox 2475 5183 4262 5267">
    <p class='ocr_par' dir='ltr' id='par_1_21' title="bbox 2475 5183 4262 5267">
     <span class='ocr_line' id='line_1_97' title="bbox 2475 5183 4262 5267; baseline 0.005 -23"><span class='ocrx_word' id='word_1_581' title='bbox 2475 5184 2793 5265; x_wconf 82' lang='lat' dir='ltr'>praesenti.</span> <span class='ocrx_word' id='word_1_582' title='bbox 2840 5183 2941 5247; x_wconf 93' lang='lat' dir='ltr'>Sic</span> <span class='ocrx_word' id='word_1_583' title='bbox 2980 5204 3210 5267; x_wconf 91' lang='lat' dir='ltr'>nempe</span> <span class='ocrx_word' id='word_1_584' title='bbox 3256 5185 3417 5249; x_wconf 88' lang='lat' dir='ltr'>dixit</span> <span class='ocrx_word' id='word_1_585' title='bbox 3449 5186 3785 5267; x_wconf 85' lang='lat' dir='ltr'>Apostolus</span> <span class='ocrx_word' id='word_1_586' title='bbox 3818 5206 3835 5249; x_wconf 73' lang='grc' dir='ltr'>ε</span> <span class='ocrx_word' id='word_1_587' title='bbox 3874 5188 3978 5251; x_wconf 89' lang='lat' dir='ltr'>ln-</span> <span class='ocrx_word' id='word_1_588' title='bbox 4058 5206 4262 5253; x_wconf 58' lang='lat' dir='ltr'>nomm</span> 
     </span>
    </p>
   </div>
   <div class='ocr_carea' id='block_1_20' title="bbox 2475 5276 4079 5365">
    <p class='ocr_par' dir='ltr' id='par_1_22' title="bbox 2475 5276 4079 5365">
     <span class='ocr_line' id='line_1_98' title="bbox 2475 5276 4079 5365; baseline 0.005 -22"><span class='ocrx_word' id='word_1_589' title='bbox 2475 5280 2631 5345; x_wconf 79' lang='lat' dir='ltr'>felix</span> <span class='ocrx_word' id='word_1_590' title='bbox 2657 5300 2774 5363; x_wconf 89' lang='lat' dir='ltr'>ego</span> <span class='ocrx_word' id='word_1_591' title='bbox 2800 5282 3015 5360; x_wconf 83' lang='lat' dir='ltr'>home,</span> <span class='ocrx_word' id='word_1_592' title='bbox 3048 5284 3194 5365; x_wconf 89' lang='lat' dir='ltr'>quis</span> <span class='ocrx_word' id='word_1_593' title='bbox 3230 5303 3335 5347; x_wconf 90' lang='lat' dir='ltr'>me</span> <span class='ocrx_word' id='word_1_594' title='bbox 3371 5284 3671 5349; x_wconf 89' lang='lat' dir='ltr'>liberabit</span> <span class='ocrx_word' id='word_1_595' title='bbox 3708 5288 3789 5351; x_wconf 90' lang='lat' dir='ltr'>de</span> <span class='ocrx_word' id='word_1_596' title='bbox 3822 5306 3976 5352; x_wconf 69' lang='lat' dir='ltr'>con-</span> <span class='ocrx_word' id='word_1_597' title='bbox 4006 5276 4079 5317; x_wconf 78' lang='lat'>²⁴·</span> 
     </span>
    </p>
   </div>
   <div class='ocr_carea' id='block_1_21' title="bbox 4030 2790 4262 2900">
    <p class='ocr_par' dir='ltr' id='par_1_23' title="bbox 4030 2790 4262 2911">
     <span class='ocr_line' id='line_1_99' title="bbox 4261 2790 4262 2815; baseline 0 0"><span class='ocrx_word' id='word_1_598' title='bbox 4261 2790 4262 2815; x_wconf 62' lang='lat' dir='ltr'>l</span> 
     </span>
     <span class='ocr_line' id='line_1_100' title="bbox 4030 2848 4262 2900; baseline 0.004 -9"><span class='ocrx_word' id='word_1_599' title='bbox 4030 2848 4131 2891; x_wconf 69' lang='lat' dir='ltr'>Aet.</span> <span class='ocrx_word' id='word_1_600' title='bbox 4146 2862 4183 2900; x_wconf 79' lang='lat' dir='ltr'>x,</span> <span class='ocrx_word' id='word_1_601' title='bbox 4198 2848 4262 2897; x_wconf 68' lang='grc' dir='ltr'>ΞΒ</span> 
     </span>
    </p>
   </div>
   <div class='ocr_carea' id='block_1_22' title="bbox 4028 3186 4262 3291">
    <p class='ocr_par' dir='ltr' id='par_1_24' title="bbox 4028 3186 4262 3309">
     <span class='ocr_line' id='line_1_101' title="bbox 4028 3186 4262 3291; baseline 0 -10"><span class='ocrx_word' id='word_1_602' title='bbox 4028 3238 4144 3283; x_wconf 63' lang='lat' dir='ltr'>laid.</span> <span class='ocrx_word' id='word_1_603' title='bbox 4158 3254 4207 3291; x_wconf 74' lang='lat' dir='ltr'>xi,</span> <span class='ocrx_word' id='word_1_604' title='bbox 4216 3186 4262 3281; x_wconf 51' lang='lat' dir='ltr'>&amp;A</span> 
     </span>
    </p>
   </div>
   <div class='ocr_carea' id='block_1_23' title="bbox 4260 3768 4263 4287">
    <p class='ocr_par' dir='ltr' id='par_1_25' title="bbox 4260 3768 4263 4287">
     <span class='ocr_line' id='line_1_102' title="bbox 4260 3768 4263 4287; baseline 0 0"><span class='ocrx_word' id='word_1_605' title='bbox 4260 3768 4263 4287; x_wconf 95' lang='lat' dir='ltr'> </span> 
     </span>
    </p>
   </div>
   <div class='ocr_carea' id='block_1_24' title="bbox 4258 4462 4265 6228">
    <p class='ocr_par' dir='ltr' id='par_1_26' title="bbox 4258 4462 4265 6228">
     <span class='ocr_line' id='line_1_103' title="bbox 4258 4462 4265 6228; baseline 0 0"><span class='ocrx_word' id='word_1_606' title='bbox 4258 4462 4265 6228; x_wconf 95' lang='lat' dir='ltr'> </span> 
     </span>
    </p>
   </div>
  </div>
 </body>
</html>
