4309 6259
1289 482 1636 529 malumno
1679 480 1742 525 m
1783 480 1920 527 GAP.
1967 480 1988 525 1
2027 480 2152 527 1013.
2200 500 2278 511 --
2318 482 2463 529 ΛΒΤ.
2508 483 2570 528 lv

3364 468 3483 533 303

395 650 520 713 filii
561 650 782 735 plures
821 660 1006 729 erant
1041 672 1235 734 quam
1277 652 1455 719 filiae.
1491 654 1685 717 Sexus
1715 671 1890 715 nam·
1918 652 1968 713 A
1997 650 2253 731 dicitur,
2285 653 2423 717 Nati
2454 662 2603 717 sunt
2630 655 2711 733 ei,
2744 654 3041 721 videlicet
3068 674 3145 719 ex
3181 675 3376 719 uxore
3396 656 3485 720 le-

391 768 516 830 que
535 751 938 814 masculinus
957 751 1304 834 perfectior
1325 760 1438 829 est,
1458 762 1520 815 et
1543 752 1666 814 filii
1688 750 1888 831 magis

389 860 869 913 consueverunt
907 851 1112 934 optari
1154 871 1346 933 quam
1386 851 1540 915 filiae
1575 869 1588 913 :
1633 858 1892 934 propter

389 948 566 1028 quod
584 948 748 1011 dicit
764 949 1155 1031 Augustinus
1177 970 1368 1033 super
1384 951 1703 1023 Ioannem,
1721 949 1893 1030 quod

387 1046 603 1126 majus
662 1057 760 1110 est
803 1048 1106 1129 gaudium
1165 1050 1317 1111 dum
1373 1049 1657 1111 nascitur
1713 1046 1740 1109 f
1744 1047 1891 1109 ilius

387 1162 587 1225 quam
618 1145 854 1227 puella.
872 1146 1018 1208 Filii
1040 1166 1297 1229 quoque
1317 1146 1722 1210 efficaciores
1745 1153 1893 1210 sunt

385 1243 472 1305 ad
493 1243 726 1306 domus
746 1244 1146 1327 aliarumque
1170 1266 1382 1309 rerum
1403 1245 1892 1327 dispositionem

1997 750 2241 831 gitima,
2276 771 2417 833 quae
2447 773 2516 816 se
2542 753 2733 816 habet
2760 755 2826 815 in
2857 755 3043 818 domo
3074 754 3240 817 sicut
3267 754 3485 835 regina

1997 848 2067 911 in
2100 869 2313 931 regno.
2349 851 2633 915 Secunda
2674 861 2927 915 notatur
2965 853 3079 930 ibi,
3114 854 3365 936 Septem
3408 852 3487 915 fi-

2003 948 2096 1026 lii,
2119 958 2241 1011 etc.
2267 949 2473 1013 Tertia
2496 950 2608 1027 ibi,
2624 950 2767 1013 F'uit
2788 952 3105 1034 possessio
3126 953 3289 1033 ejus,
3306 951 3488 1025 Quar-

2005 1055 2064 1108 ta
2091 1056 2327 1125 autem,
2354 1068 2551 1130 quum
2574 1050 2883 1131 sequitur,
2908 1050 2993 1113 Ac
3017 1049 3260 1112 familia
3290 1050 3487 1113 multa

2003 1145 2217 1208 nimis.
2250 1148 2713 1213 convenienter
2752 1149 3007 1211 demum
3047 1148 3348 1211 scribitur
3372 1148 3489 1211 Job

2002 1244 2360 1326 possedisse
2382 1254 2508 1308 tam
2530 1247 2750 1323 multa,
2776 1256 2845 1309 ut
2865 1247 3233 1327 magnitudo
3255 1247 3491 1329 patien-

385 1360 469 1403 ac
497 1341 810 1421 regimen.
843 1344 998 1405 Nam
1037 1363 1302 1426 corpore
1341 1344 1752 1425 rationisque.
1775 1362 1892 1405 usu

135 1453 357 1523 Arpina
391 1438 700 1504 fortiores
739 1442 947 1505 solent
985 1443 1312 1506 exsistere.
1346 1443 1651 1506 Praeterea
1697 1441 1896 1522 (sicut
2003 1442 2154 1504 dum
2186 1443 2399 1505 omnia
2437 1443 2547 1505 illa
2594 1436 2733 1507 sine
2773 1444 3169 1526 impatientia
3196 1444 3489 1506 amisisse

75 1528 353 1629 222⁰?ssss
385 1538 740 1619 Gregorius
769 1541 886 1621 ait)
905 1562 1072 1625 saepe
1101 1543 1179 1605 ad
1205 1542 1541 1607 avaritiam
1572 1542 1762 1605 corda
1793 1559 1897 1622 pa·
2006 1550 2318 1612 narratur.
2352 1541 2647 1623 Majorem
2687 1562 2963 1623 namque
2999 1542 3303 1606 dolorem.
3325 1540 3487 1605 infe—

73 1640 358 1743 'immpro-
387 1646 654 1700 rentum
688 1639 880 1701 trahit
903 1639 1260 1703 fecunditas
1291 1641 1512 1723 prolis,
1537 1640 1692 1702 Nam
1719 1647 1894 1701 tanto
2006 1648 2157 1701 runt
2182 1641 2413 1702 damna
2442 1642 2723 1722 maj0ra3
2758 1648 2819 1704 et
2858 1660 3187 1722 nunquam
3216 1640 3354 1703 sine
3383 1642 3492 1703 do.-

85 1716 148 1745 “'
384 1736 544 1817 plus
571 1738 653 1799 ad
683 1741 1156 1819 congregandas
1195 1740 1456 1803 divitias
1489 1739 1896 1802 inflamman-
2007 1738 2138 1801 lore
2168 1739 2501 1815 amittitur,
2527 1739 2651 1800 nisi
2674 1739 2843 1820 quod
2874 1740 3011 1801 sine
3040 1758 3254 1802 amore
3275 1756 3493 1821 super-

384 1844 522 1913 tur‚
557 1855 690 1917 quo
726 1837 1025 1919 pluribus
1053 1838 1398 1902 heredibus
1441 1838 1888 1903 fecundantur.
1931 1834 1978 1899 B
2009 1835 2142 1899 fluo
2182 1837 2563 1920 possidetur.
2595 1838 2827 1918 Magnae
2866 1856 3014 1917 ergo
3057 1837 3180 1899 fuit
3210 1837 3486 1913 virtutiS‚

379 1934 524 1997 Hoc
551 1953 705 2015 ergo
732 1938 814 1998 ad
833 1937 1038 2000 sancti
1065 1938 1183 2000 Job
1211 1946 1454 2020 spectat
1475 1938 1888 2020 praeconium,
2009 1944 2096 1999 tot
2123 1955 2275 2018 opes
2306 1936 2443 1998 sine
2473 1936 2833 1999 inordinato
2868 1936 3193 2018 possidere
3220 1935 3488 2013 affeetu,

377 2034 570 2115 quod
618 2041 708 2096 tot
755 2035 920 2097 natis
967 2035 1340 2112 abundavit,
1392 2055 1512 2100 nec
1554 2045 1762 2099 tamen
1810 2035 1893 2098 ab
1997 2053 2118 2097 nec
2146 2053 2262 2116 per
2298 2054 2403 2097 eas
2433 2054 2470 2095 a
2498 2033 2730 2096 mentis
2770 2034 3117 2097 stabilitate
3154 2042 3349 2116 atquc
3387 2054 3495 2097 cu-

374 2132 696 2213 aequitate
726 2152 840 2215 per
871 2134 1320 2216 temporalium
1356 2153 1638 2199 amorem
1670 2154 1892 2218 super-
2005 2133 2207 2195 stodia
2239 2133 2559 2215 impediri.

377 2230 608 2296 fluum
639 2233 1010 2298 declinavit.
2082 2232 2364 2315 Denique
2403 2232 2632 2313 triplex
2669 2239 2767 2294 est
2804 2231 3067 2309 bonum,
3102 2232 3350 2295 scilicet
3388 2232 3493 2295 bo-

479 2334 566 2393 Et
591 2332 728 2407 fuit
756 2336 1064 2410 possessio
1100 2335 1261 2411 ejus.
1304 2333 1620 2397 Possessio
1659 2334 1894 2397 dicitur
2000 2350 2157 2392 num
2176 2329 2475 2408 hominiS,
2502 2332 2671 2412 quod
2694 2338 2789 2392 est
2810 2329 3049 2393 bonum
3070 2330 3481 2413 simpliciter;

375 2429 588 2511 quasi
614 2431 848 2512 pedum
879 2431 1134 2513 positio,
1161 2433 1312 2514 quia
1341 2433 1419 2495 ad
1451 2442 1680 2495 nutum
1709 2432 1894 2496 habe-
2001 2428 2242 2492 bonum
2270 2429 2517 2506 domuS,
2544 2429 2713 2511 quod
2742 2437 2836 2491 est
2866 2429 3096 2493 melius
3121 2447 3138 2508 ;
3170 2437 3233 2491 et
3253 2429 3494 2493 bonum

377 2537 526 2604 tur,
561 2535 626 2591 et
653 2528 1004 2611 possidenti
1043 2530 1406 2613 subjicitur,
1441 2550 1570 2594 non
1608 2531 1896 2594 domina·
2001 2527 2279 2590 civitatis
2307 2546 2382 2589 ac
2408 2526 2615 2607 gentis
2656 2547 2767 2591 seu
2800 2526 3040 2609 patriae,
3075 2528 3248 2608 quod
3287 2527 3495 2609 primo

381 2636 529 2687 tur.
555 2630 806 2705 Septem
835 2630 1052 2689 millia
1080 2630 1325 2691 ovium.
1349 2629 1496 2694 Ovis
1515 2630 1894 2710 (secundum
2002 2612 2371 2690 Ethicorufn
2400 2626 2714 2708 optimum
2751 2625 3359 2708 divinissimumque
3388 2646 3498 2692 vo-

373 2724 764 2805 Albertum)
783 2726 1134 2788 estanimal
1156 2736 1580 2805 mansuetum,
1601 2728 1892 2810 simplex,
2004 2733 2205 2788 catur.
2237 2725 2395 2787 Hine
2442 2724 2759 2801 subditur,
2802 2723 3010 2806 qualis
3062 2724 3257 2789 fuerit
3281 2725 3399 2789 Job
3431 2725 3494 2788 in

375 2820 716 2903 valdeque
763 2822 942 2899 utile,
995 2822 1177 2901 fimo,
1231 2824 1412 2903 lacte,
1456 2844 1667 2903 carne,
1721 2826 1890 2903 cibo,
2007 2822 2176 2886 bono
2206 2822 2325 2885 hoc
2355 2822 2562 2885 tertio.
2597 2824 2884 2902 Eratque
2912 2825 3018 2883 vir
3056 2826 3170 2883 ille
3199 2844 3498 2901 maynus,

377 2921 596 3003 pelle,
627 2921 1077 2999 calceamento,
1121 2923 1288 3000 lana,
1322 2923 1643 2987 intestinis
1691 2932 1754 2987 et
1792 2944 1898 2989 ve-
2009 2921 2313 2997 bonitate,
2365 2921 2697 3003 sapientia,
2744 2921 2934 2999 fama,
2978 2922 3218 2985 honore
3257 2932 3320 2985 et
3364 2923 3499 3003 glo-

377 3020 727 3081 stimento.
761 3023 848 3081 Ec
896 3024 1028 3081 tria
1073 3024 1291 3082 millia
1335 3028 1752 3095 camelorum,
1783 3022 1894 3105 qui
1931 3030 1976 3094 C
2011 3022 2124 3099 ria,
2160 3024 2332 3083 inter
2357 3042 2571 3081 omnes
2596 3023 2960 3093 orientale-3,
2994 3022 3105 3102 qui
3135 3021 3498 3104 praedivites

379 3118 600 3182 utiles
627 3127 776 3181 sunt
801 3120 880 3181 ad
910 3138 1102 3183 onera
1123 3120 1466 3185 deferenda
1492 3139 1510 3201 ;
1540 3124 1897 3201 quingenta
2009 3127 2178 3196 sunt,
2212 3120 2560 3183 seeundum
2588 3118 2958 3200 Gregorium
2986 3127 3088 3181 :et
3117 3119 3183 3182 in
3213 3120 3335 3184 hoc
3363 3140 3499 3204 pro-

373 3220 842 3299 quoquejuya
869 3222 1080 3291 boum,
1113 3239 1256 3301 quae
1294 3218 1541 3284 faciunt
1577 3220 1756 3285 mille
1784 3221 1899 3284 bo·
2007 3220 2275 3302 speritas
2322 3219 2461 3300 ejus
2502 3227 2748 3281 terrena
2786 3216 3266 3299 perficiebatur,
3319 3221 3490 3301 quod

375 3334 538 3391 veS,
574 3316 685 3397 qui
712 3318 793 3379 ad
833 3326 1031 3381 terras
1071 3318 1366 3381 colendas
1405 3319 1798 3397 deserviunt,
1833 3327 1896 3383 et
2007 3318 2199 3383 etiam
2230 3317 2398 3380 fama
2428 3317 2702 3400 inclytus
2734 3315 2879 3379 fuit.
2903 3316 3059 3379 Nam
3089 3317 3156 3380 in
3184 3318 3495 3382 Ecclesia·-

377 3414 850 3497 multipliciter
881 3416 1068 3479 utiles
1098 3424 1278 3497 sunt3
1301 3426 1360 3477 et
1387 3420 1754 3497 quinyentoe
1773 3422 1900 3479 asi-
2007 3426 2102 3481 ste
2129 3416 2438 3499 scriptum
2468 3423 2601 3478 est:
2627 3415 2845 3478 Melius
2866 3423 2961 3478 est
2991 3434 3222 3479 nomen
3252 3416 3492 3481 bonum
3522 3444 3789 3499 ecolesma.

374 3535 534 3583 πω,
563 3535 642 3574 ac
674 3516 944 3592 familia
991 3518 1202 3577 multa
1246 3518 1472 3587 nimi-5,
1501 3536 1642 3598 quae
1678 3518 1757 3580 ad
1805 3526 1898 3581 tot
2007 3536 2200 3600 quam
2232 3522 2551 3596 unguenta
2585 3514 2879 3596 pretiosa.
2912 3514 2990 3576 Et
3025 3514 3183 3577 alibi
3217 3533 3232 3577 :
3265 3516 3489 3580 Curam
3543 3546 3786 3601 gastau,

373 3612 780 3676 animalium
803 3622 1055 3696 pastum
1085 3622 1276 3695 atque
1296 3616 1649 3698 custodiam
1681 3635 1896 3681 neces·
2007 3616 2172 3679 habe
2216 3616 2295 3679 de
2340 3610 2521 3678 bono
2554 3613 2834 3691 nomine,
2886 3614 3007 3677 hoc
3052 3614 3227 3677 enim
3288 3617 3492 3697 magis
3526 3612 3590 3654 ¹⁵·

373 3712 572 3780 saria
622 3711 766 3775 fuit.
797 3713 942 3776 Ideo
988 3720 1202 3775 autem
1247 3713 1575 3795 opulentia
1618 3715 1735 3779 Job
1785 3736 1899 3799 per
2009 3714 2291 3798 proderit
2320 3714 2437 3776 tibi
2467 3732 2658 3795 quam
2690 3712 2990 3775 thesauri.

369 3813 692 3895 jumenta
737 3811 1144 3887 describitur,
1197 3811 1349 3893 quia
1394 3814 1713 3894 possessio
1763 3816 1900 3877 ani·
2088 3819 2176 3877 Et
2204 3817 2387 3875 ibant
2412 3815 2547 3892 filii
2572 3814 2712 3891 ejus
2742 3830 2871 3889 sex,
2912 3813 2991 3874 ad
3030 3812 3289 3876 domum
3320 3812 3494 3876 illius

371 3909 672 3974 malium
727 3909 1068 3992 pretiosior
1110 3909 1469 3991 antiquitus
1526 3910 1652 3974 fuit
1703 3932 1896 3994 quam

374 4020 736 4089 agrorum3
768 4008 899 4071 imo
926 4008 1229 4069 animalia
1259 4006 1524 4072 fuerunt
1562 4012 1900 4097 praecipuoe
2012 4014 2177 4093 fuit3
2205 4024 2266 4075 ec
2301 4014 2625 4091 faciebant
2652 4013 2978 4082 convivia,
3008 4010 3071 4074 id
3102 4020 3218 4088 est,
3253 4011 3492 4093 pariter

373 4106 820 4186 antiquorum
848 4106 1092 4169 divitiae
1116 4123 1130 4167 :
1156 4107 1292 4187 agri
1312 4108 1485 4170 enim
1509 4120 1768 4192 propter
1797 4112 1902 4175 ho-
2010 4112 2450 4181 vescebantur‚
2477 4131 2595 4189 per
2629 4113 2867 4182 domos,
2900 4110 2963 4172 id
3002 4120 3098 4173 est
3136 4111 3495 4175 successive

377 4206 658 4271 minum
712 4205 1098 4287 paucitatem
1154 4205 1298 4287 plus
1353 4205 1787 4287 abundabant,
1839 4218 1902 4273 et
1929 4210 1982 4273 D
2013 4212 2078 4272 in
2135 4212 2322 4273 domo
2376 4208 2881 4290 uniuscujusque
2936 4208 3221 4291 ipsorum
3243 4260 3257 4286 ,
3300 4231 3502 4271 unus-

379 4304 686 4369 maxime
715 4304 780 4366 in
810 4303 1100 4386 partibus
1128 4303 1415 4382 orientiS,
1441 4304 1506 4367 in
1537 4306 1772 4388 quibus
1801 4328 1905 4370 us-
2010 4311 2282 4390 quisque
2310 4310 2383 4368 in
2410 4310 2518 4369 die
2551 4328 2664 4368 suo
2694 4328 2717 4366 .·
2746 4306 2833 4367 ita
2863 4307 3032 4388 quod
3072 4308 3365 4390 quolibet
3392 4309 3497 4372 die

383 4422 536 4488 que
567 4403 756 4467 hodie
784 4412 934 4466 sunt
960 4402 1149 4485 pauci
1179 4403 1568 4468 habitatores
1603 4424 1732 4487 prae
1763 4408 1904 4469 lati·
2011 4408 2204 4469 simul
2232 4406 2523 4482 edebant,
2549 4406 2755 4487 primo
2776 4405 2879 4468 die
2907 4405 3319 4471 hebdomadae
3348 4408 3502 4472 inci-

2011 4506 2257 4589 pientes
2286 4504 2615 4567 comedere
2646 4503 2710 4565 in
2740 4504 2929 4567 domo
2957 4504 3393 4586 primogeniti,
3427 4516 3499 4569 ut

2011 4611 2295 4686 apparet,
2328 4609 2391 4664 et
2418 4601 2647 4665 deinde
2676 4602 3025 4665 secundum
3054 4602 3343 4665 ordinem
3373 4603 3500 4667 die-

2005 1343 2107 1405 tiae
2136 1343 2679 1426 perfectionisque
2700 1366 2828 1409 suae
2848 1346 3081 1410 clarius
3111 1346 3483 1420 innotescat,

2011 3915 2076 3978 in
2125 3934 2251 3997 qua
2297 3911 2552 3975 fuerant
2598 3909 2961 3987 comesturi,
3014 3910 3125 3992 qui
3184 3912 3493 3993 septimus

385 4503 634 4567 tudine
663 4502 963 4584 regionis,
998 4511 1066 4563 ut
1095 4502 1319 4565 scribit
1347 4502 1452 4565 hic
1483 4503 1777 4567 Thomas.

85 4620 352 4679 nmqua-
485 4602 683 4666 Porro
707 4602 1088 4684 (secundum
1116 4601 1598 4685 Philosophum)
1629 4613 1902 4685 quatuor

83 4684 352 4790 m&
387 4700 758 4767 virtutibus
798 4700 1038 4780 regitur
1075 4700 1302 4762 domus
1337 4718 1350 4762 :
1386 4720 1656 4781 quarum
1697 4702 1899 4783 prima
2013 4722 2154 4764 rum
2202 4701 2611 4764 hebdomadae
2666 4708 2730 4762 et
2774 4700 3126 4762 nativitatis
3175 4700 3494 4780 filiorum,

81 4810 246 4853 *irme-
387 4809 504 4867 aet
536 4800 851 4875 uxoraria,
877 4818 1020 4880 quae
1049 4808 1144 4861 est
1173 4799 1438 4862 seientia
1468 4808 1533 4862 et
1561 4800 1763 4863 virtus
1795 4799 1904 4864 be·
2012 4799 2429 4865 comedebant
2447 4800 2513 4861 in
2534 4798 2830 4862 domibus
2859 4800 3084 4861 ceteris
3107 4800 3494 4871 successive:

385 4920 488 4964 ne
517 4899 738 4961 utendi
769 4916 999 4978 uxore3
1023 4899 1301 4961 secunda
1330 4906 1426 4961 est
1457 4906 1740 4979 paterna,
1759 4918 1898 4980 quae

385 4998 723 5063 senatoria
761 4997 1040 5077 dieitur3
1074 4997 1257 5059 tertia
1295 4996 1750 5059 chrimatistica
1790 5017 1902 5061 seu

387 5097 822 5162 thesauritiva
849 5120 865 5169 3
900 5104 1126 5177 quarta
1144 5096 1489 5177 despotica‚
1507 5114 1648 5176 quae
1669 5104 1766 5158 est
1785 5096 1905 5160 vir-

385 5208 506 5262 tus
535 5196 702 5260 bene
742 5195 967 5259 utendi
1017 5195 1217 5258 servis
1255 5203 1448 5275 atque
1486 5195 1760 5257 ancilliS.
1794 5196 1906 5258 Ha·

385 5316 546 5361 rum
578 5296 756 5360 nulla
784 5292 996 5359 defuit
1012 5293 1151 5357 Job.
1175 5292 1381 5354 Prima
1403 5301 1677 5370 notatur,
1702 5314 1902 5375 quum

2012 4900 2233 4981 sicque
2260 4898 2572 4980 completa
2610 4897 3025 4971 hebdomada,
3060 4895 3501 4978 complebatur

2012 4998 2455 5064 convescentia
2496 4997 2560 5059 in
2599 4996 2893 5059 domibus
2941 4994 3385 5074 singulorum3
3438 5004 3501 5057 et

2013 5097 2337 5179 sequentis
2367 5095 2776 5159 hebdomadae
2805 5092 3009 5176 prima
3038 5092 3142 5155 die
3172 5091 3499 5174 reincipie-

2012 5196 2199 5259 batur
2228 5195 2293 5257 in
2323 5194 2511 5256 domo
2550 5190 2765 5254 fratris
2794 5190 3087 5253 senioris.
3121 5190 3210 5251 Ex
3256 5209 3383 5272 quo
3412 5210 3503 5254 se-

2013 5292 2249 5374 quitur,
2276 5292 2447 5373 quod
2475 5290 2643 5353 inter
2671 5287 2898 5351 fratres
2920 5288 3074 5351 istos
3098 5288 3221 5351 fuit
3239 5291 3498 5372 grandis
