4309 6259
556 950 642 995 Job
652 966 747 1005 xm,
761 954 823 996 1⁴.

556 1842 730 1899 lllfleq.
741 1858 821 1895 xvi.

563 1908 629 1958 10,
649 1909 714 1958 ¹5,
733 1909 797 1952 18.

849 454 928 516 44

1439 472 1784 519 ssNARRATlo
1827 472 1888 517 IN
1930 472 2067 518 m.
2113 471 2178 517 tx
2221 470 2380 517 LIBRI
2420 470 2645 526 QUARTI
2684 473 2909 519 amun.
2952 493 3033 504 —
3072 474 3215 521 Am.
3260 475 3349 521 111

852 640 970 703 nili
1002 659 1213 719 auree,
1249 650 1312 705 et
1352 641 1636 725 pinxeris
1680 640 1872 705 stibio
1901 641 2120 705 oculos
2167 648 2330 718 tuOS,
2366 638 2417 701 A
2444 640 2567 722 ipsi
2612 641 2793 720 Jehu,
2830 644 2940 706 sed
2979 644 3043 705 in
3090 644 3229 725 ejus
3269 652 3721 726 contemptum,
3754 652 3925 706 etex

854 736 1093 801 frustra
1121 740 1543 823 componeriS.
1568 740 1729 803 Hinc
1759 760 1886 802 una
1917 741 2198 803 filiarum
2229 740 2338 802 be-

851 836 938 899 ati
957 838 1084 915 Joh,
1106 838 1187 903 ob
1207 859 1386 901 suam
1409 839 1754 920 ingenitam
1776 837 2333 923 pulchritudinem,

853 937 1240 1000 Cornustibii
1270 947 1366 1001 est
1407 948 1646 1004 vocata.
1682 938 1784 1002 Sic
1832 948 2044 1002 autem
2085 938 2339 1001 ornavit

852 1055 920 1098 sc
938 1036 1182 1100 Jezabel
1200 1038 1332 1119 jam
1363 1038 1516 1100 satis
1537 1038 1820 1120 antiqua,
1847 1048 1917 1101 ut
1937 1036 2334 1100 intuentibus

852 1134 1182 1216 pulchrior
1211 1145 1558 1219 appareret,
1585 1136 1668 1200 ob
1697 1137 1888 1200 aliam
1919 1156 2178 1219 quoque
2196 1156 2337 1199 cau-

849 1252 984 1296 sam
1016 1253 1162 1298 mox
1200 1236 1644 1299 inducendam.
1678 1239 1764 1297 Ec
1797 1238 2072 1314 respeoeic
2093 1256 2216 1313 per
2242 1238 2334 1315 fc·-

847 1343 1156 1405 nescram‚
1201 1336 1666 1412 inqredientem
1693 1338 1856 1398 Jehu
1891 1356 2014 1412 per
2048 1344 2329 1412 portam.

847 1430 1108 1515 Nempe,
1155 1442 1227 1495 ut
1272 1432 1581 1515 Iosephus
1631 1434 1740 1511 ait,
1778 1434 1918 1516 ipsa
1958 1433 2132 1496 stetit
2184 1442 2335 1496 tunc

850 1549 1044 1612 supra
1075 1530 1302 1593 turrim
1330 1532 1510 1612 juxta
1540 1540 1810 1613 portam.
1847 1535 1930 1594 Ec
1961 1533 2100 1593 ait:
2133 1534 2336 1594 Num-

851 1630 1014 1708 quid
1033 1649 1175 1706 paoe
1209 1640 1413 1707 potest
1451 1651 1576 1690 esse
1606 1632 1893 1702 Zambri,
1925 1633 2042 1711 qui
2071 1631 2337 1709 interfe-

851 1728 939 1786 cit
968 1729 1310 1788 dominum
1335 1748 1525 1789 suum
1547 1732 1576 1789 .?
1606 1728 1807 1811 Supra
1836 1727 2004 1792 libro
2036 1729 2221 1792 tertio
2253 1729 2337 1793 le-

2443 739 2715 820 quadam
2764 742 3205 824 desperatione
3241 752 3431 824 atque
3470 742 3785 825 superbia.
3822 742 3927 804 vi-

2444 839 2602 901 dens
2634 840 2805 901 enim
2830 841 3001 923 quod
3036 860 3162 905 non
3192 851 3356 904 esset
3381 842 3557 905 locus
3585 840 3927 924 pacifican-

2444 936 2531 1013 di,
2568 937 2770 1001 voluit
2811 938 3020 1021 ipsum
3045 940 3203 1003 Jehu
3238 948 3641 1003 contemnere
3674 948 3737 1001 et
3766 938 3929 1001 vitu-

2445 1054 2669 1117 perare
2715 1036 2781 1099 in
2834 1036 3020 1114 facie,
3076 1038 3399 1102 induendo
3452 1058 3519 1101 se
3569 1037 3925 1101 honorabili

2445 1134 2690 1213 habitu,
2733 1145 2795 1200 et
2846 1138 3351 1219 praenosticando
3400 1138 3458 1201 ei
3510 1138 3678 1219 quod
3718 1137 3929 1200 taliter

2445 1233 2570 1296 sibi
2618 1235 3033 1318 contingeret,
3082 1237 3611 1318 quemadmodum
3662 1235 3930 1315 contigit

2444 1331 2568 1414 ipsi
2606 1333 2879 1397 Zambri.
2922 1334 3047 1397 Nec
3087 1344 3184 1398 est
3223 1335 3583 1398 mirandum
3624 1335 3701 1397 de
3737 1334 3930 1397 auda-

2444 1431 2545 1495 cia
2585 1432 2855 1509 Iezabel,
2894 1434 3049 1515 quia
3086 1435 3434 1497 secundum
3466 1433 3817 1514 Vegetium,
3856 1432 3929 1494 li-

2443 1530 2559 1593 bro
2578 1530 2656 1593 de
2672 1531 2759 1594 Re
2780 1532 3056 1610 militari,
3069 1552 3268 1614 quum
3292 1532 3451 1594 nihil
3474 1531 3607 1615 spei
3624 1538 3923 1614 superest,

2444 1649 2622 1692 arma
2652 1631 2848 1693 sumit
2880 1630 3155 1695 formido
3190 1650 3203 1693 :
3238 1632 3391 1713 quia
3422 1650 3587 1714 saepe
3616 1630 3929 1711 contingit

2446 1729 2819 1811 desperatis,
2855 1738 2923 1792 ut
2966 1739 3386 1815 prorumpant
3424 1730 3489 1791 in
3524 1730 3715 1794 verba
3758 1728 3931 1809 igno-

853 1824 1045 1905 gitur,
1075 1826 1349 1907 qualiter
1369 1827 1617 1889 Zambri
1640 1828 1962 1891 interfecit
1982 1828 2094 1890 Ela
2122 1826 2333 1890 filium
2374 1824 2419 1885 B
2446 1826 2722 1891 miniosa
2763 1838 2985 1892 contra
3029 1828 3415 1911 affligenteS‚
3449 1828 3597 1892 licet
3628 1847 3756 1891 non
3787 1846 3933 1910 pos-

853 1925 1064 2001 Baasa,
1100 1944 1309 2006 regem
1342 1926 1527 1989 Israel
1563 1944 1577 1988 :
1613 1927 1724 2009 qui
1758 1927 2007 1990 Zambri
2047 1928 2340 2007 regnavit

853 2033 1094 2105 septem
1127 2024 1380 2101 diebus;
1405 2034 1466 2087 et
1495 2026 1718 2089 videns
1749 2046 1818 2089 se
1848 2026 2228 2108 capiendum
2258 2027 2339 2090 ab

850 2123 1047 2201 Amri,
1083 2124 1195 2206 qui
1225 2132 1368 2207 post
1397 2144 1542 2187 eum
1575 2124 1884 2207 regnavit,
1920 2126 2250 2189 succendit
2270 2146 2339 2189 se

850 2242 996 2287 cum
1028 2224 1286 2305 palatio.
1321 2224 1430 2286 Est
1461 2223 1677 2307 itaque
1709 2244 1933 2287 sensus
1960 2240 1974 2286 ε
2011 2225 2125 2302 Tu,
2150 2225 2335 2301 Jehu,

850 2321 963 2405 qui
994 2341 1110 2404 per
1139 2322 1513 2404 nequitiam,
1549 2322 1966 2387 rebellionem
1995 2331 2058 2386 et
2088 2324 2331 2407 proprii

851 2420 1096 2483 domini
1121 2420 1530 2498 occisionem,
1566 2421 1772 2485 factus
1809 2442 1876 2485 es
1908 2420 2137 2484 similis
2168 2423 2340 2485 Zam-

851 2519 951 2582 bri
1011 2527 1302 2601 tyrann0,
1343 2538 1471 2583 non
1519 2520 1759 2602 poteris
1808 2540 2028 2603 pacem
2078 2520 2335 2599 habere,

853 2637 970 2681 nec
1000 2634 1264 2697 regnare
1293 2625 1403 2680 aut
1430 2619 1814 2701 prosperari,
1849 2620 2014 2683 sicut
2054 2639 2172 2684 nee
2206 2620 2336 2683 ille.

855 2715 956 2779 Sic
1014 2716 1403 2800 expositores
1447 2717 1745 2781 catholici
1795 2726 2123 2801 exponunt
2169 2719 2340 2783 hunc

853 2834 1135 2897 passum.

933 2914 1113 2978 Circa
1141 2916 1314 2997 quod
1345 2915 1568 2978 scribit
1597 2916 1756 3000 Lyra
1797 2932 1811 2978 ε
1845 2916 1988 2980 Haec
2027 2917 2341 2999 expositio

2446 1926 2576 1989 sint
2626 1928 2893 1992 evadere
2940 1949 3166 1991 manus
3219 1929 3523 2011 ipsorum,
3578 1926 3929 2009 praesertim

2446 2025 2597 2087 dum
2635 2026 2788 2089 tales
2821 2027 3078 2109 superbi
3112 2035 3281 2104 sunt,
3316 2035 3385 2089 ut
3411 2026 3678 2089 Iezabel.

2519 2124 2627 2187 His
2677 2125 2891 2189 verbis
2934 2125 3134 2189 Rabbi
3182 2126 3355 2188 Pauli
3404 2124 3930 2188 consentiendum

2446 2223 2719 2287 videtur.
2754 2224 2906 2287 Nam
2941 2232 3004 2286 et
3033 2232 3341 2287 consonat
3366 2223 3659 2306 Josepho,
3692 2222 3805 2304 qui
3838 2222 3931 2285 sic

2447 2320 2643 2384 refert
2677 2339 2691 2383 ε
2724 2321 2970 2384 Jezabcl
3000 2322 3180 2398 dixit,
3204 2322 3411 2384 Bonus
3441 2340 3659 2385 servus
3687 2320 3796 2402 qui
3828 2338 3933 2383 oc-

2446 2420 2603 2483 cidit
2650 2420 2981 2483 dominum
3031 2440 3215 2483 suum
3266 2437 3279 2482 ε
3326 2419 3508 2501 quasi
3559 2418 3750 2496 dicat,
3794 2419 3926 2481 Non

2446 2518 2653 2582 bonus
2685 2529 2802 2597 est,
2838 2520 2947 2583 sed
2977 2519 3316 2603 pessimus.
3357 2519 3517 2582 Hinc
3547 2518 3832 2599 Magister
3864 2518 3930 2579 in

2448 2617 2733 2681 historiis
2773 2619 2956 2699 quasi
3007 2618 3071 2682 in
3122 2618 3421 2681 omnibus
3465 2618 3803 2700 Josephum
3835 2636 3931 2679 se-

2447 2736 2673 2799 quenS,
2710 2718 2969 2799 exponit
3008 2718 3099 2782 sic
3134 2734 3148 2779 :
3185 2717 3359 2780 Sicut
3390 2716 3639 2779 Zambri
3669 2734 3795 2779 non
3826 2716 3932 2777 ha-

2448 2816 2590 2878 buit
2633 2835 2876 2899 pacem,
2928 2816 3017 2879 ita
3066 2836 3183 2880 nec
3234 2825 3302 2878 tu
3352 2814 3642 2879 habebis.
3696 2814 3930 2877 Idcirco

2450 2932 2567 2976 nec
2612 2933 2832 2977 verum
2880 2922 2996 2991 est,
3030 2914 3199 2996 quod
3241 2932 3460 2977 omnes
3501 2912 3743 2976 Hebraei
3774 2932 3933 2995 pun-

855 3032 984 3077 non
1005 3015 1591 3078 concordatlitterae
1611 3015 2008 3098 praecedenti,
2035 3017 2337 3098 quoniam
2374 3013 2419 3076 C
2449 3020 2669 3076 ctuent
2711 3021 2775 3076 et
2815 3021 3133 3094 exponant
3171 3020 3242 3075 ut
3279 3012 3502 3075 recitat
3539 3012 3719 3095 Lyra.
3768 3012 3933 3074 Insu-

854 3111 1123 3191 Jezabel,
1157 3123 1229 3176 ut
1271 3113 1587 3179 inveniret
1634 3115 1900 3195 gratiam
1950 3115 2116 3198 apud
2154 3114 2335 3193 Jehu,

858 3212 1108 3275 ornavit
1138 3232 1205 3275 se
1242 3230 1256 3274 ε
1293 3212 1434 3276 ideo
1472 3232 1599 3277 non
1636 3222 1732 3277 est
1763 3214 2134 3291 verisimile,
2170 3215 2342 3295 quod

859 3311 1091 3373 dixerit
1120 3312 1179 3375 ei
1213 3312 1477 3375 verbum
1507 3312 1933 3394 pungitivum.
1969 3313 2207 3376 Idcirco
2230 3314 2344 3376 He-

858 3409 1012 3473 braei
1058 3420 1384 3493 exponunt
1425 3411 1516 3475 sic
1551 3428 1564 3473 ε
1596 3411 1914 3493 Numquid
1945 3432 2066 3494 pax
2097 3416 2236 3474 est?
2282 3421 2344 3475 et

861 3509 950 3572 ibi
985 3507 1064 3570 fit
1094 3518 1390 3590 punctuS,
1417 3517 1480 3572 ct
1507 3518 1604 3572 cst
1632 3529 1855 3573 sensus
1892 3527 1906 3572 ε
1941 3510 2112 3592 Rogo
2143 3518 2214 3573 ut
2240 3511 2345 3573 ha-

860 3606 1010 3668 beas
1040 3624 1261 3687 pacem
1292 3624 1563 3668 mecum.
1589 3605 1664 3667 Et
1694 3605 2014 3687 sequitur:
2049 3606 2222 3668 Amri
2254 3608 2345 3669 in-

862 3702 1114 3767 terfecit
1133 3703 1463 3767 dominum
1487 3724 1672 3766 suum
1695 3728 1708 3779 ;
1732 3704 1916 3786 quasi
1939 3704 2108 3767 dicat
2135 3722 2147 3767 ε
2175 3705 2343 3767 Istud

863 3821 989 3866 non
1039 3812 1136 3865 est
1179 3821 1439 3880 novum,
1482 3804 1653 3885 quod
1706 3813 1772 3866 tu
1825 3801 2205 3866 interfecisti
2247 3805 2346 3867 Jo-

863 3921 995 3963 ram
1043 3902 1374 3965 dominum
1416 3910 1614 3977 tuum,
1649 3902 1804 3983 quia
1830 3902 2004 3964 Amri
2052 3902 2347 3965 similiter

865 4000 1036 4077 fecit,
1073 4010 1136 4063 et
1175 4009 1383 4063 tamen
1429 4001 1716 4082 regnavit
1764 4000 1828 4062 in
1880 4020 2056 4083 pace,
2092 4010 2157 4065 et
2204 4011 2348 4085 post

865 4119 1008 4161 eum
1059 4100 1237 4162 filius
1276 4100 1412 4180 ejus
1451 4099 1701 4176 Achab3
1743 4100 1928 4181 quasi
1974 4100 2142 4163 dicat
2187 4122 2200 4165 τ
2247 4100 2347 4165 Sic

2450 3131 2564 3194 per
2594 3120 2771 3194 puto,
2809 3112 2982 3193 quod
3011 3111 3257 3175 Iezabel
3287 3112 3375 3173 ita
3404 3110 3653 3174 ornavit
3682 3130 3771 3187 se,
3805 3129 3930 3174 non

2450 3210 2634 3293 quasi
2667 3210 3057 3274 blandiendo
3087 3211 3217 3291 regi
3238 3209 3417 3288 Jehu,
3454 3210 3563 3272 sed
3596 3219 3664 3271 ut
3695 3211 3935 3273 incute-

2453 3316 2547 3371 ret
2569 3309 2626 3370 ei
2648 3310 2988 3391 quemdam
3013 3328 3273 3374 reveren
3286 3308 3496 3371 tialem
3530 3308 3841 3385 timorem,
3866 3316 3935 3369 ut

2452 3406 2698 3471 scilicet
2744 3408 2880 3489 ipsc
2919 3408 3079 3470 Jehu
3109 3407 3333 3471 videns
3365 3424 3505 3469 eam
3536 3406 3601 3468 in
3632 3414 3806 3469 tanto
3834 3406 3936 3469 de-

2452 3526 2598 3570 core
2628 3516 2691 3570 ct
2734 3515 3065 3589 apparatu,
3099 3514 3540 3589 expavesceret
3578 3525 3831 3568 manum
3868 3506 3931 3567 in

2454 3627 2594 3671 eam
2642 3606 3023 3670 extendere:
3048 3605 3580 3688 quemadmodum
3629 3604 3694 3665 in
3742 3604 3933 3683 gestis

2456 3706 2688 3787 legitur
2720 3706 3171 3781 Romanorum,
3206 3704 3357 3787 quia
3394 3705 3543 3766 dum
3582 3702 3936 3782 Longobar-

2454 3806 2517 3868 di
2547 3804 2817 3887 quadam
2842 3804 2983 3867 vice
3012 3802 3440 3866 obtinuissent
3472 3802 3936 3882 intrassentque

2455 3903 2739 3978 Romam,
2784 3921 2857 3964 ac
2906 3902 3145 3984 passim
3194 3900 3506 3963 Romanos
3554 3900 3934 3976 occiderent,

2458 4002 2581 4083 ipsi
2614 4009 2935 4063 senatores
2967 4020 3033 4062 sc
3066 4000 3239 4063 omni
3272 4018 3386 4062 suo
3416 4000 3641 4061 decore
3660 4006 3721 4061 et
3740 3998 3941 4079 gloria

2458 4100 2850 4173 vestierunt3
2900 4098 3190 4179 seditque
3240 4097 3680 4179 unusquisque
3720 4114 3940 4159 eorum

867 4198 1100 4280 poterit
1139 4217 1277 4260 esse
1318 4196 1458 4260 tibi.
1494 4196 1609 4260 Sed
1647 4206 1868 4261 contra
1901 4199 2034 4262 haec
2064 4199 2350 4281 loquitur
2384 4204 2431 4265 D
2461 4200 2526 4261 in
2580 4199 2726 4261 sede
2774 4218 2889 4261 sua
2936 4196 3001 4259 in
3053 4196 3310 4279 propria
3358 4196 3547 4259 domo
3595 4213 3609 4257 ε
3658 4195 3735 4257 ad
3783 4214 3943 4276 quos

865 4295 1066 4359 Rabbi
1096 4295 1322 4357 Paulus
1358 4312 1372 4356 ε
1407 4295 1580 4357 Amri
1624 4314 1751 4359 non
1797 4295 2120 4360 interfecit
2151 4297 2352 4360 domi-

869 4415 1022 4458 num
1053 4414 1262 4471 suum,
1297 4394 1449 4476 quia
1479 4394 1616 4477 ipse
1648 4396 1896 4458 Zambri
1930 4415 2056 4459 non
2091 4396 2214 4458 fuit
2243 4399 2353 4460 do-

870 4494 1081 4555 minus
1113 4494 1276 4574 ejuS,
1310 4493 1613 4575 quoniam
1643 4495 1989 4575 proditorie
2019 4496 2353 4577 usurpavit

870 4592 994 4654 sibi
1043 4610 1330 4673 regnum.
1372 4591 1550 4655 Unde
1588 4593 1896 4675 expositio
1946 4594 2351 4657 Hebraeorum

871 4692 990 4755 hoc
1023 4690 1162 4754 loco
1201 4709 1328 4754 non
1375 4693 1566 4755 valct.
1599 4691 1828 4769 Primo,
1864 4694 2016 4775 quia
2049 4693 2354 4757 fundatur

871 4809 1062 4871 super
1083 4788 1304 4852 falsam
1329 4790 1620 4867 litteram,
1641 4791 1938 4871 quoniam
1959 4792 2204 4856 Jezabel
2225 4812 2352 4855 non

873 4887 1032 4950 dixit
1059 4905 1072 4949 ε
1096 4887 1271 4949 Amri
1305 4887 1646 4966 interfecit,
1673 4897 1793 4952 etc.
1819 4915 1832 4967 ;
1869 4890 2000 4966 sed,
2026 4890 2351 4953 Zambri...

875 4987 1017 5050 Ideo
1062 4986 1370 5067 expositio
1417 4988 1744 5051 doctorum
1787 4997 2170 5067 nostrorum,
2206 4998 2357 5071 puta

877 5084 1358 5161 catholicorum,
1409 5087 1682 5148 tenenda
1727 5094 1842 5150 est.
1877 5086 2003 5150 Nec
2043 5087 2361 5150 discordat

877 5202 916 5244 a
962 5182 1171 5245 littera
1219 5183 1623 5264 praecedenti.
1675 5183 1829 5246 Nam
1877 5184 2122 5248 Jezabel
2172 5194 2363 5267 caput

879 5298 1067 5342 suum
1097 5279 1373 5358 ornavit,
1407 5300 1534 5344 non
1565 5290 1636 5344 ut
1664 5290 1999 5365 appareret
2024 5282 2362 5364 gratiosior

2460 4296 2853 4377 Longobardi
2880 4296 3171 4375 ingressi,
3195 4295 3651 4357 reverebantur
3670 4312 3802 4371 eos,
3828 4312 3942 4356 nec

2461 4395 2781 4459 audebant
2824 4394 3135 4468 occidere,
3172 4392 3301 4456 imo
3344 4392 3693 4455 adorabant
3732 4411 3838 4455 eos
3876 4398 3946 4453 ut

2462 4496 2626 4557 deos
2652 4494 2944 4559 Attamen
2977 4511 3174 4573 quum
3197 4511 3362 4554 unus
3391 4489 3943 4570 Longobardorum

2460 4612 2653 4656 manu
2687 4611 2801 4654 sua
2840 4599 3202 4653 attrectaret
3240 4589 3501 4652 barbam
3528 4588 3737 4650 ultimi
3770 4607 3945 4650 sena-

2462 4692 2641 4769 toriS,
2672 4690 2779 4753 ille
2820 4708 2948 4753 non
2994 4687 3205 4751 serens
3249 4689 3392 4765 hoc,
3427 4687 3654 4750 baculo
3685 4706 3800 4750 suo
3830 4686 3947 4749 im-

2464 4790 2637 4875 pegit
2669 4789 2734 4851 in
2767 4788 2949 4851 illum
2976 4805 3142 4869 :quo
3178 4786 3341 4851 Iacto
3373 4785 3683 4866 indignati
3715 4786 3949 4866 Longo-

2464 4890 2669 4966 bardi‚
2697 4888 2976 4971 primum
3007 4886 3469 4949 interemerunt
3490 4883 3694 4962 illum,
3720 4884 3949 4947 deinde

2466 5009 2579 5073 per
2610 4987 2897 5052 ordinem
2930 4984 3113 5048 alios,

2547 5088 2939 5165 Levavitque
2966 5085 3135 5145 Jehu
3171 5084 3409 5160 faciem
3445 5100 3633 5141 suam
3672 5083 3760 5141 ad
3786 5082 3953 5158 fene-

2466 5198 2698 5255 stram,
2739 5194 2799 5245 ec
2843 5184 2940 5243 ait
2984 5202 3007 5242 :
3055 5185 3209 5251 Quoe
3248 5190 3338 5241 est
3380 5180 3552 5239 ista?
3596 5177 3952 5241 Secundum

2470 5284 2717 5367 Lyram,
2764 5282 2829 5343 in
2868 5279 3129 5343 Hebraeo
3169 5278 3459 5353 habetur,
3491 5275 3640 5350 Quis
3677 5296 3952 5353 mecum,
