4309 6259
863 463 982 527 368
1731 478 2078 526 ananan-rio
2121 478 2185 523 m
2226 478 2363 524 cn.
2410 477 2470 522 1v
2510 478 2637 523 son.
2682 497 2764 508 —
2804 478 2949 527 ΑΜ.
2992 479 3097 526 xiv

862 670 931 713 se
961 650 1244 732 plagatos
1266 652 1469 732 :quod
1492 652 1700 734 prima
1720 650 1886 715 facie
1914 648 2348 732 apparentiam
2381 646 2434 709 Α
2464 648 2631 723 vitae,
2665 668 2735 712 os
2765 650 2945 732 justi.
2982 651 3221 731 ltaque,
3249 650 3312 711 in
3344 668 3419 713 eo
3440 649 3609 731 quod
3647 648 3759 724 ait,
3802 646 3952 709 Sus-

863 766 990 810 non
1031 747 1306 811 habebat
1343 749 1410 811 in
1437 749 1574 827 Job,
1610 750 1716 831 qui
1765 749 1892 813 vita
1933 756 1995 811 et
2041 746 2213 809 fama
2254 766 2353 809 ce-

862 846 1055 909 lebris
1099 846 1263 927 fuit3
1300 847 1537 911 idcirco
1580 868 1655 911 ex
1699 847 1920 911 divina
1964 846 2351 910 revelatione

860 944 985 1007 sibi
1015 945 1114 1025 (ut
1153 945 1406 1026 asserit)
1437 944 1626 1024 facta,
1663 945 1895 1008 format
1938 963 2009 1007 ac
2050 943 2227 1007 elicit
2256 962 2352 1003 ar-

857 1051 1250 1122 gumentum.
1286 1044 1466 1106 Ratio
1495 1043 1735 1125 quippe
1764 1044 2044 1105 humana
2072 1042 2138 1103 in
2171 1040 2352 1123 spiri-

862 1141 1142 1203 tualibus
1191 1149 1254 1204 et
1299 1142 1560 1219 diviniS,
1605 1142 1671 1203 in
1711 1140 2109 1221 occultisque
2147 1139 2351 1202 homi-

860 1259 1013 1301 num
1034 1240 1282 1303 actibus
1302 1248 1363 1302 et
1383 1240 1888 1304 variabilissimae
1910 1237 2349 1320 dispositionis

859 1356 1078 1400 eorum
1107 1337 1524 1415 discussione,
1549 1337 1778 1400 debilis
1799 1356 1938 1400 esse
1968 1336 2128 1398 solet
2159 1344 2350 1416 atque

862 1436 1144 1511 incerta3
1178 1445 1240 1499 et
1279 1455 1406 1517 quo
1449 1436 1665 1518 aliqua
1710 1434 1951 1499 suerint
1992 1435 2239 1510 altiora,
2276 1451 2350 1497 eo

861 1543 1010 1597 sunt
1039 1535 1318 1598 humano
1349 1554 1540 1599 sensu
1571 1533 2214 1617 imperceptibiliora:
2240 1552 2351 1595 au-

861 1634 1118 1697 ctoritas
1149 1652 1299 1697 vero
1328 1634 1544 1697 divina
1575 1652 1702 1696 non
1734 1633 2000 1695 fallitur.
2032 1632 2178 1695 Ideo
2208 1631 2350 1693 sub

860 1730 956 1792 dit
995 1748 1010 1792 ε
1043 1732 1248 1792 Porro
1277 1734 1366 1790 ad
1405 1751 1504 1790 me
1531 1732 1779 1791 dictum
1809 1740 1898 1790 est
1931 1733 2190 1790 verbum
2220 1731 2350 1789 abs-

2462 748 2632 829 cepi't
2670 749 2842 810 auris
2903 768 3043 811 mea
3087 767 3281 811 venas
3326 747 3595 810 susurrii
3637 746 3800 829 ejuS,
3851 746 3951 806 in-

2452 845 2695 922 sinuat,
2749 846 2919 926 quod
2969 847 3249 923 modum,
3294 846 3463 908 viam
3510 864 3623 907 seu
3664 844 3943 906 medium

2461 943 2653 1025 hujus
2684 951 2941 1007 secretae
2968 943 3376 1007 allocutionis
3416 952 3479 1007 et
3510 941 3943 1016 revelationiS,

2462 1042 2652 1103 simul
2682 1062 2828 1104 cum
2869 1042 3007 1125 ipsa
3047 1043 3431 1106 allocutione
3459 1050 3720 1117 secreta,
3754 1058 3945 1121 quam

2462 1129 2819 1205 susurrium
2870 1150 3075 1219 vocat,
3127 1141 3413 1223 percepit
3457 1160 3529 1203 ac
3579 1138 3942 1202 intellexit:

2463 1240 2727 1321 ipsaque
2748 1240 2877 1304 oris
2907 1241 3173 1323 apertio,
3198 1240 3428 1322 prolati
3450 1239 3627 1303 verbi
3658 1239 3737 1301 ad
3760 1256 3947 1301 aures

2460 1339 2779 1417 deductio,
2824 1340 3129 1422 loquendi
3176 1339 3515 1415 manerieS,
3556 1356 3733 1400 venae
3775 1356 3949 1417 quae-

2460 1440 2605 1502 dam
2664 1446 2814 1501 sunt
2870 1438 3299 1513 revelationis,
3347 1436 3785 1500 instructionis
3832 1454 3947 1497 seu

2461 1537 2889 1601 allocutionis,
2932 1537 3191 1619 Eliphaz
3244 1537 3457 1618 itaque
3507 1535 3715 1598 innuit
3762 1554 3831 1597 se
3864 1535 3949 1596 is-

2460 1645 2523 1698 ta
2549 1637 2823 1713 audisse,
2858 1655 2985 1699 non
3018 1654 3130 1717 per
3159 1636 3415 1698 modum
3446 1634 3631 1698 clarae
3662 1654 3775 1697 seu
3804 1633 3949 1695 alti—

2459 1754 2631 1798 sonae
2659 1736 2858 1811 vociS,
2883 1735 2992 1797 sed
3024 1753 3137 1816 per
3164 1734 3422 1796 modum
3445 1732 3736 1795 susurrii.
3762 1732 3948 1795 Forte

860 1830 1218 1899 conditum,
1251 1828 1315 1890 id
1353 1835 1449 1891 est
1490 1847 1695 1891 sermo
1737 1828 1882 1890 aliis
1925 1846 2052 1891 non
2093 1828 2347 1890 auditus
2385 1830 2430 1891 B
2458 1833 2756 1915 equidem
2801 1842 2864 1896 et
2902 1834 3011 1895 alii
3050 1833 3311 1914 quidam
3352 1841 3501 1894 tunc
3546 1850 3761 1895 secum
3809 1829 3947 1893 fue-

859 1934 970 1987 aut
997 1927 1309 2007 cognituS,
1333 1934 1398 1989 et
1414 1927 1557 1990 altae
1576 1926 1904 1989 sententiaa
1920 1926 2343 1989 contentivuS.

860 2025 937 2087 Et
966 2025 1032 2087 in
1061 2044 1136 2087 eo
1166 2026 1336 2106 quod
1366 2026 1476 2102 ait,
1510 2025 1757 2088 Dictum
1802 2033 1918 2102 est,
1953 2031 2128 2087 notat
2175 2025 2346 2106 quod

859 2143 974 2206 per
1014 2124 1342 2187 oraculum
1386 2124 1507 2186 ista
1534 2124 1777 2205 accepit
1813 2142 1826 2185 ε
1860 2143 2003 2205 quae
2043 2123 2346 2187 revelatio

857 2223 1090 2286 certior
1118 2231 1237 2301 est,
1262 2243 1452 2304 quam
1493 2242 1634 2305 quae
1668 2222 1832 2285 sitin
1865 2241 2110 2299 somno,
2151 2232 2219 2285 ut
2248 2223 2349 2284 ad·

858 2322 1046 2383 struit
1077 2321 1370 2384 Martialis
1400 2340 1592 2403 super
1622 2322 1938 2385 somnium
1963 2320 2301 2403 Scipionis.

939 2423 1024 2481 Et
1052 2422 1242 2500 quasi
1269 2422 1538 2500 furtive,
1573 2420 1636 2482 id
1665 2429 1760 2483 est
1779 2438 1894 2502 per
1923 2419 2179 2481 modum
2216 2419 2347 2480 fur·-

859 2517 930 2595 ti,
985 2538 1096 2581 seu
1145 2518 1376 2599 raptim
1419 2526 1482 2580 et
1527 2526 1789 2594 secrete,
1839 2520 2112 2595 suscepit
2162 2520 2346 2578 auris

858 2638 998 2678 mea
1041 2638 1236 2677 venas
1273 2619 1560 2677 susurrii
1590 2618 1750 2693 ejus,
1787 2616 2144 2679 Secundum
2187 2617 2346 2679 Tho-

860 2735 1051 2792 mam,
1079 2715 1380 2779 revelatio
1404 2716 1524 2777 ista
1551 2714 1720 2778 facta
1741 2715 2100 2777 insinuatur
2132 2716 2197 2777 in
2221 2716 2347 2797 ple-

860 2834 941 2877 na
989 2814 1230 2894 vigilia,
1281 2814 1516 2895 apertis
1573 2814 1870 2878 videlieet
1925 2814 2343 2877 exterioribus

859 2912 1178 2990 sensibuS‚
1233 2920 1302 2973 ut
1347 2912 1559 2973 statim
1609 2920 1921 2991 tangetur.
1955 2913 2184 2995 Sicque
2232 2932 2345 2995 per

2460 1940 2628 2008 runt,
2663 1932 2762 1994 vel
2794 1950 2939 1993 cum
2982 1931 3253 2012 conjuge
3284 1928 3409 1993 fuit
3449 1931 3513 1991 in
3546 1928 3947 2005 lect0,solus-

2458 2042 2583 2106 que
2615 2025 2751 2108 ipse
2785 2026 2905 2087 ista
2934 2025 3200 2089 audivit.

2537 2124 2820 2206 Insuper,
2844 2123 3111 2187 verbum
3142 2122 3361 2186 divina
3390 2122 3775 2186 revelatione
3803 2138 3946 2203 per-

2457 2232 2739 2304 ceptum,
2794 2231 3054 2285 vocatur
3104 2221 3573 2296 absconditum,
3634 2220 3939 2302 quoniam

2456 2320 2898 2383 communitati
2940 2320 3295 2395 hominum,
3330 2338 3587 2382 sensum
3619 2327 3682 2382 et
3720 2320 3944 2399 imagi-

2457 2418 2778 2480 nationem
2811 2417 3236 2499 sequentium,
3262 2426 3358 2479 est
3384 2416 3699 2480 occultum
3730 2416 3941 2497 :quod

2455 2517 2641 2598 quasi
2700 2516 2935 2581 furtive
2992 2516 3267 2593 auditur,
3318 2517 3469 2578 dum
3519 2515 3750 2579 veritas
3798 2516 3941 2597 ejus

2456 2617 2625 2680 clara
2667 2624 2879 2677 mente
2922 2614 3293 2697 adspicitur.
3329 2614 3579 2695 Sicque,
3623 2614 3801 2694 juxta
3836 2613 3944 2675 Al-

2456 2715 2729 2790 bertum,
2776 2712 3015 2775 furtum
3063 2712 3443 2795 appellatur,
3478 2712 3622 2794 puri
3673 2732 3743 2775 ac
3791 2712 3943 2773 sim-

2456 2814 2643 2895 plicis
2674 2812 3034 2875 intellectus
3066 2811 3405 2873 abstractio
3435 2830 3473 2873 a
3502 2810 3767 2893 strepitu
3802 2830 3941 2873 sen-

2456 2930 2639 2973 suum
2674 2919 2736 2973 et
2764 2909 3318 2973 ludificationibus
3350 2909 3701 2991 phantasiae
3726 2927 3738 2971 :
3763 2910 3939 2990 quod

859 3030 1100 3087 aurem,
1133 3010 1475 3073 exteriores
1511 3030 1695 3074 aures
1727 3019 1986 3093 possent
2015 3012 2288 3093 intelligi
2325 3029 2339 3073 ε
2378 3010 2424 3073 C
2458 3010 2695 3073 bonum
2744 3017 2839 3073 est
2888 3008 3154 3071 furtum.
3204 3008 3529 3083 Praeterea,
3584 3008 3935 3070 secundum

858 3108 1280 3172 exterioribus
1309 3109 1545 3172 etenim
1565 3110 1767 3173 oculis
1798 3110 1960 3174 vidit
1990 3110 2238 3173 vultum
2261 3111 2345 3173 si-

859 3207 922 3270 bi
954 3206 1374 3289 incognitum,
1408 3216 1479 3270 ut
1507 3208 1777 3271 Thomas
1807 3208 2087 3291 exponit.
2123 3208 2346 3272 Alber-

857 3314 959 3368 tus
981 3313 1190 3367 tamen
1212 3306 1290 3368 de
1312 3305 1717 3368 interioribus
1736 3306 1998 3369 auribus
2017 3307 2344 3388 oculisque

857 3404 1138 3486 exponit,
1173 3404 1454 3486 allegans
1484 3404 1786 3466 Basilium
1826 3424 2017 3486 super
2061 3405 2341 3487 primum

856 3502 1710 3577 Proverbiorumdicentem:
1736 3503 2098 3566 Intellectus
2129 3524 2241 3585 per
2264 3505 2344 3566 si-

855 3621 1050 3683 gnum
1079 3600 1423 3682 accipienS‚
1456 3601 1691 3663 dieitur
1711 3602 1903 3679 auris,
1930 3602 2341 3683 quemadmo-

856 3700 1008 3763 dum
1028 3699 1166 3781 ipse
1187 3698 1546 3762 intellectus
1569 3718 1682 3781 per
1702 3700 1978 3781 speciem
1998 3700 2337 3782 accipienS‚

855 3797 1090 3861 dicitur
1149 3798 1321 3860 visus
1363 3823 1378 3874 ;
1430 3806 1494 3861 et
1554 3797 1912 3861 intellectus
1973 3798 2339 3863 immediate

856 3897 1254 3978 contingenS,
1286 3897 1522 3960 dicitur
1562 3906 1806 3975 taetus;
1843 3898 2203 3962 intellectus
2236 3919 2344 3962 au-

857 4004 984 4059 tem
1034 3996 1336 4059 interiora
1395 3996 1820 4077 intelligibilis
1868 4015 1982 4078 per
2031 3998 2342 4063 exteriora

857 4095 1198 4177 accipien5‚
1242 4094 1425 4176 qnasi
1471 4114 1584 4177 per
1626 4096 1966 4176 quemdam
2012 4114 2336 4178 vaporem,

2455 3109 2781 3184 Thomam,
2808 3107 3037 3190 triplex
3056 3108 3280 3169 modus
3301 3106 3741 3169 occultationis
3765 3106 3829 3167 in
3852 3125 3945 3167 re-

2453 3206 2878 3270 velationibus
2900 3205 3061 3269 solet
3078 3204 3469 3286 contingere.
3493 3204 3714 3281 Primo,
3735 3223 3939 3287 quum

2452 3306 2686 3369 veritas
2734 3304 3162 3384 intelligibilis
3206 3324 3320 3385 per
3357 3304 3671 3367 visionem
3714 3303 3942 3383 imagi-

2454 3404 2697 3465 nariam
2746 3403 3238 3466 demonstratur.
3278 3401 3589 3479 Secundo,
3622 3421 3822 3482 quum
3870 3402 3939 3463 in

2455 3502 2829 3583 imaginaria
2858 3502 3107 3565 visione
3136 3500 3414 3563 seu.alia
3446 3500 3805 3581 figurativae
3846 3501 3941 3563 lo-

2452 3601 2739 3664 cutiones
2770 3599 3204 3683 proferuntur,
3230 3608 3300 3661 ut
3330 3600 3393 3660 in
3428 3599 3622 3661 isaia:
3650 3599 3942 3679 Egredie-

2454 3710 2555 3762 tur
2585 3700 2765 3781 virga
2785 3699 2862 3761 de
2883 3699 3095 3761 radice
3111 3697 3306 3774 Jesse,
3331 3706 3451 3760 etc.
3477 3698 3707 3774 Tertio,
3734 3717 3936 3779 quum

2452 3799 2598 3881 quis
2630 3798 3079 3861 revelationem
3118 3797 3402 3861 divinam
3432 3796 3622 3859 habet
3651 3815 3779 3859 non
3813 3796 3943 3861 fre-

2451 3906 2751 3979 quentem
2804 3916 2875 3959 ac
2931 3896 3318 3971 diuturnam,
3372 3896 3482 3958 sed
3538 3895 3813 3957 subitam
3874 3905 3941 3959 et

2452 3996 2905 4058 transitoriam.

2532 4094 2959 4177 Spiritualiter
3013 4093 3293 4169 demum,
3327 4092 3503 4173 juxta
3539 4091 3933 4172 Gregorium‚

855 4194 1090 4256 dicitur
1118 4192 1390 4256 olfactus
1417 4217 1431 4266 ;
1469 4193 1828 4257 intellectus
1859 4213 2008 4257 vero
2039 4194 2343 4259 interiora
2373 4198 2422 4259 D
2453 4194 2719 4257 verbum
2748 4192 3213 4268 absconditum,
3232 4190 3532 4254 allocutio
3563 4192 3804 4253 intimae
3830 4192 3940 4253 ad—

857 4290 1281 4370 intelligibilis
1311 4290 1674 4353 immediate
1703 4292 2082 4373 suscipienS,
2106 4292 2342 4357 dicitur

855 4397 1101 4469 gustus,
1133 4389 1343 4466 Porro,
1379 4388 1734 4451 susurrium
1762 4389 2018 4467 dieitur,
2064 4392 2215 4472 quia
2252 4412 2344 4456 se—

857 4495 1026 4550 crete
1054 4487 1133 4549 de
1163 4505 1272 4550 ore
1304 4486 1369 4548 in
1413 4506 1630 4549 aurem
1671 4488 2065 4569 percipitur3
2108 4498 2171 4552 et
2208 4490 2344 4552 ani-

857 4604 962 4649 mo
1009 4586 1328 4663 audiente,
1379 4585 1489 4649 alii
1539 4586 1649 4667 qui
1698 4587 1949 4662 adsunt,
1997 4587 2157 4650 illud
2208 4608 2341 4653 non

855 4684 1145 4747 audiunt.
1186 4685 1394 4748 Venas
1436 4704 1692 4767 quoque
1740 4686 2007 4749 susurrii
2055 4688 2343 4750 nominat

855 4782 992 4847 vias
1048 4802 1120 4846 ac
1178 4784 1398 4847 modos
1449 4783 1932 4861 revelationum,
1987 4786 2340 4848 secundum

853 4880 1224 4961 Gregorium
1255 4889 1318 4945 et
1343 4881 1694 4957 Albertum,
1731 4882 1843 4962 qui
1872 4882 2199 4944 advehunt
2230 4904 2340 4947 seu

854 4980 1175 5043 deducunt
1196 4979 1525 5041 veritatem
1556 4980 1631 5041 ad
1664 4979 2023 5042 intellectus
2054 4978 2344 5045 resectio-

855 5097 1025 5156 nem,
1061 5078 1224 5141 sicut
1254 5096 1432 5140 venae
1471 5096 1790 5158 corporeae
1831 5079 2159 5141 advehunt
2210 5099 2346 5141 san-

851 5177 1110 5257 guinem
1142 5177 1219 5239 ad
1249 5176 1710 5238 nutrimentum
1742 5176 2197 5239 membrorum.
2225 5178 2345 5240 Un-

561 5296 826 5348 Prov.x,¹1.
853 5276 933 5338 de
976 5276 1042 5337 in
1091 5274 1257 5339 libro
1303 5274 1789 5341 Proverbiorum
1837 5275 2075 5356 legitur
2118 5294 2132 5338 ε
2168 5276 2344 5340 Vena

2453 4292 2820 4375 spirationis
2866 4298 3072 4373 potest
3112 4289 3408 4370 intelligi,
3444 4290 3522 4353 de
3551 4308 3678 4371 qua
3708 4289 3797 4352 ait
3836 4290 3939 4353 Jo-

2452 4411 2649 4454 annes
2676 4407 2690 4453 t
2727 4390 2951 4452 Unctio
2982 4389 3121 4469 ejus
3150 4389 3331 4451 docet
3362 4406 3471 4451 vos
3502 4389 3581 4451 de
3610 4388 3933 4451 omnibuS.
3986 4408 4249 4455 rso-mu.

2452 4491 2655 4554 Venas
2688 4497 2898 4551 autern
2932 4487 3192 4569 superni
3222 4486 3489 4549 susurrii
3522 4486 3692 4548 auris
3720 4487 3936 4550 cordis
3966 4474 4042 4516 ²⁷·

2451 4588 2741 4670 suscipit,
2774 4587 2929 4669 quia
2957 4586 3373 4648 subtilitatem
3416 4585 3754 4649 locutionis
3786 4586 3940 4647 inti-

2452 4707 2571 4751 mae
2612 4706 2793 4749 mens
2836 4686 3105 4767 desuper
3136 4684 3361 4747 afflata
3389 4694 3453 4747 et
3482 4684 3711 4765 raptim
3744 4691 3807 4747 et
3833 4702 3940 4747 oc-

2451 4786 2619 4848 culte
2658 4783 3003 4865 cognoscit.
3037 4783 3171 4845 Nisi
3214 4784 3382 4845 enim
3430 4782 3509 4845 ab
3551 4782 3937 4845 exteriorum

2452 4882 2783 4947 desideriis
2816 4902 2883 4945 se
2914 4881 3279 4957 abscondat,
3314 4880 3565 4944 interna
3596 4900 3723 4943 non
3752 4900 3942 4963 pene-

2452 4989 2596 5045 trat.
2616 4982 2805 5045 Venae
2825 4999 2975 5043 vero
2996 4980 3266 5041 susurrii
3286 4978 3587 5042 dicuntur
3606 4998 3941 5043 causarum

2452 5081 2751 5160 origineS,
2776 5077 3009 5161 quibus
3039 5078 3256 5140 divina
3285 5076 3629 5159 adspiratio
3658 5078 3736 5139 ad
3769 5096 3945 5141 men-

2450 5188 2579 5241 tem
2628 5177 3010 5241 deducitur:
3054 5196 3215 5258 quas
3263 5174 3449 5238 nobis
3498 5174 3701 5258 aperit
3746 5175 3938 5251 DeuS,

2454 5278 2607 5339 dum
2659 5276 2929 5339 latenter
2977 5273 3261 5337 insinuat
3305 5274 3542 5357 quibus
3596 5273 3807 5338 modis
3858 5274 3945 5339 ad

4008 3624 4081 3667 Ic.
4104 3640 4167 3674 xi,
4190 3632 4209 3669 1
