4309 6259
605 781 683 824 Ρε.
702 794 739 831 ι,
758 782 799 823 8.

578 968 681 1025 Sap.
694 970 823 1019 ix,17.

558 1662 823 1715 Ibidxmls.

554 1860 818 1965 opacatum,

590 2156 683 2200 Jer.
703 2170 744 2207 v,
762 2157 801 2199 9.

555 2452 674 2497 lbid.
692 2466 762 2503 xv,
781 2454 818 2498 1.

552 2554 689 2596 Amos
704 2567 760 2605 vr,
777 2554 818 2595 8.

560 4430 633 4476 Ps.
656 4443 749 4481 axv,
764 4424 806 4473 B.

857 473 979 537 592

1666 489 2011 536 manuue
2058 488 2121 533 m
2165 488 2302 533 GAP.
2347 486 2502 533 xxm
2541 487 2668 534 JDB.
2713 506 2794 517 -·
2833 487 2977 533 ΛΒΤ.
3022 487 3167 535 xux

853 668 1098 741 queunt
1127 660 1277 724 sciri
1308 680 1345 723 a
1372 660 1577 736 nobiS,
1596 660 1721 722 nisi
1756 660 1821 721 in
1854 667 2166 741 quantum
2189 660 2352 721 Deus
2385 657 2436 720 A
2467 676 2657 721 omne
2683 658 2924 721 bonum
2947 666 3303 740 promptam
3329 656 3740 738 capacitatem
3767 657 3960 719 dona-

853 760 1221 837 ostenderit‚
1257 778 1457 840 quum
1508 758 1700 821 David
1754 765 2066 821 testetur:
2113 758 2354 821 Incerta

854 866 917 920 et
954 859 1203 922 occulta
1246 857 1573 940 sapientiae
1612 866 1733 919 tuae
1772 856 2194 919 manifestasti
2239 856 2356 917 mi-

855 956 944 1018 hi.
988 957 1065 1018 Et
1116 956 1369 1039 sapiens
1417 956 1677 1037 quidam
1726 954 1973 1017 inducit
2018 972 2032 1017 :
2086 954 2352 1017 Sensum

855 1063 1057 1132 tuum,
1096 1055 1382 1132 Domine,
1428 1054 1574 1137 quis
1614 1054 1791 1131 sciet,
1828 1053 1954 1115 nisi
1992 1062 2061 1115 tu
2100 1053 2351 1115 dederis

854 1153 1257 1235 sapientiam,
1296 1162 1360 1216 et
1402 1152 1653 1215 miseris
1704 1152 2009 1234 Spiritum
2051 1161 2232 1214 tuum
2273 1152 2352 1213 de

852 1252 1031 1315 coelis
1053 1255 1077 1313 2

933 1355 1017 1413 Εἰ
1055 1353 1283 1412 anima
1313 1352 1456 1428 ejus
1494 1353 1939 1430 quodcumqae
1972 1351 2204 1419 voluit,
2235 1350 2350 1409 hoc

850 1451 1027 1526 fecit.
1063 1448 1291 1512 Anima
1327 1449 1392 1511 in
1421 1449 1571 1526 Deo,
1605 1457 1701 1511 est
1738 1448 1878 1528 ejus
1909 1447 2202 1511 voluntas
2235 1466 2345 1509 seu

852 1566 1055 1624 menS,
1112 1568 1255 1630 quae
1311 1566 1509 1629 quum
1569 1546 1975 1629 omnipotens
2035 1545 2137 1623 sit,
2194 1545 2348 1609 facit

850 1645 1165 1727 quidquid
1211 1644 1531 1709 voluerit:
1567 1644 1669 1707 cui
1709 1646 1805 1723 (ut
1852 1643 2113 1725 Sapiens
2164 1644 2348 1723 dicit)

852 1743 1092 1823 subest,
1116 1764 1313 1826 quum
1345 1743 1638 1821 voluerit,
1666 1761 1872 1825 posse.
1896 1742 2072 1805 Unde
2093 1750 2155 1805 et
2182 1743 2346 1805 Psal-

2465 758 2580 835 vit‚
2615 777 2742 839 qua
2783 766 2845 822 et
2884 758 3011 821 cito
3043 758 3107 819 in
3139 758 3434 822 lacrimas
3474 757 3610 838 pias
3647 756 3950 821 resolvor.
4300 820 4301 823 ,

2467 856 2569 920 Sic
2612 876 2863 939 quoque
2900 877 3015 940 per
3057 858 3322 920 adversa
3359 864 3422 919 et
3468 855 3952 937 inspirationem
4001 876 4266 926 Danao,
4300 894 4301 899 κ

2465 955 2842 1019 clementem
2889 956 3168 1019 mollivit
3213 973 3324 1018 cor
3373 954 3950 1017 Nabuchodonosor
3985 941 4062 980 ³¹·
4300 962 4301 971 ²

2465 1054 2653 1134 regiS,
2685 1063 2756 1116 ut
2782 1054 3002 1118 Daniel
3033 1053 3377 1129 describit3
3412 1054 3688 1135 itemque
3717 1072 3824 1115 cor
3843 1052 3952 1113 Pe-
4027 1074 4264 1117 Luam.
4299 1052 4301 1119 ῗ

2462 1152 2545 1214 tri
2573 1153 2867 1236 apostoli,
2903 1174 3100 1235 quum
3131 1152 3450 1214 Christum
3475 1160 3784 1233 negasset.
3807 1150 3950 1214 Om-
3978 1140 4058 1241 2}
4091 1142 4162 1186 ⁵⁷³³
4187 1142 4260 1179 ω·
4300 1164 4301 1207 1

2461 1251 2640 1313 nium
2689 1270 2947 1334 quoque
2988 1261 3394 1335 peccatorum
3423 1269 3582 1333 quos
3619 1251 3698 1313 ad
3746 1250 3948 1332 poeni-

2462 1352 2726 1413 tentiam
2756 1370 2969 1414 veram
2991 1351 3319 1426 convertit,
3337 1369 3446 1413 cor
3475 1349 3696 1412 mollit.
3709 1348 3948 1423 Quibus

2459 1467 2573 1529 per
2602 1448 2994 1512 Ezechielem
3042 1449 3290 1512 locutus
3331 1456 3428 1511 est
3461 1466 3474 1510 :
3509 1446 3806 1510 Auferam
3835 1465 3946 1509 cor
4035 1470 4218 1513 lema,

2458 1547 2779 1630 lapideum
2824 1550 2901 1610 de
2945 1566 3136 1611 carne
3183 1556 3417 1623 vestra,
3453 1555 3514 1609 et
3551 1546 3716 1609 dabo
3763 1546 3944 1610 vobis
3973 1547 4129 1583 ’ΠΨ
4163 1536 4230 1576 ²⁵-

2457 1666 2566 1710 cor
2596 1668 2920 1712 carneum.
2953 1647 3135 1711 Molle
3173 1648 3406 1711 etenim
3447 1647 3739 1723 dicimus,
3771 1648 3942 1728 quod

2457 1745 2645 1811 facile
2692 1748 2860 1811 cedit
2907 1748 3216 1827 tangenti,
3260 1765 3468 1829 neque
3517 1746 3774 1822 resistit,
3829 1746 3940 1808 sed

850 1842 1039 1905 mista
1068 1844 1360 1906 decantat
1392 1861 1405 1906 :
1441 1842 1665 1905 (lmnia
1697 1860 2114 1923 quaecumque
2137 1842 2342 1905 voluit
2378 1847 2424 1908 B
2455 1864 2598 1907 mox
2658 1846 2884 1928 recipit
2933 1846 3440 1929 impressionem.
3497 1844 3671 1906 Talia
3724 1852 3934 1906 autem

850 1942 1175 2019 Dominus,
1213 1941 1363 2006 fecit
1394 1943 1458 2004 in
1490 1943 1653 2005 coelo
1684 1950 1747 2005 et
1779 1941 1843 2003 in
1870 1950 2054 2005 terra.
2090 1942 2342 2005 Praeter-

850 2060 945 2118 ea,
982 2042 1046 2103 in
1076 2042 1421 2124 Scripturis
1451 2042 1663 2104 anima
1695 2042 1819 2104 Deo
1852 2040 2221 2123 frequenter
2240 2042 2342 2103 ad·

852 2140 1176 2218 scribitur,
1215 2149 1285 2203 ut
1332 2160 1530 2223 quum
1573 2141 1663 2203 ait
1708 2140 1772 2202 in
1803 2140 2116 2203 Ieremia:
2152 2141 2341 2203 Num—

851 2240 1003 2321 quid
1050 2260 1240 2323 super
1284 2241 1386 2303 his
1434 2260 1561 2304 non
1599 2240 1895 2316 visitabo,
1932 2248 1993 2303 et
2037 2240 2101 2301 in
2151 2250 2339 2320 gente

850 2338 961 2400 tali
993 2358 1121 2401 non
1151 2338 1493 2401 ulciscetur
1521 2339 1735 2401 anima
1764 2342 1943 2401 mea?
1974 2338 2340 2419 Rursusque

850 2436 917 2497 in
958 2438 1179 2499 eodem
1218 2436 1529 2518 Propheta
1564 2454 1577 2498 :
1613 2436 1747 2499 Non
1796 2444 1893 2498 est
1936 2435 2149 2497 anima
2199 2456 2340 2499 mea

850 2535 928 2596 ad
972 2536 1278 2618 populum
1321 2536 1535 2597 istum.
1573 2534 1647 2596 Et
1675 2534 1865 2596 Amos
1904 2550 1917 2595 ε
1950 2534 2194 2599 Juravit
2224 2536 2340 2598 Do-

848 2634 1061 2697 minus
1094 2635 1159 2696 in
1194 2634 1409 2697 anima
1453 2652 1567 2696 sua
1602 2651 1615 2696 :
1650 2634 1935 2696 Detestor
1962 2652 2079 2715 ego
2120 2653 2340 2717 super-

845 2732 1017 2796 biam
1064 2734 1277 2797 Jacob.
1328 2738 1663 2813 Quumque
1709 2736 2059 2810 expleverit
2118 2736 2191 2794 in
2239 2756 2339 2795 me

846 2836 1239 2893 voluntatem
1264 2852 1479 2902 suam,
1507 2850 1609 2894 me
1648 2849 1763 2913 pro
1804 2850 1918 2894 suo
1967 2830 2151 2895 libito
2197 2851 2338 2915 per-

844 2930 1161 3007 cutiendo,
1181 2949 1291 2993 seu
1314 2930 1498 2993 aliter
1521 2930 1748 3011 quovis
1768 2930 1958 2993 modo
1983 2933 2332 3009 tractandO,

2452 1952 2600 2006 sunt
2625 1947 2815 2008 corda
2845 1946 3180 2023 bonorum,
3204 1964 3348 2027 quae
3375 1963 3414 2005 a
3448 1942 3688 2026 Spiritu
3709 1943 3935 2005 Sancto

2449 2042 2799 2123 dirigibilia
2830 2053 2979 2106 sunt
3008 2052 3199 2125 atque
3229 2043 3483 2119 docilia,
3517 2051 3581 2105 et
3621 2040 3808 2104 facile
3833 2060 3936 2103 ac-

2448 2143 2788 2224 quiescunt
2825 2144 2891 2204 in
2937 2143 3143 2206 bonis.
3177 2142 3354 2204 Unde
3389 2140 3667 2205 secundo
3697 2140 3934 2220 Regum
4300 2210 4301 2213 Ἴ

2450 2241 2740 2320 habetur,
2773 2243 2940 2324 quod
2987 2242 3212 2305 sedens
3243 2241 3308 2302 in
3344 2240 3662 2317 cathedra,
3695 2238 3937 2302 scilicet
3963 2255 4256 2312 tua-pm,
4300 2264 4301 2275 ¹

2451 2342 2643 2405 David
2673 2361 2803 2419 rex,
2830 2341 2952 2404 fuit
2980 2342 3164 2423 quasi
3196 2340 3579 2405 tenerrimus
3611 2338 3772 2420 ligni
3803 2359 3938 2403 ver·
3965 2322 4008 2362 ⁸·
4299 2276 4301 2381 ⁴

2449 2440 2744 2503 miculus.
2779 2444 2866 2503 E't
2900 2442 3310 2517 Omnipotens
3357 2440 3763 2499 conturbavit
3811 2459 3932 2511 me,
4300 2416 4301 2491 Ῑ

2451 2539 2511 2602 id
2563 2548 2680 2616 est,
2734 2538 2918 2605 valde
2965 2538 3278 2615 alteravit,
3333 2536 3555 2615 movit,
3607 2546 3670 2599 et
3712 2536 3940 2599 terruit

2447 2657 2572 2715 me,
2608 2638 2773 2701 sicut
2799 2639 2930 2721 jam
2961 2638 3204 2700 dictum
3239 2646 3354 2699 est.

2531 2737 2680 2798 Non
2709 2738 2882 2797 enim
2905 2737 3109 2813 perii,
3141 2734 3204 2796 id
3237 2742 3354 2811 est,
3379 2752 3505 2797 non
3539 2731 3626 2795 ita
3655 2732 3939 2813 dejectus

2447 2842 2512 2896 et
2558 2853 2757 2898 caesus
2811 2854 2976 2911 sum,
3011 2844 3278 2912 propter
3322 2834 3730 2893 imminente-s·
3779 2841 3942 2891 tene-

2448 2936 2616 3004 bras,
2649 2933 2713 2994 id
2751 2941 2848 2996 est
2891 2941 3150 3014 propter
3195 2940 3452 3014 peccata
3498 2930 3940 2993 inexsistentia

842 3038 903 3089 et
948 3031 1087 3089 alia
1127 3033 1336 3089 multa
1382 3030 1657 3100 similia,
1699 3028 1935 3110 quibus
1984 3048 2087 3091 me
2134 3030 2337 3111 possit
2373 3025 2416 3089 C
2446 3031 2626 3109 mihi,
2662 3030 2765 3094 vel
2805 3032 2883 3093 ad
2919 3050 3062 3113 quae
3106 3030 3412 3113 proclivis
3459 3029 3602 3091 sim.
3638 3028 3750 3091 Vel
3792 3028 3884 3091 sic
3919 3044 3934 3089 ε

846 3124 1060 3201 ferire,
1106 3127 1185 3188 ad
1225 3125 1605 3207 libitumque
1648 3135 1935 3204 tractare,
1965 3138 2226 3205 praesto,
2268 3128 2334 3191 id

844 3230 940 3288 est
968 3224 1033 3285 in
1056 3224 1687 3306 praesentia,suntei,
1710 3226 1773 3287 id
1804 3234 1899 3288 est
1924 3226 1990 3287 in
2023 3235 2333 3307 potestate

842 3342 958 3384 sua
992 3339 1006 3384 ε
1039 3322 1150 3404 qui
1190 3342 1389 3404 quum
1431 3325 1835 3406 omnipotens
1882 3323 2335 3407 infinipotens-

842 3440 968 3502 que
997 3422 1324 3500 consistat,
1359 3441 1486 3485 non
1525 3431 1731 3504 potest
1760 3423 1826 3485 in
1870 3432 1963 3486 tot
1992 3432 2102 3485 aut
2135 3431 2328 3502 tanta,

841 3519 999 3601 quin
1028 3520 1231 3603 possit
1260 3521 1325 3583 in
1358 3521 1675 3585 infinities
1704 3523 1888 3605 plura
1914 3532 2105 3605 atque
2134 3524 2334 3605 majo-

842 3636 931 3695 ra,
984 3627 1294 3699 quantum
1335 3620 1400 3681 in
1437 3640 1503 3682 se
1542 3629 1656 3682 est.
1691 3624 1779 3683 Et
1820 3624 2058 3683 idcirco
2090 3646 2130 3684 a
2161 3624 2334 3702 faeie

838 3718 1005 3793 ejus,
1035 3717 1097 3779 id
1129 3726 1225 3781 est
1262 3718 1771 3781 consideratione
1816 3738 1945 3781 suae
1977 3720 2331 3800 majestatis

840 3815 1081 3897 ubique
1112 3816 1462 3898 praesentiS,
1496 3825 1559 3879 et
1588 3818 1803 3880 omnia
1833 3817 2166 3880 intuentis,
2192 3819 2330 3897 Vel,

840 3914 890 3975 A
931 3913 1096 3978 facie
1145 3916 1306 3998 ejuS,
1363 3916 1425 3977 id
1474 3924 1571 3977 est
1620 3924 1931 3997 praesentc
1980 3916 2098 3979 hac
2145 3916 2333 3998 plaga

839 4012 1000 4075 mihi
1030 4014 1111 4077 ab
1140 4032 1215 4077 eo
1248 4014 1443 4091 illata,
1473 4017 1766 4076 turbatus
1794 4036 1936 4075 sum
1971 4014 2334 4079 turbatione

837 4110 1152 4189 ordinata,
1203 4111 1502 4177 videlicet
1549 4111 1925 4175 reverentiae
1983 4132 2095 4175 seu
2149 4113 2333 4177 timo-

2444 3129 2578 3193 Non
2611 3129 2773 3211 perii
2802 3136 3060 3212 propter
3092 3128 3498 3192 imminentes
3531 3126 3846 3202 tenebraS,
3870 3126 3934 3188 id

2443 3237 2560 3305 est,
2616 3236 2874 3310 propter
2919 3226 3359 3289 tribulationes
3407 3225 3566 3288 mihi
3614 3224 3824 3288 illatas
3873 3232 3937 3287 et

2443 3326 2872 3402 imminenteS,
2908 3344 3035 3388 non
3075 3325 3276 3388 cecidi
3307 3344 3344 3386 a
3375 3332 3542 3387 statu
3583 3322 3817 3387 mentis
3847 3322 3937 3384 vi·

2443 3434 2634 3507 taque
2661 3425 2880 3505 gratiae
2911 3442 3024 3507 per
3062 3423 3566 3506 desperationem
3601 3432 3712 3485 aut
3741 3421 3932 3484 aliam

2442 3524 2693 3606 culpam
2741 3523 3094 3586 mortalem.
3133 3525 3264 3605 Nec
3303 3523 3544 3599 faciem
3585 3541 3823 3591 meam,
3867 3519 3933 3581 id

2441 3632 2538 3686 est
2583 3623 2784 3687 aciem
2837 3622 3121 3698 rationiS,
3157 3640 3269 3683 seu
3311 3629 3613 3697 mentem,
3646 3638 3790 3701 quae
3841 3628 3936 3681 est

2445 3721 2640 3785 facies
2671 3720 3142 3797 intellectualis,
3177 3721 3430 3798 operuit
3457 3721 3688 3795 caligo,
3713 3718 3776 3780 id
3811 3726 3929 3794 est,

2442 3828 2771 3900 peccatum
2822 3818 3235 3901 impatientiae
3280 3826 3390 3879 aut
3439 3816 3652 3880 simile
3702 3817 3928 3880 vitium

2442 3936 2567 3980 non
2618 3917 3082 3994 obtenebravit,
3133 3917 3242 3979 sed
3305 3924 3519 3978 manet
3571 3916 3638 3978 in
3683 3915 3930 3977 lumine

2439 4016 2656 4096 gratiae
2705 4016 2835 4079 fixa
2887 4033 2900 4077 ε
2948 4016 3126 4097 juxta
3173 4015 3330 4077 illud
3379 4014 3671 4091 Mjchaeae,
3724 4013 3928 4088 Quum
3955 4033 4224 4085 ritanus.

2442 4116 2664 4179 sedero
2699 4116 2764 4178 in
2802 4115 3102 4192 tenebriS,
3143 4114 3442 4177 Dominus
3484 4112 3592 4175 lux
3631 4132 3774 4175 mea
3807 4122 3924 4176 est.

838 4208 950 4285 riS,
985 4210 1460 4292 expavescendo
1488 4210 1561 4271 ac
1596 4208 1969 4273 admirando
2005 4209 2333 4273 immensi·
2364 4216 2412 4278 D
2443 4214 2645 4296 Atque
2691 4214 2755 4275 in
2793 4214 3040 4275 Psalmo
3077 4230 3090 4274 :
3131 4212 3196 4275 Si
3235 4212 3646 4276 ambulavero
3696 4212 3762 4273 in
3807 4230 3930 4274 me-
3957 4232 4220 4282 P8.1111‚⁴.

840 4316 1033 4371 tatem
1064 4310 1453 4372 excellentiae
1482 4309 1623 4386 Dei3
1648 4320 1706 4370 et
1725 4312 2134 4371 considerans
2154 4331 2326 4383 eum,

839 4425 1032 4488 quam
1087 4408 1391 4471 terribilis
1445 4408 1529 4470 sit
1577 4407 1645 4470 in
1698 4408 1986 4471 consiliis
2038 4410 2172 4471 suis
2227 4429 2331 4472 su-

838 4525 952 4588 per
976 4507 1151 4571 filios
1178 4507 1532 4585 hominum,
1557 4527 1750 4589 quam
1777 4508 2153 4571 admiranda
2185 4510 2327 4591 ejus

834 4606 1097 4687 judicia,
1139 4625 1329 4687 quam
1382 4606 1701 4669 horrenda
1752 4608 1893 4687 ejus
1942 4615 2162 4669 contra
2207 4608 2329 4669 ini-

836 4722 997 4785 quos
1040 4704 1377 4783 sententia,
1424 4708 1649 4765 timore
1684 4708 2023 4777 sollicitor,
2054 4725 2134 4768 ne
2179 4726 2326 4769 eum

835 4802 901 4863 in
942 4802 1158 4884 aliquo
1201 4801 1602 4880 inhonorem,
1646 4821 1727 4864 ne
1775 4821 1992 4864 rursus
2037 4811 2146 4864 aut
2185 4820 2327 4883 gra-

834 4901 977 4965 vius
1020 4900 1100 4963 ab
1140 4920 1215 4964 eo
1258 4901 1597 4983 percutiar,
1632 4919 1713 4963 ne
1754 4900 1834 4963 ab
1878 4918 1954 4964 eo
2002 4901 2323 4965 ullatenus

832 5018 1109 5083 separer.

897 5103 1069 5161 Deus
1092 5102 1369 5161 mollivit
1390 5120 1495 5160 cor
1516 5120 1753 5170 meum,
1775 5099 1838 5162 id
1872 5108 1987 5177 est,
2014 5118 2128 5163 suo
2161 5118 2326 5164 amo·

832 5217 901 5261 re
932 5217 1045 5261 seu
1074 5198 1242 5262 bono
1273 5198 1498 5263 timore
1526 5197 1879 5279 liquefecit,
1914 5207 1978 5262 et
2008 5198 2195 5280 quasi
2230 5217 2326 5261 re—

834 5297 1045 5374 solvit,
1097 5297 1653 5380 compunctionem
1698 5296 1957 5375 infudit,
2005 5307 2200 5379 atque
2247 5298 2324 5360 ad

2441 4312 2548 4376 dio
2579 4312 2818 4375 umbrae
2845 4311 3092 4389 mortiS,
3126 4330 3256 4373 non
3289 4310 3524 4373 timebo
3557 4309 3742 4386 mala,
3776 4328 3930 4391 quo-

2442 4410 2612 4472 niam
2663 4418 2731 4471 tu
2781 4428 3028 4471 mecum
3077 4427 3168 4471 eS.
3215 4408 3496 4489 Itemque
3554 4425 3569 4469 ε
3621 4408 3926 4471 Dominus
3953 4423 4162 4475 hm..
4183 4430 4222 4471 ι,

2443 4508 2825 4571 illuminatio
2866 4526 3026 4584 mea,
3069 4514 3132 4570 et
3174 4507 3342 4569 salus
3387 4526 3567 4584 mea3
3609 4525 3804 4588 quem
3852 4506 3928 4567 ti-

2440 4607 2626 4671 mebo
2648 4611 2671 4668 ’ζ

2528 4707 2871 4783 Postremo,
2924 4706 3029 4767 hic
3085 4704 3274 4767 aliam
3325 4704 3746 4767 moralitatem
3799 4721 3928 4767 non

2439 4824 2697 4867 necesse
2720 4813 2817 4866 est
2848 4804 3262 4879 introducere,
3288 4804 3396 4865 sed
3427 4802 3609 4883 sequi
3629 4820 3929 4865 curemus

2438 4904 2704 4968 virtutes
2733 4902 2901 4965 beati
2929 4901 3066 4979 Job,
3091 4911 3155 4965 et
3186 4901 3454 4983 vestigia
3480 4902 3593 4964 Dei
3624 4909 3928 4982 sequatur

2437 5022 2549 5085 pes
2581 5011 2815 5079 noster,
2841 5022 2878 5063 a
2905 5001 3288 5065 testimoniis
3309 5008 3372 5063 et
3401 5000 3736 5083 praeceptis
3766 4998 3926 5079 legis

2436 5102 2672 5167 divinae
2712 5100 3074 5164 nullatenus
3107 5098 3522 5175 declinemus,
3559 5097 3754 5161 verba
3784 5098 3925 5179 ejus

2438 5198 2804 5261 memoriter
2831 5206 3178 5275 teneamuS‚
3213 5196 3686 5259 consideremus
3715 5194 3926 5257 omni-

2439 5296 2805 5380 potentiam,
2835 5295 3236 5379 sapientiam,
3262 5294 3574 5376 justitiam
3605 5294 3713 5356 Dei
3745 5291 3923 5376 peni-
