4309 6259
77 962 96 1000 ¹

1279 516 1627 563 auam-no
1671 517 1732 562 m
1777 516 1912 562 car.
1959 516 2042 563 xv
2081 518 2209 564 son.
2253 540 2335 551 —
2376 522 2520 568 aar.
2566 521 2735 567 xxxv
3435 504 3555 571 519

449 686 523 749 bi
558 687 773 751 taliter
811 686 1267 769 impinguetur,
1301 694 1364 748 et
1396 685 1593 749 latera
1621 685 1762 767 ejus
1794 685 1959 749 arvi·
1987 686 2037 747 A
2067 694 2371 769 tanquam
2404 692 2822 773 pravissimus
2862 704 2923 757 et
2951 715 2988 757 a
3018 695 3151 758 suis
3192 704 3547 777 spernetur.

451 805 538 847 na
568 786 938 850 abundent:
972 785 1510 868 quemadmodum
1557 784 1621 845 in
1664 784 1953 847 Judicum

105 894 410 973 :tu-iscau-
454 884 625 947 libro
667 884 926 965 legitur,
957 884 1108 946 Erat
1148 892 1362 946 autem
1397 882 1595 963 Eglon
1633 902 1742 945 rex
1779 882 1955 945 Moab

113 977 152 1061 ἰ’
157 1021 298 1075 1109,
314 1035 410 1072 n,
451 1002 714 1047 crassus
744 983 954 1047 nimis,
989 983 1064 1044 Et
1095 983 1268 1063 Agag
1302 1001 1411 1044 rex
1441 981 1716 1057 Amalec,
1755 979 1954 1044 fertur

75 1084 150 1125 εξ.

455 1080 664 1145 fuisse
695 1082 1182 1164 pinguissimus,

534 1180 1018 1261 Consequenter
1061 1179 1263 1260 tangit
1302 1180 1589 1255 adversa,
1633 1198 1776 1261 quae
1818 1199 1955 1243 cru-

452 1277 608 1355 deli,
645 1278 926 1359 supcrbo
956 1285 1016 1340 et
1057 1277 1364 1359 opulento
1405 1278 1612 1340 solent
1641 1277 1950 1341 accidere.

451 1376 784 1439 Interdum
818 1375 989 1438 enim
1021 1376 1102 1437 de
1133 1375 1274 1438 loco
1303 1393 1418 1437 suo
1451 1374 1790 1458 expellitur
1812 1393 1827 1437 z
1846 1396 1957 1438 un-

453 1476 536 1537 de
583 1473 905 1555 adjungit,
957 1475 1324 1543 Habitavit,
1368 1481 1707 1555 postquam
1749 1472 1956 1537 factus

451 1582 552 1637 θεῖ
585 1571 922 1652 fugitivuS,
957 1574 1031 1631 in
1059 1574 1432 1632 civitatibus
1459 1574 1758 1633 desolatis
1793 1582 1850 1633 et
1885 1576 1954 1633 in

450 1674 755 1735 domibus
801 1673 1096 1739 desertis,
1141 1692 1288 1749 quoe
1339 1688 1453 1751 pro
1504 1678 1683 1751 parte
1729 1672 1802 1733 in
1853 1681 1955 1731 tu-

453 1776 694 1841 mulos,
723 1770 788 1833 id
833 1778 930 1833 est
959 1788 1242 1845 acervos,
1275 1779 1428 1829 sunt
1456 1774 1748 1831 redactce.
1781 1769 1956 1832 Talia

2066 785 2167 849 Sic
2206 787 2296 849 ait
2322 789 2654 853 Psalmista
2689 809 2703 854 :
2734 792 2949 855 Frater
2987 813 3113 857 non
3154 794 3433 871 redimit,
3466 813 3555 857 re-
3616 812 3846 865 amm,

2063 885 2263 948 dimet
2304 887 2539 950 homo?
2580 889 2713 951 Non
2749 892 2923 955 dabit
2962 893 3087 957 Deo
3128 893 3550 976 placationem
3582 882 3685 929 ⁸·⁰·

2064 1002 2265 1059 suam,
2286 993 2349 1047 et
2369 987 2643 1067 pretium
2674 990 3128 1071 redemptionis
3147 991 3377 1053 animae
3396 1010 3548 1053 suae.

2063 1082 2129 1143 ln
2183 1081 2347 1145 libro
2387 1104 2643 1166 quoque
2680 1087 3203 1171 Paralipomenon
3253 1089 3486 1151 dicitur
3530 1107 3545 1151 :

2063 1182 2195 1244 Non
2258 1190 2352 1245 est
2400 1186 2568 1266 apud
2619 1186 2955 1251 Dominum
3004 1188 3217 1257 Deum,
3261 1196 3547 1251 nostrum
3597 1210 3846 1263 umam,

2066 1280 2391 1361 iniquitaS,
2446 1302 2561 1346 nec
2611 1303 3027 1365 personarum
3076 1286 3382 1370 accepti0‚
3433 1304 3549 1350 nec
3578 1276 3619 1318 ⁷·

2063 1380 2349 1461 acceptio
2376 1400 2739 1444 munerum.

2143 1482 2511 1560 Antequam
2550 1483 2953 1558 impleantur
2996 1487 3133 1543 dies
3176 1485 3337 1561 eju-3,
3376 1485 3554 1561 peri-

2064 1579 2183 1646 bit,
2231 1577 2294 1639 id
2344 1586 2460 1655 est,
2512 1587 2852 1659 antequam
2902 1582 3210 1643 naturalis
3256 1581 3555 1663 periodus

2065 1696 2193 1737 suae
2242 1675 2445 1738 aetatis
2493 1678 2908 1760 compleatur,
2956 1679 3221 1742 decedet
3265 1699 3374 1742 seu
3423 1697 3557 1741 mo-

2065 1774 2265 1836 rietur
2290 1800 2304 1850 ;
2351 1784 2410 1834 et
2441 1796 2670 1837 manus
2700 1779 2841 1853 cy'us
2868 1788 3175 1848 arescent,
3214 1778 3275 1840 id
3306 1786 3422 1853 est,
3458 1775 3555 1839 vis

451 1869 630 1933 enim
686 1868 958 1932 latibula
997 1877 1238 1931 secreta
1287 1867 1569 1951 collapsa
1616 1886 1956 1931 consueve-
1991 1875 2036 1935 B
2064 1874 2389 1956 operativa
2420 1883 2482 1937 et
2502 1892 2695 1956 opera
2724 1876 2859 1957 ejus
2892 1876 3248 1939 cessabunt.
3272 1876 3375 1939 Sic
3406 1875 3555 1938 etin

453 1976 607 2029 runt
637 1986 926 2049 quaerere
959 1966 1238 2047 fugitivi,
1273 1965 1544 2048 expulsi,
1579 1966 1853 2029 inveniri
1887 1967 1958 2028 ti-

455 2074 730 2129 mentes,
757 2068 906 2129 Non
935 2067 1262 2125 ditabitur
1277 2064 1468 2145 :quia
1497 2063 1768 2127 aliorum
1792 2065 1958 2128 bona

454 2164 742 2246 amplius
777 2163 1001 2227 tollere
1043 2182 1169 2226 non
1201 2162 1482 2239 audebit,
1520 2182 1638 2225 nec
1680 2164 1954 2244 poterite.

455 2284 572 2323 nee
613 2264 1052 2341 perseverabit
1099 2263 1460 2323 substantia
1507 2263 1672 2338 ejus,
1722 2262 1786 2324 id
1837 2270 1954 2337 est,

457 2380 615 2443 opes
663 2380 797 2423 suae
841 2360 922 2423 ab
965 2378 1042 2423 eo
1091 2358 1418 2435 tollentur,
1471 2368 1540 2421 ut
1589 2360 1754 2422 sicut
1801 2359 1960 2422 alios

458 2459 790 2543 spoliavit,
845 2457 1157 2541 spolietur
1205 2465 1267 2520 et
1316 2457 1454 2539 ipsc
1509 2476 1522 2519 z
1575 2460 1754 2538 juxta
1801 2458 1959 2521 illud

127 2578 202 2620 ιι.
227 2590 280 2626 x.
311 2578 402 2618 w.
457 2559 659 2635 isaim,
693 2558 896 2622 Mittet
925 2557 1232 2621 Dominus
1264 2557 1330 2619 in
1374 2557 1720 2639 pinguibus
1761 2558 1964 2620 tenui-

458 2667 681 2722 tatem.
713 2661 843 2719 Nec
861 2660 1068 2719 mittet
1091 2659 1163 2717 in
1187 2667 1426 2718 terram
1445 2658 1732 2717 radicem
1751 2678 1963 2726 suam,

459 2758 528 2821 id
581 2765 702 2833 est,
742 2757 822 2819 de
863 2764 1074 2819 cetero
1124 2756 1440 2818 fecundus
1489 2763 1552 2819 et
1600 2754 1962 2817 fructuosus

459 2876 594 2921 non
639 2856 786 2933 erit,
821 2874 938 2918 nec
979 2855 1058 2917 ad
1102 2854 1438 2936 pristinam
1477 2853 1962 2936 prosperitatem

463 2954 704 3018 redibit
730 2954 1092 3035 :quomodo
1123 2953 1312 3017 arbor
1332 2960 1608 3017 extracta
1636 2960 1700 3014 et
1733 2952 1962 3014 iterum

2063 1972 2419 2036 Proverbiis
2452 1974 2683 2055 legitur
2719 1994 2731 2037 ε
2766 1973 2955 2047 Quasi
2988 1982 3329 2056 tempestas
3360 1983 3555 2037 trans·
3584 2003 3845 2051 mmmm,

2067 2071 2225 2145 ἰθῐιε,
2278 2070 2513 2151 impius
2566 2090 2692 2133 non
2741 2072 2882 2134 erit.
2935 2071 3344 2135 Ecclesiastes
3394 2091 3552 2153 quo-

2065 2187 2191 2249 quc
2226 2186 2239 2229 ε
2276 2168 2411 2230 Non
2452 2169 2554 2245 sit,
2606 2169 2835 2251 inquit,
2885 2170 3124 2233 bonum
3166 2170 3387 2253 impin,
3435 2190 3551 2234 nec
3606 2200 3845 2249 mmmm,

2066 2266 2528 2348 prolongentur
2564 2268 2700 2330 dies
2738 2268 2917 2348 ejus3
2954 2270 3061 2332 sed
3107 2270 3289 2350 quasi
3330 2269 3555 2332 umbra
3590 2265 3652 2306 '⁸-

2072 2374 2413 2441 transeant,
2447 2367 2557 2447 qui
2590 2386 2717 2429 non
2751 2368 2979 2430 timent
3019 2366 3247 2432 faciem
3277 2369 3549 2432 Domini.

2068 2464 2144 2525 Et
2194 2464 2259 2525 in
2306 2464 2551 2527 Psalmo
2589 2483 2602 2527 ε
2637 2466 2771 2528 Viri
2814 2467 3193 2546 sanguinum
3244 2475 3306 2530 et
3352 2467 3555 2530 dolosi
3590 2486 3845 2537 Pam-‚24

2072 2582 2201 2625 non
2232 2562 2664 2625 dimidiabunt
2691 2564 2827 2627 dies
2848 2583 3017 2627 suos,
3043 2570 3343 2627 Laedetur
3370 2568 3558 2645 quasi

2069 2665 2260 2723 vinea
2304 2664 2373 2721 ae'n
2396 2665 2615 2739 primo
2646 2666 2807 2739 flore
2840 2684 2975 2736 su0,
3010 2664 3073 2725 id
3119 2672 3235 2740 θεῖ,
3270 2664 3435 2727 sicut
3471 2664 3559 2727 vi-

2073 2778 2193 2823 nea
2221 2760 2471 2822 laeditur
2503 2760 2567 2822 in
2598 2761 2806 2842 primo
2834 2780 2949 2824 suo
2980 2761 3163 2839 flore,
3194 2763 3449 2843 quando
3480 2762 3560 2824 le-

2070 2859 2134 2921 vi
2175 2858 2403 2939 pruina
2445 2859 2840 2941 excoquitur,
2874 2869 2938 2923 ct
2970 2879 3166 2942 parvo
3204 2862 3427 2923 ardore
3464 2860 3561 2922 in-

2072 2956 2386 3033 cenditur,
2438 2956 2523 3017 ita
2572 2957 2835 3020 laedetur
2882 2961 3097 3019 botrus
3142 2960 3304 3036 ejus,
3356 2959 3419 3022 id
3465 2966 3562 3022 est

464 3055 868 3136 implantata,
904 3052 958 3114 si
1000 3052 1066 3115 in
1109 3061 1340 3115 terram
1375 3050 1622 3114 miserit
1661 3051 1958 3127 radicem,
1997 3053 2044 3117 C
2074 3054 2315 3117 fructus
2348 3074 2458 3117 seu
2489 3073 2650 3135 opus
2684 3056 2913 3136 iniqui,
2942 3056 3027 3118 ita
3057 3058 3227 3137 quod
3249 3076 3442 3139 opera
3470 3056 3563 3121 vi—

463 3155 679 3217 denuo
729 3151 1156 3230 convalescit3
1209 3151 1383 3232 quod
1433 3149 1485 3211 si
1537 3169 1664 3212 non
1720 3148 1962 3227 fecerit,

464 3271 732 3336 prorsus
782 3250 1033 3313 arescit.
1086 3250 1246 3312 Hinc
1297 3250 1363 3311 in
1415 3247 1753 3330 Sapientiae
1800 3248 1965 3311 libro

121 3369 250 3424 sap.
273 3381 346 3416 ιν,
371 3370 422 3408 ³.
463 3351 742 3415 habetur
777 3367 792 3411 :
827 3347 1214 3412 Adulterinae
1245 3347 1673 3430 plantationes
1706 3366 1832 3410 non
1865 3348 1966 3409 da-

463 3449 632 3511 bunt
664 3448 910 3511 radices
941 3446 1123 3508 altaS.
1143 3448 1349 3527 Atque
1371 3445 1436 3507 in
1457 3446 1704 3510 Psalmo
1734 3445 1968 3508 dicitur

143 3567 238 3609 Ρ..
263 3578 330 3613 u..
353 3566 408 3606 ⁷.
463 3546 670 3629 impio
707 3565 720 3610 :
757 3547 917 3609 Deus
948 3546 1234 3607 destruet
1265 3553 1326 3607 te
1367 3544 1434 3605 in
1467 3543 1702 3619 finem3
1737 3544 1968 3608 evellet

467 3655 552 3722 te,
588 3654 652 3709 et
684 3642 1024 3724 emigrabit
1059 3651 1122 3705 te
1163 3643 1242 3705 de
1285 3642 1695 3706 tabernaculo
1740 3652 1868 3719 tuo,
1907 3651 1968 3704 ct

465 3744 750 3807 radicem
783 3750 956 3804 tuam
988 3742 1066 3804 de
1110 3750 1277 3804 terra
1307 3741 1684 3804 viventium.

549 3846 698 3905 Non
743 3846 986 3903 recedet
1026 3845 1105 3902 de
1149 3843 1418 3902 tenebris
1461 3841 1860 3904 adversitatis
1907 3850 1970 3904 ct

463 3940 830 4024 pravitatiS,
879 3940 991 4001 sed
1039 3940 1104 4001 in
1155 3938 1432 4001 miseriis
1482 3938 1604 4001 erit
1653 3939 1858 4020 culpae
1906 3948 1968 4001 et

461 4058 699 4124 poenae.
733 4042 973 4101 Ramos
991 4040 1158 4116 ejus,
1191 4038 1254 4099 id
1285 4045 1380 4099 est
1413 4036 1720 4113 sobolem,
1755 4042 1970 4119 arefa-

459 4142 590 4199 ciet
627 4140 930 4214 flamma,
961 4135 1027 4197 id
1067 4143 1164 4198 est
1203 4134 1416 4215 gravis
1453 4134 1821 4211 adversitas,
1857 4154 1965 4197 seu

2075 3172 2152 3215 va
2199 3152 2330 3215 vita
2375 3152 2593 3231 gratiae
2636 3172 2765 3216 non
2805 3153 3086 3231 habebit,
3120 3173 3237 3217 nec
3270 3155 3381 3217 diu
3420 3156 3565 3219 sub-

2075 3252 2303 3330 sistet3
2362 3261 2421 3311 et
2470 3254 2659 3331 quasi
2715 3254 2888 3311 oliva
2935 3254 3293 3330 projiciens
3338 3258 3564 3331 florem

2072 3371 2291 3419 suum,
2324 3350 2387 3412 id
2416 3359 2511 3413 est
2542 3352 2727 3431 cujus
2758 3350 2883 3413 flos
2916 3351 3174 3427 decidit,
3208 3360 3273 3413 et
3302 3353 3367 3414 in
3398 3352 3565 3415 olea-

2076 3458 2278 3511 strum
2310 3449 2670 3528 degenerat,
2696 3448 3222 3530 infructuosaque
3254 3449 3350 3527 fit,
3386 3451 3475 3512 ita
3502 3460 3565 3515 et

2077 3546 2198 3609 iste
2236 3546 2404 3629 perit
2443 3565 2517 3609 ac
2555 3546 2805 3609 defluit.

2160 3648 2576 3723 Conyrcyatio
2611 3648 2785 3705 enim
2818 3648 3171 3722 hypocritae
3203 3649 3464 3719 sterilis,
3498 3647 3561 3709 id

2077 3752 2193 3821 est,
2233 3764 2329 3806 res
2359 3744 2442 3806 ab
2472 3743 2804 3825 hypocrita
2834 3743 3119 3819 collecta,
3142 3743 3222 3804 fit
3252 3742 3566 3808 infructu-

2075 3861 2206 3919 osa,
2243 3842 2393 3922 quia
2433 3840 2693 3903 habenti
2728 3840 2976 3917 nociva,
3015 3848 3077 3901 et
3112 3839 3460 3921 aliquando
3502 3843 3562 3905 ei

2074 3940 2375 4003 aufertur.
2392 3939 2514 4022 lpsi
2535 3957 2783 4020 quoque
2802 3938 3147 4021 hypocritae
3169 3940 3406 4020 pariter
3426 3959 3568 4003 con-

2073 4039 2337 4119 gregati,
2379 4058 2416 4100 a
2462 4036 2647 4101 bonis
2696 4045 2845 4098 sunt
2885 4037 3133 4099 actibus
3182 4038 3451 4115 sterile-S,
3501 4048 3565 4102 et

2077 4136 2492 4199 infructuosis
2533 4134 2869 4198 arboribus
2912 4135 3194 4210 similes;
3241 4154 3357 4199 nec
3394 4138 3563 4218 apud

465 4236 832 4315 rigorosum
865 4241 927 4295 et
962 4252 1347 4296 consumens
1376 4232 1688 4314 judicium
1726 4233 1875 4307 Dei;
1910 4243 1968 4293 ec
1999 4241 2048 4302 D
2077 4236 2272 4298 Deum
2303 4233 2658 4296 sortiuntur
2688 4235 3065 4311 mercedem,
3086 4234 3195 4314 qui
3218 4234 3561 4297 humanam

462 4335 814 4412 auferetur
856 4332 936 4393 de
976 4330 1129 4407 vita,
1161 4334 1403 4409 spiritu
1445 4332 1574 4391 oris
1609 4334 1718 4391 sui
1761 4335 1839 4391 ab
1874 4352 1965 4403 cO,

467 4434 538 4496 id
572 4440 670 4495 est
701 4450 816 4513 per
850 4430 1240 4493 ablationem
1273 4430 1536 4512 spiritus
1559 4431 1655 4491 sui
1688 4450 1726 4492 a
1755 4449 1971 4513 corpo-

111 4552 430 4599 Ps.cx·.v.4.
465 4552 542 4595 re
565 4530 778 4612 :juxta
813 4528 970 4592 illud
1000 4528 1255 4605 Psalmi,
1283 4528 1492 4591 Exibit
1524 4528 1784 4610 spiritus
1806 4530 1967 4611 ejuS,

465 4640 534 4694 et
569 4637 923 4694 revertetur
955 4627 1022 4689 in
1055 4636 1283 4691 terram
1320 4647 1521 4689 suam.
1560 4627 1697 4704 Vel,
1732 4626 1969 4709 Spiritu

465 4727 604 4794 oris
653 4727 780 4803 sui,
815 4726 878 4787 id
923 4734 1022 4789 est
1059 4734 1318 4808 propter
1353 4726 1822 4789 animositatem
1872 4727 1971 4787 sui

463 4826 705 4901 cordis,
744 4843 886 4905 quae
934 4824 1002 4885 in
1052 4823 1264 4887 verbis
1314 4842 1424 4886 ore
1466 4823 1729 4905 prolatis
1769 4831 1975 4886 osten-

463 4926 670 4987 ditur.
709 4926 858 4987 Non
886 4926 1096 4983 credet
1124 4924 1403 4999 frustra,
1439 4921 1503 4983 id
1546 4930 1642 4984 cst
1674 4921 1970 4999 inaniter,

462 5042 689 5085 errore
744 5040 926 5084 vanae
986 5020 1124 5102 spei
1171 5024 1492 5098 deceptu&
1536 5025 1707 5101 quod
1752 5023 1974 5099 aliquo

457 5124 682 5201 pretio
711 5122 1134 5180 redimendus
1161 5121 1274 5188 sit,
1306 5118 1370 5179 id
1404 5128 1500 5181 est
1529 5119 1804 5199 aliquus
1835 5118 1977 5181 sub-

470 5218 644 5282 sidio
692 5218 774 5281 de
825 5236 1021 5279 manu
1068 5217 1300 5279 summi
1350 5217 1588 5279 ludicis
1633 5217 1971 5290 eruenduS‚

472 5316 582 5382 vel
627 5336 668 5377 a
711 5315 1012 5399 praesenti
1052 5314 1309 5378 miseria
1351 5315 1821 5388 sublevandus3
1867 5314 1976 5376 sed

2076 4332 2343 4415 cupiunt
2374 4332 2648 4408 laudem,
2667 4339 2732 4394 et
2760 4331 3166 4395 simulatione
3186 4352 3253 4395 se
3274 4333 3561 4415 palliant.

2081 4436 2165 4493 Et
2193 4433 2365 4508 iynis
2394 4432 2724 4491 devorabit
2746 4432 3156 4492 tabernacula
3186 4452 3430 4503 eorum,
3452 4434 3571 4511 qui

2079 4551 2351 4591 munera
2376 4532 2641 4589 libenter
2662 4530 3007 4606 accipiunt,
3029 4528 3090 4591 id
3114 4538 3209 4592 est
3233 4549 3565 4594 avarorum

2079 4628 2190 4709 qui
2230 4646 2445 4689 amore
2478 4627 2789 4689 donorum
2832 4635 3201 4706 pervertunt
3227 4628 3563 4707 judicium.

2077 4726 2439 4807 Aliquando
2501 4742 2775 4805 namque
2822 4724 3160 4805 contingit,
3212 4734 3283 4787 ut
3330 4726 3568 4807 injuste

2079 4824 2329 4905 adepta,
2356 4842 2469 4904 per
2496 4840 2720 4901 graves
2750 4821 3205 4885 adversitatum
3246 4824 3567 4886 molestias

2079 4919 2477 4997 auferantur,
2510 4928 2572 4982 ct
2606 4918 2829 4981 talium
2861 4920 3087 4982 domus
3124 4920 3563 4983 incendantur.

2083 5020 2203 5082 Sed
2236 5038 2352 5081 nec
2381 5018 2573 5093 istud,
2610 5036 2726 5080 nec
2756 5017 2881 5079 alia
2907 5018 3039 5098 jam
3078 5018 3399 5099 praedicta,
3434 5019 3572 5081 uni-

2082 5116 2412 5180 versaliter
2440 5115 2739 5178 accidunt
2768 5115 3119 5177 secundum
3159 5116 3571 5197 superficiem

2083 5216 2448 5291 litteralem,
2482 5232 2678 5293 quum
2713 5213 2895 5295 impii
2940 5232 3107 5297 saepe
3138 5234 3339 5295 usque
3368 5216 3447 5277 ad
3479 5216 3576 5278 ul-

2084 5314 2305 5376 timam
2328 5311 2693 5394 pertingant
2711 5319 3058 5388 aetatem,et
3080 5330 3281 5393 usque
3309 5312 3390 5374 ad
3410 5333 3576 5377 mor-
