4309 6259
1175 518 1524 565 mannum
1567 518 1628 563 1N
1671 517 1809 563 cu.
1858 517 1916 562 lv
1958 516 2086 562 1013.
2132 536 2214 546 —
2254 517 2395 563 aar.
2444 518 2547 563 xlv
3288 498 3408 561 373

393 692 648 757 Quanto
682 693 892 767 mayis
923 693 996 751 Izi
1025 693 1142 771 qui
1160 692 1461 751 habitant
1480 693 1696 751 domos
1720 693 1816 749 lu-
1844 687 1894 749 A
1925 696 2196 769 quenter
2254 689 2596 771 peccando,
2649 708 2686 750 a
2730 686 3047 771 spirituali
3105 686 3237 751 vita
3291 686 3419 747 vir-

317 798 464 861 teas,
500 788 568 851 id
600 790 1047 867 65111011111165,
1082 809 1355 872 quorum
1391 799 1637 853 terrena
1669 799 1816 852 sunt
1927 796 2132 849 tutum
2186 789 2509 851 tollentur.
2563 788 2737 862 Quod
2787 788 2936 851 item
2987 788 3065 850 de
3115 786 3419 849 continua

96 903 180 945 oen.
198 915 236 946 n.
250 904 286 945 τ.
316 905 598 970 corpora,
615 888 797 970 juxta
819 889 978 951 illud
999 889 1258 952 Genesis
1281 890 1632 951 :Formavit
1652 891 1814 951 Deus

315 986 642 1049 hominem
665 988 744 1050 de
767 987 922 1050 limo
944 996 1148 1050 terrae.
1165 988 1242 1050 Et
1261 988 1454 1050 isaias
1475 988 1633 1049 dicit
1655 988 1775 1050 Deo
1797 1004 1811 1049 :

315 1086 521 1147 Fictor
563 1094 783 1149 noster
809 1104 877 1149 es
922 1094 1030 1161 tu3
1083 1105 1200 1149 nos
1231 1104 1382 1149 vero
1423 1086 1650 1148 lutum.
1691 1088 1818 1154 Qui

317 1193 641 1245 terrenum
669 1187 906 1245 habent
934 1186 1469 1262 fundamentum,
1490 1184 1552 1246 id
1575 1192 1670 1246 est
1689 1203 1819 1246 car-

316 1301 458 1345 nem
509 1282 849 1344 mortalem
899 1283 1132 1345 animae
1186 1282 1480 1344 rationali
1534 1282 1815 1344 substra-

317 1390 438 1442 tam
466 1398 482 1441 :
507 1400 654 1462 quae
684 1398 834 1443 caro
862 1381 930 1442 in
959 1380 1372 1461 generatione
1393 1379 1671 1443 hominis
1694 1380 1818 1461 pri-

317 1499 412 1541 ma
463 1488 583 1556 est,
620 1480 1162 1560 quemadmodum
1215 1478 1702 1542 fundamentum
1751 1479 1815 1540 in
1928 1479 2136 1560 pauci,
2171 1479 2327 1560 quid
2358 1478 2487 1541 sint
2518 1487 2578 1541 et
2616 1496 2806 1560 quam
2854 1476 3135 1558 fragileS,
3171 1482 3235 1537 et
3262 1481 3416 1555 quot

316 1578 774 1641 constitutione
795 1578 1276 1641 domuS.Anima
1297 1577 1606 1652 autem,in
1627 1597 1819 1658 quan·
1926 1576 2101 1639 vitiis
2151 1576 2413 1653 subditi,
2464 1575 2639 1657 juxta
2692 1576 2861 1655 quod
2907 1574 3215 1656 scriptum
3259 1580 3352 1634 est
3398 1588 3411 1633 ε

317 1684 448 1739 tum
480 1685 578 1739 651
623 1674 833 1739 forma
863 1674 1172 1757 corporiS‚
1209 1676 1402 1738 habet
1441 1695 1508 1738 se
1550 1675 1627 1737 ad
1658 1675 1816 1737 illud
1930 1674 2166 1737 Delicta
2195 1675 2340 1755 quis
2369 1674 2704 1754 intelligit?
2726 1673 2792 1735 In
2814 1672 2968 1735 Osee
2998 1688 3289 1754 quoque:
3313 1670 3417 1731 Po-
3486 1680 3565 1722 Ρο-
3594 1693 3707 1731 xvm.

318 1775 480 1837 sicut
525 1773 870 1837 fundatum
921 1774 999 1835 ad
1048 1772 1539 1837 fundamentum
1576 1791 1590 1835 :
1627 1772 1692 1834 in
1742 1791 1816 1835 eo
1930 1773 2118 1854 pulus
2166 1791 2295 1835 non
2342 1773 2706 1853 intelligens
2748 1770 3097 1853 vapulabit.
3141 1769 3217 1831 Et
3254 1768 3418 1850 Apo-
3447 1746 3709 1856 ’ἐζημ-

318 1892 596 1954 namque
630 1871 940 1935 fundatur
984 1873 1063 1934 ad
1105 1872 1608 1948 consistendum,
1643 1880 1706 1934 et
1745 1872 1818 1933 il-
1855 1871 1900 1931 B
1930 1872 2130 1933 stolus
2178 1872 2265 1933 ait
2312 1889 2325 1933 :
2378 1870 2493 1945 Qui
2545 1870 2813 1951 ignorat,
2866 1868 3280 1950 ignorabitur.
3334 1870 3417 1928 In
3476 1884 3569 1928 ico
3572 1897 3710 1936 111111

318 1972 425 2034 lud
456 1970 804 2053 subjicitur
832 1971 914 2034 ei.
941 1972 1008 2033 In
1040 1979 1352 2052 quantum
1381 1990 1532 2033 vero
1563 1979 1658 2032 est
1686 1990 1819 2033 cor·
1927 1980 2241 2031 aeternum
2272 1972 2605 2048 peribunt,
2636 1969 2748 2049 qui
2793 1968 2910 2030 ista
2954 1985 3080 2029 non
3122 1974 3413 2048 pensant,
3448 1951 3515 1991 ³⁸·

1925 887 2416 968 consumptione
2448 905 2558 949 seu
2592 886 3068 950 abbreviatione
3108 884 3415 947 naturalis

1925 985 2072 1047 vitae
2103 985 2307 1067 accipi
2339 993 2567 1066 potest.
2592 984 3037 1047 Indeficienter
3057 983 3229 1047 enim
3259 982 3415 1064 quid

1925 1084 2172 1165 deperit
2192 1085 2270 1146 de
2296 1084 2427 1147 vita
2448 1091 2662 1146 nostra
2685 1083 2971 1164 qualibet
2989 1082 3165 1159 hora,
3192 1100 3417 1144 secun-

1927 1184 2078 1245 dum
2109 1183 2268 1245 illud
2299 1184 2365 1245 in
2396 1183 2554 1245 Isaia
2589 1201 2602 1245 :
2636 1184 2721 1245 De
2753 1202 2941 1245 mane
2973 1201 3175 1262 usque
3201 1182 3281 1243 ad
3310 1200 3416 1243 vc-
3468 1194 3707 1247 annm,

1927 1300 2179 1363 speram
2204 1281 2393 1343 finies
2414 1295 2531 1343 me..
2551 1286 2634 1343 Ec
2654 1284 2811 1360 quia
2834 1285 3058 1341 nullus
3079 1279 3415 1355 intelli-qu,
3448 1262 3512 1302 ¹³·

1928 1379 2142 1441 nullus
2188 1378 2484 1443 videlicet
2534 1378 2984 1460 comparative,
3028 1377 3091 1439 id
3133 1384 3231 1438 est
3277 1394 3417 1456 per-

91 1098 137 1142 Is.
149 1112 238 1147 mv,
251 1100 291 1140 8.

101 2280 126 2321 ll
143 2280 224 2323 Cor.
242 2296 252 2323 1

319 2071 490 2153 poris
521 2078 753 2146 motor,
778 2069 972 2133 habet
999 2088 1068 2132 56
1094 2070 1174 2131 ad
1205 2069 1388 2147 illud,
1410 2077 1480 2131 ut
1502 2069 1820 2132 habitator

316 2170 393 2231 ad
425 2170 711 2244 domum,
737 2177 802 2231 et
833 2177 1025 2231 nauta
1043 2168 1122 2231 ad
1155 2187 1404 2244 navem,
1428 2169 1610 2249 juxta
1628 2187 1821 2249 quem

254 2296 290 2331 v.
318 2269 578 2331 modum
626 2268 720 2329 ait
767 2266 1106 2350 Apostolus
1148 2284 1161 2328 :
1209 2267 1521 2330 Habemus
1572 2266 1821 2329 thesau-

320 2386 458 2429 rum
494 2366 692 2428 istum
723 2366 788 2428 in
812 2365 985 2427 vasis
1017 2364 1356 2428 fictilibus.
1382 2365 1458 2426 Et
1481 2365 1633 2427 item
1659 2382 1672 2426 :
1699 2364 1820 2427 Sci-

319 2485 460 2527 mus
495 2465 653 2546 quia
680 2464 736 2526 si
767 2464 1086 2527 terrestris
1118 2464 1342 2525 domus
1379 2472 1593 2525 nostra
1627 2462 1819 2543 hujus

319 2562 737 2626 habitationis
780 2562 1192 2637 dissolvatur,
1236 2562 1408 2643 quod
1451 2560 1820 2624 aedificatio-

321 2682 462 2724 nem
496 2681 574 2724 ex
603 2662 730 2724 Deo
772 2660 1102 2737 habemuS,
1138 2661 1398 2723 domum
1430 2679 1557 2722 non
1598 2678 1822 2721 manu-

325 2759 582 2835 factam,
604 2760 672 2821 in
703 2759 907 2823 coelis.
933 2758 1175 2821 Dicitur
1203 2777 1459 2840 quoque
1488 2758 1680 2821 homo
1712 2758 1823 2820 ha-

321 2860 528 2921 bitare
570 2858 638 2919 in
679 2857 1049 2939 hujusmodi
1091 2858 1264 2919 lutea
1312 2858 1522 2933 domo,
1578 2856 1821 2919 ratione

321 2957 522 3039 partis
553 2976 684 3019 suae
723 2954 1225 3037 principalioris,
1260 2954 1560 3017 videlicet
1592 2954 1822 3017 animae

1928 2086 2127 2148 quum
2162 2067 2290 2130 sint
2320 2067 2673 2130 mortaliter
2701 2066 2938 2143 vitiosi,
2964 2065 3199 2148 quibus
3231 2082 3417 2146 poena

1927 2166 2194 2229 debetur
2224 2174 2479 2229 aeterna.
2514 2166 2603 2227 Ex
2642 2185 2772 2247 quo
2810 2173 3052 2228 certum
3096 2172 3212 2240 est,
3246 2162 3417 2245 quod

1927 2264 2189 2347 Eliphaz
2239 2284 2313 2327 ex
2361 2264 2748 2327 revelatione
2794 2264 2933 2341 hac,
2969 2262 3147 2325 novit
3191 2262 3419 2324 animae

1930 2362 2473 2424 immortalitatem
2515 2361 3055 2442 infernaliumque
3084 2378 3419 2443 poenarum

1929 2460 2446 2541 perpetuitatem.

2013 2548 2154 2627 Qui
2186 2568 2401 2619 autem
2448 2559 2691 2637 reliqui
2736 2558 3015 2634 fuerint,
3047 2556 3111 2617 id
3158 2564 3275 2631 est,
3306 2554 3419 2637 qui

1931 2664 2159 2739 praeter
2207 2655 2353 2718 illos
2400 2675 2526 2718 non
2569 2654 2997 2734 intelligentes
3039 2654 3169 2735 jam
3218 2653 3419 2716 dictos

1931 2754 2311 2831 exstiterint,
2347 2753 2593 2817 scilicet
2625 2752 2779 2815 boni
2822 2761 3015 2833 atque
3046 2751 3253 2827 electi,
3279 2770 3421 2832 quae

1930 2854 2041 2916 Dei
2085 2862 2235 2915 sunt
2280 2852 2731 2932 intelligenteS,
2764 2852 3150 2927 auferentur
3186 2871 3267 2909 eoe
3304 2852 3418 2920 eis,

1933 2952 1996 3013 id
2046 2960 2165 3027 est,
2204 2952 2282 3013 de
2331 2950 2589 3012 illorum
2641 2948 3054 3032 reproborum
3104 2946 3422 3011 consortio

321 3075 552 3137 eorpus
587 3052 1030 3116 inhabitantis.
1070 3055 1540 3114 Consu-mentm
1581 3057 1752 3113 velut
1782 3076 1821 3114 α
1858 3053 1901 3115 C
1933 3057 2360 3126 secernentur,
2390 3040 2507 3111 nec
2530 3048 2829 3129 peribunt
2850 3066 2993 3109 cum
3018 3045 3426 3109 eiS.Morien-

325 3156 520 3215 tinea.
546 3152 725 3227 Quod
758 3152 907 3214 licet
935 3151 1013 3213 de
1041 3151 1357 3232 corporali
1387 3159 1590 3213 morte
1617 3151 1824 3233 accipi

323 3252 546 3333 possit,
582 3270 709 3332 qua
755 3250 948 3313 homo
989 3249 1388 3312 consumitur
1425 3249 1592 3313 sicut
1628 3250 1825 3312 vestis

325 3371 362 3412 a
391 3352 590 3427 tinea,
619 3358 830 3412 tamen
865 3347 1138 3411 intentio
1159 3348 1419 3429 Eliphaz
1447 3356 1546 3410 est
1573 3348 1652 3410 de
1679 3367 1828 3410 con-

325 3448 694 3530 sumptione
715 3446 1036 3529 spirituali
1059 3465 1172 3528 per
1192 3446 1294 3507 cul
1303 3465 1470 3526 pam,
1492 3454 1561 3507 ut
1581 3454 1828 3512 constat

325 3567 398 3610 ex
435 3546 655 3609 dictis.
693 3546 839 3608 Ideo
882 3564 1108 3607 sensus
1155 3554 1252 3607 est
1286 3562 1300 3605 :
1334 3546 1822 3619 consumentur,

327 3647 388 3708 id
419 3654 540 3722 est,
567 3644 970 3726 spiritualem
994 3643 1192 3705 vitam
1213 3643 1496 3706 caritatis
1528 3651 1591 3705 et
1610 3642 1829 3723 gratiae

327 3744 653 3825 peccando
686 3742 1004 3819 amittent,
1041 3742 1216 3804 velut
1247 3761 1284 3804 a
1315 3742 1486 3803 tinea
1514 3740 1830 3803 consumi-

328 3851 426 3903 tur
485 3840 732 3903 tunica.
783 3840 940 3901 Nam
999 3840 1164 3902 sicut
1211 3858 1287 3901 ex
1338 3839 1554 3901 tunica
1601 3838 1823 3913 oritur,

325 3958 602 4021 eamque
643 3938 946 4013 corrodit,
993 3937 1082 4000 ita
1130 3956 1206 4000 ex
1249 3956 1440 4001 carne
1484 3945 1579 4001 est
1627 3936 1828 3999 fomes

327 4037 600 4119 peccati,
645 4045 708 4100 et
755 4036 1136 4099 sensualitas
1178 4036 1316 4118 ipsa
1364 4035 1623 4112 infecta,
1669 4035 1828 4097 ratio

329 4154 514 4212 caeca,
551 4135 855 4201 voluntas
886 4135 964 4197 ad
998 4134 1155 4196 vitia
1188 4153 1387 4216 prona
1422 4152 1436 4197 ε
1471 4134 1692 4215 sicque
1719 4134 1831 4196 ho-

1937 3156 2289 3219 cca-,morte
2311 3147 2585 3210 naturali
2616 3154 2681 3211 et
2710 3146 3046 3229 corporali,
3066 3164 3208 3227 quae
3236 3145 3424 3207 bonis

1935 3256 1999 3311 et
2029 3246 2213 3309 malis
2253 3245 2609 3309 communis
2641 3252 2759 3321 est,
2792 3254 2851 3305 et
2892 3264 3023 3305 non
3063 3246 3137 3305 in
3178 3245 3427 3321 sapien-

1937 3348 2058 3415 cia,
2090 3345 2154 3406 id
2190 3354 2306 3419 est,
2342 3352 2651 3426 quantum
2691 3343 2770 3404 ad
2816 3342 3193 3423 sapientiam
3233 3360 3425 3422 quam

1936 3443 2174 3505 habent
2204 3462 2241 3504 a
2272 3443 2414 3517 Deo,
2450 3440 2982 3516 non-morientur,
3018 3439 3105 3501 ita
3134 3440 3305 3520 quod
3336 3458 3430 3499 sa-

1937 3542 2182 3623 pientia
2214 3559 2327 3622 per
2346 3547 2617 3601 mortem
2649 3557 2777 3600 non
2796 3537 3055 3599 tolletur
3076 3537 3157 3599 ab
3177 3537 3291 3599 eis.
3312 3535 3427 3599 Vel

1937 3640 2029 3701 sic
2065 3656 2078 3700 ε
2115 3638 2232 3712 Qui
2263 3645 2473 3699 autem
2519 3636 2748 3717 reliqui
2789 3635 3050 3711 fuerint,
3087 3636 3150 3697 id
3196 3643 3291 3698 est
3319 3653 3431 3717 po-

1938 3737 2089 3800 steri
2112 3735 2514 3818 pereuntium
2539 3734 2691 3798 vitia
2713 3742 3049 3815 parentum
3071 3741 3425 3814 sequentes

1939 3855 2050 3897 seu
2081 3835 2193 3898 alii
2224 3855 2261 3897 a
2289 3836 2415 3897 Deo
2446 3852 2572 3896 non
2596 3832 2812 3894 statim
2834 3831 3137 3907 damnati,
3160 3831 3269 3893 sed
3290 3849 3431 3912 pro-

1938 3943 2078 4016 pter
2112 3933 2555 4016 poenitentiam
2606 3931 2916 4012 agendam
2948 3929 3151 4005 dilati,
3187 3948 3303 3991 nec
3344 3937 3430 3991 ta-

1938 4052 2084 4095 men
2134 4032 2578 4114 poenitentiam
2618 4027 2881 4111 operati,
2932 4025 3305 4090 auferentur
3353 4027 3430 4089 de

1939 4131 2070 4195 vita
2119 4131 2236 4193 hac
2286 4138 2430 4212 post
2478 4137 2731 4210 patrum
2788 4126 3161 4189 discessum.
3215 4125 3427 4200 Perre,

329 4252 432 4297 mo
463 4253 542 4297 ex
576 4233 679 4295 1115
709 4251 852 4314 quae
885 4232 950 4294 in
981 4232 1123 4314 ipso
1154 4239 1323 4308 sunt,
1350 4240 1411 4294 et
1441 4231 1734 4293 oriuntur
1753 4251 1826 4294 ex
1857 4229 1909 4292 D
1941 4231 2112 4311 quod
2169 4229 2443 4304 additur,
2500 4228 2590 4289 Ex
2637 4227 2751 4303 615,
2808 4225 3158 4289 secundum
3206 4224 3431 4306 Lyram

331 4331 492 4413 ipso,
527 4349 650 4413 per
677 4330 930 4412 culpam
973 4329 1392 4392 consumitur.
1429 4330 1630 4392 Habet
1658 4330 1829 4391 enim

333 4448 405 4492 ex
435 4450 506 4493 se
539 4428 1032 4491 inclinationem
1062 4436 1126 4492 et
1168 4427 1549 4510 pronitatem
1589 4429 1670 4490 ad
1702 4448 1831 4490 ma-

334 4528 392 4590 la
424 4546 438 4589 :
475 4528 654 4610 quod
687 4526 896 4606 angeli
944 4545 1072 4590 non
1117 4526 1458 4589 habebant.
1496 4526 1637 4590 Ideo
1679 4526 1832 4589 scri-

101 4642 306 4696 sap.11.1s.
334 4635 511 4708 ptum
542 4633 644 4689 est
675 4625 742 4687 in
773 4625 937 4688 libro
968 4625 1308 4707 Sapientiae
1341 4643 1354 4686 :
1389 4626 1630 4707 Corpus
1661 4626 1830 4705 quod

335 4724 794 4805 corrumpitur,
812 4732 1111 4804 aggravat
1130 4724 1432 4799 animam,
1451 4732 1512 4785 et
1533 4722 1834 4805 deprimit

339 4830 586 4884 terrena
617 4820 1000 4883 inhabitatio
1031 4840 1290 4884 sensum
1328 4821 1529 4883 multa
1555 4821 1834 4901 cogitan-

139 4932 312 4986 Gewn.
339 4928 484 4983 tem.
517 4920 588 4982 111
619 4919 852 4983 Genesi
898 4938 1150 5000 quoque
1177 4936 1190 4980 ε
1217 4918 1451 4981 Sensus
1494 4928 1556 4981 et
1599 4920 1833 4999 cogita-

105 4997 154 5038 ss.

342 5019 426 5080 tio
453 5018 674 5081 cordis
703 5017 970 5079 humani
999 5034 1202 5098 prona
1226 5016 1467 5078 suntin
1496 5017 1732 5078 malum
1755 5017 1834 5079 ab

344 5115 774 5179 adolescentia
804 5134 940 5178 sua.

419 5218 514 5275 De
553 5234 748 5275 manc
783 5234 982 5293 usque
1021 5216 1108 5273 ad
1151 5232 1475 5290 vesperam
1516 5215 1841 5273 succiden-

351 5321 474 5383 tur,
506 5311 574 5374 id
605 5320 726 5389 est,
758 5329 871 5392 per
915 5318 1116 5373 totum
1159 5309 1285 5373 diei
1326 5328 1689 5392 processum
1724 5310 1844 5373 fre-

1941 4345 2064 4388 non
2098 4334 2194 4388 est
2224 4326 2289 4386 in
2310 4324 2570 4387 Hebraeo
2602 4342 2809 4404 neque
2838 4323 2916 4385 de
2948 4330 3143 4384 textu.
3170 4320 3434 4384 Morien-

1940 4432 2063 4500 tur,
2099 4432 2162 4487 et
2194 4442 2321 4486 non
2353 4423 2420 4484 in
2452 4422 2765 4503 sapientia
2796 4440 2941 4484 vera
2981 4439 3053 4483 ac
3085 4420 3427 4502 spirituali,

1941 4523 2004 4584 id
2034 4530 2150 4597 est,
2176 4523 2315 4584 sine
2344 4540 2419 4584 ea
2446 4522 2776 4597 decedent,
2809 4519 2962 4602 quia
3007 4539 3123 4583 nec
3154 4539 3293 4583 eam
3324 4519 3432 4581 ha-

1940 4622 2256 4697 buerunt3
2290 4621 2399 4682 sed
2434 4620 2498 4681 in
2532 4620 2801 4681 stultitia
2834 4619 3109 4700 propria,
3146 4638 3259 4681 seu
3300 4637 3430 4681 car-

1942 4720 2072 4783 nali
2102 4728 2165 4782 et
2194 4718 2479 4782 saeculari
2501 4718 2840 4800 prudentia
2868 4717 3217 4799 perierunt,
3248 4716 3427 4797 juxta

1945 4819 2099 4882 illud
2131 4818 2371 4880 Barueh
2408 4835 2422 4879 :
2457 4817 2611 4891 Quia
2641 4836 2768 4879 non
2791 4816 3153 4879 habuerunt
3183 4816 3426 4896 sapien-

1945 4918 2117 4993 tiam,
2168 4916 2548 4979 interierunt
2595 4924 2853 4998 propter
2894 4934 3068 4977 suam
3122 4912 3429 4995 insipien-

1948 5016 2120 5078 tiam.
2158 5016 2374 5096 ltaque
2404 5013 2665 5095 Eliphaz
2697 5032 2809 5094 per
2840 5013 3055 5076 omnia
3086 5013 3206 5075 ista
3235 5012 3435 5076 inten-

1946 5114 2040 5176 dit
2090 5122 2217 5174 tam
2268 5111 2555 5190 fragilem
2609 5118 2800 5192 atque
2862 5109 3251 5172 immundam
3299 5129 3437 5173 esse

1951 5220 2239 5274 naturam
2271 5209 2637 5283 humanam,
2665 5209 2833 5289 quod
2857 5208 2995 5271 sine
3024 5217 3281 5289 peccato
3303 5228 3441 5271 esse

1955 5329 2080 5372 non
2105 5308 2340 5390 possit3
2365 5315 2429 5369 et
2449 5308 2617 5388 quod
2640 5307 2856 5370 dicens
2879 5326 2946 5369 se
2969 5326 3219 5388 purum,
3244 5327 3442 5389 quum

3466 4830 3652 4877 Baruch
3670 4844 3724 4881 ιιι,
