4309 6259
86 791 160 833 Job
175 804 243 839 vu,
257 794 272 831 i
286 792 324 831 t.

77 1286 88 1327 l
105 1287 210 1328 Petr.
227 1300 270 1337 v,
282 1289 318 1328 8.

1039 550 1044 553 .
1149 504 1496 551 mammo
1544 505 1605 550 ιΝ
1647 504 1786 551 ω.
1831 502 1938 548 xv1
1976 502 2105 549 soa.
2147 522 2229 534 —-
2269 505 2413 551 aar.
2460 504 2673 551 xxxvu
3332 483 3451 546 527

355 675 752 756 apparendo,
787 694 898 737 seu
932 674 1082 737 inde
1112 675 1436 738 tentand0.·
1470 674 1647 737 Unde
1675 674 1860 755 supe-
1889 672 1941 735 A
1971 679 2106 734 tum
2135 675 2573 756 torquebatur.
2613 674 2791 738 Unde
2832 683 2893 738 et
2922 674 3063 737 Eliu
3106 672 3272 735 infra
3310 671 3399 733 ait
3432 688 3447 733 ε

359 772 494 834 rius
519 773 640 835 Job
669 773 831 836 dixit
872 773 950 835 ad
989 773 1185 836 Deum
1221 791 1235 835 ε
1273 772 1564 836 Terrebis
1603 791 1704 835 me
1744 792 1858 854 per
1967 770 2145 834 Pater
2166 772 2276 848 mi,
2297 773 2601 854 probetur
2625 773 2741 837 Job
2764 792 2964 855 usque
2996 773 3061 833 in
3094 771 3293 835 finem
3321 794 3336 841 ς
3371 787 3451 831 ne
3507 785 3590 829 Job
3605 800 3743 837 mm,

355 872 632 948 somnia,
667 879 731 934 et
762 891 877 954 per
906 871 1185 936 visiones
1217 872 1478 934 horrore
1509 870 1853 933 concuties·
1967 869 2219 932 desinas
2267 870 2348 933 ab
2396 872 2653 933 homine
2702 871 3080 954 iniquitatiS,
3124 870 3235 952 qui
3276 868 3454 931 addit
3484 852 3549 899 ³⁰·
3572 852 3639 891 ³⁷·

357 968 673 1051 Loquitur
702 979 916 1033 autem
945 971 1024 1033 de
1051 970 1416 1033 adversario
1445 988 1562 1033 suo
1593 988 1706 1051 per
1733 987 1860 1031 mo-
1967 987 2159 1049 super
2194 978 2449 1051 peccata
2480 989 2591 1031 sua
2620 969 3107 1051 blasphemiam.
3142 969 3306 1031 lnter
3338 986 3452 1030 nos

355 1069 512 1130 dum
549 1067 884 1150 ferae,quae
912 1068 1213 1132 dentibus
1242 1067 1687 1143 comminatur,
1709 1068 1856 1129 illos
1968 1066 2225 1129 interim
2246 1068 2737 1148 constringatur,
2756 1076 2820 1131 et
2853 1077 3001 1131 tunc
3030 1068 3111 1129 ad
3140 1066 3454 1148 Judicium

355 1184 597 1247 parans
645 1167 725 1228 ad
774 1167 1208 1229 lacerandum.
1268 1165 1370 1229 Sic
1417 1174 1479 1229 et
1524 1166 1740 1229 Petrus
1790 1166 1854 1227 in
1966 1175 2269 1246 provocet
2297 1166 2700 1230 sermonibus
2734 1168 2865 1229 suis
2895 1169 3115 1231 Deum.

355 1264 570 1345 prima
600 1284 713 1326 sua
745 1265 836 1326 ait
863 1265 1138 1347 epistola
1174 1284 1189 1329 ε
1224 1264 1522 1327 Diabolus
1553 1272 1854 1345 tanquam
2049 1267 2370 1326 Cone-lusit
2421 1286 2521 1326 me
2566 1268 2738 1326 Deus
2785 1270 2965 1343 apud
3010 1268 3341 1344 iniquum,
3390 1262 3454 1325 id

350 1362 456 1425 leo
505 1363 768 1443 rugiens
808 1363 1060 1440 circuit,
1096 1382 1388 1443 quaerens
1435 1381 1624 1443 quem
1667 1362 1856 1426 devo·
1965 1371 2080 1438 est,
2115 1364 2413 1444 potestati
2446 1371 2511 1426 et
2540 1364 2853 1426 voluntati
2892 1363 3135 1425 Satanae
3174 1382 3275 1427 me
3306 1362 3457 1425 sub-

353 1472 474 1525 ret.
497 1464 761 1527 Constat
793 1464 1306 1546 praeterea,quod
1327 1462 1653 1525 amiciJob
1675 1472 1857 1526 erant
1962 1460 2136 1541 jecit,
2172 1470 2483 1541 quantum
2530 1463 2606 1524 ad
2646 1462 2787 1538 hoc,
2822 1462 2992 1543 quod
3027 1463 3151 1525 Deo
3194 1462 3455 1543 permit-

350 1570 576 1623 contra
621 1580 768 1624 eum
813 1562 1088 1625 maxime
1127 1559 1535 1637 inflammati,
1573 1562 1724 1642 quia
1763 1562 1856 1623 vi-
1965 1567 2136 1623 tente
2167 1560 2275 1623 ille
2306 1580 2407 1624 me
2438 1561 2852 1643 corporaliter
2882 1560 2973 1623 sic
3009 1560 3273 1623 afflixit.
3298 1560 3451 1623 Nam

347 1660 626 1723 debatur
666 1660 759 1723 eis
806 1660 984 1740 loqui
1027 1660 1194 1722 sicut
1235 1659 1582 1739 sacrilegus
1622 1666 1685 1721 et
1721 1659 1854 1721 bla-
1963 1667 2027 1721 et
2066 1658 2360 1740 superius
2397 1660 2513 1722 Job
2559 1659 2843 1739 loquitur
2885 1660 3009 1723 Deo
3044 1677 3058 1721 ε
3091 1658 3452 1722 Circumde—
3482 1674 3745 1733 ιὸεαηιιμ.

347 1759 681 1841 sphemus.
725 1759 902 1821 Unde
931 1766 994 1821 et
1022 1766 1245 1821 contra
1287 1777 1432 1821 eum
1462 1757 1646 1838 quasi
1685 1757 1854 1819 fure-
1963 1757 2113 1819 disti
2162 1777 2263 1820 me
2312 1777 2584 1821 carcere.
2621 1759 2696 1820 Et
2744 1777 2963 1821 rursus
3012 1776 3025 1820 :
3071 1758 3341 1821 Posuisti
3383 1758 3450 1820 in
3521 1766 3639 1829 1⁶12.
3662 1802 3739 1842 mn.

345 1857 522 1933 bant,
538 1866 602 1920 et
623 1856 996 1920 terribiliter
1013 1858 1458 1939 adspexerunt,
1479 1856 1850 1919 ardentibus
1888 1861 1935 1923 B
1966 1874 2162 1919 nervo
2209 1858 2435 1939 pedem
2480 1876 2715 1919 meum.
2756 1860 2843 1918 Et
2880 1860 3182 1918 manibus
3226 1859 3451 1935 impio·
3482 1847 3548 1891 ²⁷·

346 1956 556 2019 oculis
586 1955 870 2019 furorem
900 1955 1175 2038 pectoris
1206 1955 1853 2019 demonstranteS.Sa-
1961 1976 2112 2017 rum
2160 1976 2258 2016 me
2304 1958 2601 2028 tradidit,
2648 1955 2711 2017 id
2760 1964 2856 2019 est
2903 1955 3341 2019 Chaldaeorum
3385 1964 3449 2019 et
3512 1981 3746 2039 nimi-1,

349 2064 462 2117 tan
485 2074 638 2118 vero
667 2054 892 2119 videns
927 2053 1302 2136 patientiam
1331 2062 1524 2134 atque
1555 2064 1852 2117 constan-
1961 2053 2463 2135 Sabaeorum,qui
2496 2073 2635 2116 mea
2657 2054 2814 2115 mihi
2840 2054 3259 2117 abstulerunt.
3279 2053 3454 2117 Item·
3487 2046 3551 2087 ¹⁵·

351 2154 509 2217 tiam
545 2153 914 2229 sanctiJob,
938 2151 1382 2214 furiosissimis
1414 2171 1489 2214 ac
1519 2152 1853 2215 terribilis·
1959 2172 2084 2233 que
2124 2153 2476 2216 amicorum
2522 2153 2955 2235 reprobationi
3002 2161 3064 2215 et
3112 2152 3455 2215 subsanna-

350 2252 538 2315 simis
568 2272 717 2315 eum
760 2250 1174 2314 interioribus
1209 2250 1410 2313 oculis
1451 2249 1847 2314 intuebatur.
1960 2252 2117 2315 'tioni
2164 2271 2267 2315 me
2306 2251 2592 2314 subdidit
2630 2252 3007 2334 permissive
3052 2270 3065 2313 :
3110 2252 3223 2334 qui
3271 2252 3455 2334 impii

351 2351 547 2414 Porro
571 2349 954 2431 (secundum
985 2349 1318 2428 Thomam)
1345 2347 1612 2430 placidis
1649 2348 1849 2411 oculis
1955 2349 2382 2432 appellantur,
2417 2350 2480 2412 in
2520 2359 2831 2431 quantum
2861 2350 3115 2415 veritati
3146 2360 3209 2412 et
3254 2350 3456 2431 aequi-

347 2448 683 2512 hominem
706 2448 1012 2523 intuetur,
1028 2446 1141 2528 qui
1171 2446 1338 2509 facta
1357 2446 1496 2527 ejus
1518 2447 1584 2509 in
1617 2447 1850 2510 melius
1959 2448 2071 2511 tati
2102 2449 2495 2511 restiterant.

350 2548 858 2630 interpretatum
911 2544 1328 2622 terribilibuS,
1372 2545 1483 2625 qui
1516 2545 1580 2607 in
1611 2547 1795 2627 pejus
1833 2564 1846 2608 ε
2037 2550 2177 2625 Ερο
2216 2550 2329 2607 ille
2364 2551 2691 2627 quondam
2719 2551 3060 2625 opulentus
3092 2569 3113 2608 .·
3144 2548 3443 2624 dicendo,

345 2656 412 2709 et
442 2646 540 2709 sie
579 2645 606 2707 f
613 2646 706 2708 uit
737 2646 818 2709 de
846 2644 1069 2707 amicis
1100 2642 1240 2707 Job.
1959 2646 2091 2723 llle,
2120 2655 2296 2709 notat
2326 2664 2456 2709 suae
2484 2644 2672 2709 famae
2702 2644 3073 2721 claritatem,
3100 2646 3251 2727 quia
3284 2646 3453 2710 fama

431 2750 859 2823 Aper-uerunt
906 2764 1099 2821 super
1149 2764 1247 2803 me
1294 2764 1412 2804 ora
1456 2765 1578 2804 sua
1625 2764 1851 2823 expro-
1960 2752 2023 2806 et
2058 2744 2289 2826 opibus
2328 2744 2601 2825 inclytus
2643 2742 2807 2823 fuit3
2849 2755 3101 2821 repente
3136 2746 3453 2805 contritus

347 2846 636 2912 brantes,
685 2842 750 2903 id
803 2849 898 2904 est
943 2840 1226 2904 convitia
1283 2840 1445 2902 mihi
1495 2841 1777 2905 dicentes
1831 2860 1844 2903 :
1956 2864 2118 2913 sum,
2153 2842 2221 2903 id
2248 2850 2367 2918 est,
2402 2841 2616 2905 subito
2644 2861 2679 2903 a
2718 2842 2991 2905 maxima
3033 2843 3453 2925 prospe-ritate

345 2941 528 3023 quod
566 2939 761 3003 amici
789 2939 906 3001 Job
933 2938 1385 3022 multipliciter
1415 2948 1794 3020 peregerunt
1830 2958 1846 3019 ;
1959 2942 2036 3003 ad
2057 2940 2499 3022 gravissimam
2521 2940 2946 3004 calamitatem
2966 2941 3251 3021 deJectus
3274 2958 3287 3002 :
3314 2961 3453 3024 pro-

339 3049 807 3119 perans-serunt
827 3040 1174 3099 mamillam
1193 3058 1418 3099 meam.
1433 3038 1560 3111 Hoc
1582 3039 1850 3101 Thomas
1887 3043 1930 3105 C
1965 3048 2032 3100 ut
2052 3038 2347 3120 superius
2381 3038 2785 3101 recitatur.ln
2808 3038 3043 3119 quibus
3072 3039 3284 3102 verbis
3314 3058 3453 3120 gra-
3507 3062 3618 3107 102·ae
3634 3069 3749 3117 ..i-4.

345 3138 618 3220 exponit
648 3138 742 3200 sic
769 3155 783 3199 ε
809 3137 918 3199 Ille
945 3136 1229 3217 aliquem
1264 3136 1330 3198 in
1360 3136 1680 3199 maxillam
1711 3156 1853 3219 per·
1962 3157 2189 3202 vamen
2246 3137 2518 3200 miseriae
2578 3137 2781 3200 sancti
2825 3138 2944 3200 Job
3003 3138 3451 3221 multipliciter
3482 3129 3747 3231 1¹³⁵'¹⁹³⁸''⁷’

348 3236 536 3313 cutit,
572 3237 687 3319 qui
714 3236 775 3299 ei
806 3234 1265 3318 improperium
1299 3234 1366 3295 in
1397 3235 1626 3298 faciem
1657 3236 1848 3309 dicit;
1960 3237 2318 3299 denotatur.
2350 3235 2579 3312 Primo,
2616 3235 2768 3317 quia
2810 3245 2941 3297 tam
2983 3236 3334 3318 improvise
3378 3258 3452 3301 ac
3510 3222 3522 3235 ’

345 3335 546 3399 amici
574 3345 789 3399 autem
817 3333 935 3397 Job
964 3333 1164 3395 multa
1193 3342 1412 3396 contra
1442 3352 1585 3396 eum
1619 3333 1854 3416 impro-
1961 3335 2172 3397 subito
2219 3342 2315 3398 est
2360 3335 2644 3415 dejectus
2697 3353 2711 3397 :
2766 3334 2937 3415 quod
2986 3336 3245 3415 gravius
3301 3336 3447 3413 fuit,

347 3435 536 3517 peria
597 3442 748 3496 sunt
807 3432 1027 3496 locuti.
1079 3430 1383 3505 Quocirca
1429 3432 1586 3495 dicit
1629 3432 1852 3495 Alber-
1961 3453 2153 3515 quam
2195 3434 2248 3495 si
2278 3433 2585 3516 paulatim
2619 3432 2847 3495 fuisset
2873 3433 3181 3514 dejectuS.
3217 3435 3455 3499 Secun-

347 3542 456 3595 tus
497 3552 514 3595 ε
547 3533 686 3596 Non
721 3532 974 3614 legitur,
1019 3531 1189 3611 quod
1221 3531 1300 3592 ad
1331 3530 1608 3592 litteram
1638 3531 1850 3614 alapas
1959 3534 2063 3610 do,
2098 3533 2251 3615 quia
2279 3541 2422 3617 post
2459 3532 2799 3595 maximam
2827 3532 3220 3614 opulentiam
3261 3535 3449 3598 deve·
3539 3576 3543 3581 ι

345 3631 649 3695 dederint
677 3639 898 3693 sancto
924 3628 1042 3692 Job
1089 3646 1103 3690 ε
1148 3628 1257 3691 sed
1291 3629 1440 3709 quia
1469 3628 1726 3691 maxilla
1756 3638 1852 3692 est
1961 3632 2057 3694 nit
2101 3632 2180 3694 ad
2233 3650 2544 3694 summam
2600 3630 2956 3712 penuriam.
3010 3632 3244 3710 Tertio,
3298 3634 3452 3715 quia

346 3732 430 3793 ad
461 3729 926 3794 continendum
959 3747 1035 3791 ea
1073 3746 1216 3809 quae
1244 3728 1364 3789 sub
1391 3728 1692 3791 dentibus
1723 3749 1852 3792 ma·
1961 3731 2177 3813 inopia
2212 3739 2403 3811 atque
2446 3729 2771 3793 calamitas
2811 3729 2995 3792 illum
3036 3730 3238 3811 magis
3281 3730 3455 3793 affli-

349 3830 692 3905 sticantur,
725 3836 790 3891 et
818 3827 1094 3909 quodam
1139 3825 1457 3907 spirituali
1498 3826 1686 3889 modo
1724 3847 1855 3889 ma·
1959 3838 2138 3909 gunt,
2174 3830 2286 3911 qui
2329 3828 2393 3890 in
2431 3827 2679 3891 deliciis
2710 3836 2773 3891 et
2811 3827 3203 3890 abundantia
3235 3828 3451 3893 vivere

349 3928 672 3991 sticantur
701 3946 846 4008 quae
885 3924 1207 4008 frequenti
1244 3925 1477 3987 mentis
1521 3925 1852 3991 iteratione
1959 3928 2315 3991 consuevit.
2350 3928 2501 3989 Nam
2538 3935 2601 3989 et
2634 3925 2924 4008 opposita
2965 3926 3144 4006 juxta
3184 3946 3251 3990 se
3282 3928 3450 4009 posi-

349 4028 816 4090 discernuntur
865 4032 1080 4085 utrum
1123 4043 1273 4087 vera
1319 4024 1420 4086 vel
1470 4022 1630 4087 falsa
1679 4025 1848 4105 sint;
1958 4035 2043 4103 ta,
2079 4025 2279 4106 magis
2308 4025 2769 4107 percipiuntur.
2800 4025 2981 4087 Teste
3014 4042 3269 4106 quoque
3300 4026 3449 4089 Boe-

349 4124 668 4189 memoria
696 4123 848 4185 talia
876 4122 1210 4185 continens
1253 4130 1322 4184 ut
1349 4122 1512 4185 bene
1543 4142 1656 4205 per
1683 4143 1854 4187 men·
1963 4125 2071 4201 tio,
2104 4132 2457 4186 extremum
2501 4121 2899 4186 infelicitatis
2936 4141 3139 4204 genus
3188 4132 3307 4200 est,
3328 4124 3447 4187 ali-

350 4234 485 4287 tem
531 4223 1003 4298 discernantur,
1054 4220 1316 4283 maxilla
1366 4228 1673 4283 vocatur:
1707 4242 1850 4304 quae
1880 4222 2215 4303 unando
2273 4221 2473 4284 fuisse
2528 4220 2779 4285 felicem
2833 4242 2847 4286 :
2901 4222 3066 4285 sicut
3118 4231 3182 4284 et
3238 4223 3446 4304 primo

347 4323 644 4399 caeditur,
677 4323 832 4384 dum
875 4320 1038 4383 bene
1075 4319 1396 4382 meditatis
1444 4338 1558 4401 per
1603 4329 1851 4383 contra-
1959 4321 2455 4385 Machabaeorum
2506 4320 2671 4384 libro
2717 4320 2979 4402 quidam
3036 4329 3325 4399 testatur,
3375 4323 3445 4385 In
3498 4348 3737 4407 ικαοιῃι,

345 4421 702 4485 dictionem
745 4418 1062 4482 obviatur.
1094 4419 1368 4487 Satiati,
1398 4416 1462 4479 id
1505 4426 1600 4480 est
1639 4428 1850 4483 mente
1959 4428 2262 4502 quantam
2294 4420 2771 4483 tribulationem
2802 4420 3055 4497 deveni,
3085 4429 3147 4483 et
3176 4421 3245 4483 in
3280 4441 3441 4504 quos
3479 4415 3546 4456 ¹¹·

347 4518 604 4595 refecti,
635 4526 834 4598 atque
865 4516 1078 4593 laetati,
1113 4526 1266 4577 sunt
1286 4518 1500 4594 poem's
1523 4519 1697 4578 meis,
1723 4517 1849 4581 Hoc
1961 4518 2198 4581 fluctus
2231 4517 2523 4594 tristitiae,
2559 4518 2669 4599 qui
2697 4518 3018 4598 jucundus
3049 4538 3221 4581 eram
3254 4529 3319 4582 et
3351 4521 3448 4582 di-

345 4620 432 4681 de
483 4616 713 4679 amicis
758 4614 875 4677 Job
925 4614 988 4676 in
1049 4622 1298 4676 tantum
1354 4612 1557 4694 accipi
1616 4623 1846 4696 potest.
1958 4617 2161 4679 lectus
2202 4616 2267 4677 in
2307 4623 2619 4697 potestate
2658 4619 2839 4677 mea!

347 4716 512 4777 Nam
557 4712 858 4796 quamvis
909 4712 967 4774 ei
1017 4713 1084 4773 in
1132 4710 1454 4794 principio
1512 4714 1852 4777 condolue-
2048 4718 2279 4778 Tenuit
2312 4716 2619 4776 cervicem
2658 4736 2886 4775 meam.
2924 4714 3093 4776 Istud
3132 4722 3320 4797 atque
3354 4735 3451 4779 se-

351 4822 530 4891 runt,
563 4812 887 4875 audiendo
917 4820 1129 4875 tamen
1170 4811 1363 4875 verba
1393 4810 1615 4892 ipsius,
1647 4830 1855 4895 coepe-
1961 4814 2226 4893 quentia
2254 4812 2703 4875 adscribuntur
2732 4812 2860 4874 Deo
2895 4812 3295 4893 permissive,
3321 4814 3454 4876 dia-

351 4920 508 4976 runt
557 4910 838 4994 pessime
883 4911 1120 4973 sentire
1159 4910 1238 4973 de
1286 4910 1448 4991 ipso,
1496 4918 1559 4971 et
1595 4910 1856 4975 arbitra·
1962 4912 2109 4975 bolo
2148 4911 2471 4988 effective,
2508 4910 2619 4992 qui
2660 4910 2886 4986 tenuit,
2932 4910 2996 4972 id
3030 4919 3125 4972 est
3166 4911 3449 4989 strinxit,

353 5012 413 5074 ri
465 5012 640 5093 quod
694 5009 1048 5090 justissime
1095 5029 1212 5092 pro
1265 5009 1398 5071 suis
1451 5008 1856 5088 affligeretur
1961 5010 2275 5071 cervicem
2292 5007 2645 5089 Jobzquod
2676 5015 2740 5069 et
2772 5007 3127 5070 litteraliter
3150 5016 3215 5069 et
3236 5008 3454 5072 invisi-

353 5108 754 5175 excessibus.
791 5108 1051 5184 Idcirco,
1086 5107 1321 5172 divinae
1368 5107 1632 5188 justitiae
1675 5106 1856 5187 quasi
1962 5108 2181 5170 biliter
2203 5106 2465 5169 forsitan
2489 5105 2642 5167 fecit
2661 5106 2810 5167 dum
2835 5124 2981 5167 eum
3002 5104 3451 5187 percussitVel

355 5206 888 5289 congratulando,
936 5207 1014 5269 de
1063 5207 1204 5287 ejus
1252 5206 1588 5288 punitione
1627 5205 1859 5285 gaude-
1964 5224 2189 5268 sensus
2220 5212 2336 5280 est,
2370 5204 2539 5285 quod
2582 5204 2744 5264 sicut
2773 5202 2917 5283 quis
2965 5202 3448 5267 robustissimus

356 5308 520 5374 bant
559 5324 636 5368 ac
682 5303 1118 5387 replebantur,
1144 5305 1297 5366 dum
1337 5304 1416 5367 ad
1456 5322 1672 5367 eorum
1716 5302 1860 5365 libi·
1963 5303 2236 5384 alicujus
2265 5301 2595 5365 debilioris
2637 5301 3061 5382 apprehendit
3098 5300 3449 5381 cervicem,
