4309 6259
582 1186 711 1229 Prov.
725 1191 847 1238 *¹³2⁸-

588 3745 639 3787 Ν
651 3748 847 3802 Βεςμωυ.

588 3813 633 3857 ³:

875 492 994 555 650

1694 516 2037 562 ENARRATIO
2081 517 2141 561 IN
2185 517 2320 563 CAP.
2367 516 2518 563 XXXI
2558 517 2683 562 1013.
2729 538 2810 548 —
2852 518 2994 565 ΛΒΤ.
3043 521 3140 566 mx

874 682 1020 744 liter
1056 683 1453 760 ordinentur,
1490 684 1553 745 in
1600 693 1843 747 tantum
1890 696 2158 767 possunt
2195 686 2363 748 ordi·
2392 685 2444 747 A
2471 692 2744 749 oderat:
2776 690 2839 752 id
2887 698 3004 766 cst,
3045 691 3126 751 de
3172 691 3548 753 adversitate
3593 710 3704 753 seu
3757 700 3945 753 morte

874 789 1019 841 nate
1068 780 1265 861 quaeri
1314 802 1387 844 ac
1437 782 1639 861 diligi,
1684 784 1749 844 in
1790 794 2101 865 qnantum
2150 804 2364 847 neces-

875 880 1038 941 saria
1089 880 1188 942 vel
1238 880 1422 943 utilia
1468 891 1616 943 sunt
1662 883 1739 944 ad
1790 883 2146 965 spiritualia
2197 884 2362 946 bona

874 979 1281 1058 acquirenda,
1336 988 1527 1060 atque
1587 981 1661 1042 ad
1724 982 2222 1045 sustentaculum
2272 982 2364 1045 vi-

879 1085 978 1148 taz,
1033 1085 1345 1157 quatenus
1394 1080 1555 1140 Deus
1606 1079 1893 1142 ultimate
1940 1081 2358 1161 possideatur.

878 1176 1034 1236 Hinc
1068 1174 1267 1238 fertur
1302 1194 1313 1235 :
1349 1175 1463 1249 Qui
1505 1177 1775 1239 confidit
1814 1179 1879 1239 in
1919 1179 2163 1241 divitiis
2202 1179 2356 1255 suiS‚

782 1300 787 1304 *
878 1283 1148 1336 corruet.

955 1376 1055 1450 Si,
1105 1391 1219 1453 pro
1260 1392 1409 1449 non,
1447 1378 1586 1434 ve'a'e'
1620 1380 1810 1435 solem
1848 1397 2050 1455 queem
2087 1380 2362 1455 ful-qerel

874 1471 1263 1545 hominibUS‚
1329 1491 1453 1534 non
1506 1472 1899 1554 interpositis
1951 1474 2253 1549 nubibuS‚
2303 1485 2363 1533 et

874 1575 1099 1629 lunam
1130 1573 1517 1630 incedentem
1550 1575 1741 1642 clare,
1764 1582 1824 1631 et
1853 1578 2139 1633 loetatum
2171 1583 2258 1631 est
2289 1575 2357 1632 in

872 1671 1238 1729 abscondito
1266 1690 1372 1727 cor
1398 1691 1635 1738 meum,
1666 1670 1727 1731 id
1760 1680 1876 1745 est,
1900 1670 2083 1731 intus
2115 1670 2361 1734 laetatus

874 1786 1013 1829 sum
1048 1766 1112 1827 in
1143 1766 1242 1828 his
1273 1768 1577 1830 creaturis
1608 1768 1825 1830 laetitia
1851 1768 2198 1846 fruitioniS‚
2218 1790 2362 1851 qua-

2475 786 2752 850 hostium
2794 807 3077 850 meorum
3126 808 3248 850 non
3295 789 3628 865 exsultavi,
3663 790 3812 871 quia
3849 809 3948 851 eos

2475 904 2602 948 non
2633 886 2760 948 odi.
2794 887 2924 949 Imo
2953 906 3256 968 personas
3296 888 3512 961 dilexi,
3548 898 3806 969 peccata
3834 890 3955 951 odi-

2476 985 2537 1049 vi
2582 1002 2596 1045 :
2634 984 2777 1048 ideo
2823 993 3064 1047 naturae
3110 986 3430 1048 condolui.
3477 990 3562 1048 Ει
3609 991 3952 1056 eaesultam',

2472 1088 2644 1162 quod
2674 1086 3016 1145 invenisset
3035 1105 3179 1144 eum
3201 1088 3443 1145 malum
3469 1086 3574 1147 :id
3597 1093 3714 1157 est,
3733 1086 3812 1146 de
3841 1086 3952 1148 hoc

2473 1180 2777 1261 gloriatus
2807 1200 2934 1243 non
2965 1202 3127 1259 sum,
3155 1183 3323 1263 quod
3355 1184 3590 1244 malum
3622 1184 3828 1265 culpae
3847 1204 3950 1245 seu

2473 1298 2677 1360 poenae
2698 1280 2986 1341 incurrit.
3006 1281 3135 1343 Imo
3155 1281 3360 1363 potius
3381 1282 3551 1344 dolui
3574 1281 3736 1358 inde,
3753 1301 3954 1363 quem-

2472 1378 2812 1441 admodum
2843 1378 3042 1440 David
3071 1378 3320 1441 Saulem
3356 1379 3704 1460 deplanxit.
3743 1381 3807 1441 ln
3841 1381 3951 1443 hoc
4011 1404 4038 1445 u
4065 1406 4136 1450 aa·
4165 1419 4192 1447 ι.

2471 1476 2828 1539 ostenditur
2844 1478 2958 1539 Job
2983 1477 3008 1537 s
3009 1478 3175 1539 uisse
3195 1478 3294 1540 vir
3313 1478 3686 1557 evangelicae
3708 1498 3954 1541 conver·
3983 1469 4102 1506 ¹⁷⁴³·

2472 1575 2758 1651 sationiS‚
2794 1576 3065 1657 implens
3101 1577 3270 1657 quod
3303 1576 3592 1658 praecipit
3619 1577 3902 1640 Christus
3935 1597 3947 1639 :

2473 1674 2725 1751 Diligite
2785 1674 3080 1737 inimicos
3136 1683 3400 1750 vestrm,
3456 1674 3810 1737 benefacite
3858 1676 3951 1737 his
4011 1697 4194 1737 uariis.

2470 1773 2580 1852 qui
2613 1772 2884 1834 oderunt
2925 1791 3058 1837 VOS.
3093 1772 3248 1835 Hinc
3280 1773 3760 1836 proverbiorum
3794 1775 3953 1837 libro
3979 1764 4038 1800 ⁴⁴·

874 1865 925 1927 si
971 1865 1037 1926 in
1082 1865 1204 1927 diis
1245 1873 1307 1925 et.
1346 1866 1521 1927 cultu
1561 1867 1758 1928 latriae
1798 1868 2047 1945 dignis3
2089 1879 2148 1927 ec
2187 1890 2362 1929 oscu-
2398 1866 2443 1926 B
2471 1869 2707 1931 dicitur
2741 1887 2754 1929 ε
2787 1869 2902 1943 Qui
2937 1869 3000 1930 in
3033 1870 3218 1931 ruina
3246 1870 3492 1932 laetatur
3519 1870 3806 1947 alterius,
3831 1891 3952 1933 non
4005 1893 4196 1933 emm-
4262 1872 4263 1891 l

874 1969 1045 2025 latus
1081 1986 1223 2023 sum
1261 1986 1525 2024 manum
1569 1986 1773 2025 meam
1813 1986 1919 2025 ore
1957 1988 2111 2037 meo,
2146 1967 2210 2027 in
2253 1968 2363 2029 ho-

874 2080 1089 2124 norem
1139 2062 1291 2124 solis
1336 2072 1397 2123 ct
1444 2062 1631 2138 tunae,
1668 2064 1849 2144 quasi
1895 2083 2113 2126 corum
2161 2066 2361 2127 cultui

871 2162 1098 2223 devote
1132 2160 1411 2221 intentus
1448 2178 1461 2222 :
1495 2182 1637 2239 (lace
1670 2180 1789 2237 τες,
1827 2161 2070 2223 scilicet
2099 2163 2364 2225 deoscu-

874 2259 1024 2320 latio
1056 2277 1279 2319 manus
1312 2258 1701 2339 hujusmodi,
1737 2268 1798 2321 et
1826 2261 2200 2323 abscondita
2231 2279 2365 2342 per—

874 2357 1198 2419 fruitionis
1228 2364 1531 2419 creaturae
1555 2358 1788 2433 laetitia,
1816 2379 1923 2421 seu
1950 2360 2360 2421 luminarium

872 2455 1015 2518 coeli
1048 2456 1317 2532 cultura,
1351 2465 1440 2515 est
1474 2459 1793 2536 imquitas
1825 2462 2139 2529 maoee'ma,
2164 2478 2359 2538 quum

873 2554 953 2615 sit,
1005 2553 1361 2616 idololatria
1412 2564 1474 2615 et
1522 2556 1892 2636 superstitio
1936 2555 2184 2631 vitiosa,
2237 2576 2364 2636 qua

872 2660 1175 2715 creaturae
1205 2653 1596 2733 impenditur
1618 2654 1788 2733 quod
1820 2653 1937 2715 soli
1958 2654 2236 2716 Creatori
2262 2656 2364 2717 de-

873 2750 1078 2825 betur,
1101 2762 1159 2809 e!
1193 2754 1444 2827 negsace'o
1475 2761 1697 2810 contra
1717 2754 1922 2811 Deum
1944 2755 2357 2814 altissimum.

870 2849 1168 2911 Adoratio
1201 2867 1475 2927 namque
1520 2854 1581 2909 et
1614 2846 1875 2911 fruitiva
1918 2850 2134 2911 laetitia
2177 2870 2250 2912 ac
2280 2852 2364 2913 la-

874 2949 1007 3010 triae
1049 2947 1281 3022 cultuS‚
1316 2946 1432 3007 soli
1474 2946 1786 3009 altissimo
1825 2948 1948 3010 Deo
1998 2950 2357 3013 debentur:

872 3066 1013 3127 quae
1041 3065 1241 3126 quum
1270 3045 1575 3106 creaturis
1596 3046 1997 3123 exhibentur,
2024 3048 2164 3129 ipso
2197 3049 2363 3111 sacto
2400 3044 2443 3107 C
2475 3050 2612 3110 sine
2671 3046 3028 3121 inimicari3
3081 3056 3146 3109 et
3191 3066 3272 3110 ne
3328 3048 3618 3110 irascaris
3675 3050 3958 3131 proximo

871 3146 1034 3206 Deus
1066 3143 1413 3204 altissimus
1444 3144 1809 3221 denegatur.
1835 3146 1941 3206 His
1972 3146 2186 3209 verbis
2217 3146 2364 3208 fate-

873 3252 976 3304 tur
1014 3261 1081 3303 se
1128 3241 1467 3304 luminaria
1508 3243 1654 3305 coeli
1699 3262 1825 3306 non
1877 3246 2194 3321 adorasse,
2245 3266 2362 3308 nec

875 3340 1270 3402 idololatram
1304 3341 1643 3403 exstitisse.
1678 3342 1820 3404 Suis
1860 3343 2029 3405 enim
2065 3345 2363 3425 tempori-

877 3439 996 3501 bus
1024 3438 1291 3518 gentiles
1315 3441 1736 3502 communiter
1767 3440 2107 3503 luminaria
2133 3443 2279 3504 coeli
2301 3452 2362 3504 et

880 3537 1094 3599 stellas
1144 3546 1442 3618 tanquam
1493 3540 1643 3600 deos
1692 3540 1986 3601 colebant
2032 3558 2045 3601 :
2089 3560 2362 3621 quorum

881 3635 1191 3697 insaniam
1224 3635 1594 3716 frequenter
1624 3637 2037 3699 imitabantur
2058 3638 2280 3713 Judaei,
2299 3648 2366 3701 ut

879 3742 1051 3815 patet
1090 3734 1154 3794 in
1198 3733 1377 3795 libris
1410 3735 1669 3813 Regum.
1704 3735 1893 3797 Porro
1931 3736 2190 3816 quidam
2233 3737 2366 3800 ido-

880 3832 1246 3894 lolatrarum
1292 3832 1487 3894 solem
1521 3832 1835 3909 colebant,
1871 3842 1940 3895 ut
1980 3834 2207 3897 ducem
2240 3835 2368 3898 for-

879 3940 1048 3993 tunae
1081 3931 1141 3992 in
1187 3939 1538 4011 potentatu,
1576 3930 1747 3992 fama
1772 3941 1835 3993 et
1862 3932 2103 4010 gloria3
2148 3934 2362 3996 lunam

880 4049 1050 4103 vero,
1088 4037 1156 4090 ut
1187 4029 1409 4091 ducem
1444 4028 1509 4089 in
1550 4029 1820 4090 sanitate
1858 4038 1916 4090 et
1950 4031 2368 4112 prosperitate

882 4135 1149 4204 terrena,
1206 4127 1367 4188 sicut
1420 4127 1482 4187 in
1534 4127 1803 4189 Ieremia
1856 4128 2145 4205 habetur,
2198 4131 2365 4209 quod

666 3822 778 3859 xxiii,
807 3814 846 3861 5,

587 4239 847 4292 Jer.vu‚18.
878 4225 1178 4287 mulieres
1207 4226 1561 4287 Judaeorum
1597 4226 1919 4307 placentas
1956 4226 2248 4288 fecerunt
2277 4247 2370 4289 re-

586 4502 650 4541 ¹9.

877 4323 1043 4402 ginae
1064 4322 1228 4398 coeli,
1251 4322 1548 4386 videlicet
1571 4324 1759 4385 lunae.
1784 4324 2013 4386 Contra
2032 4325 2202 4405 quod
2225 4327 2373 4387 scri-

640 4436 767 4478 oeut.
791 4450 847 4482 w.
880 4429 1059 4499 ptum
1092 4428 1187 4481 est.
1228 4420 1293 4481 in
1324 4420 1811 4483 Deuteronomio
1847 4438 1860 4481 :
1894 4420 1980 4483 Ne
2013 4422 2216 4483 oculis
2247 4422 2372 4484 ele-

881 4517 1043 4582 vatis
1072 4517 1151 4578 ad
1193 4517 1423 4581 coelum
1458 4518 1674 4581 videas
1716 4519 1912 4581 solem
1951 4527 2012 4582 et
2054 4520 2269 4581 lunam
2309 4528 2372 4582 et,

880 4616 1091 4677 omnia
1122 4623 1287 4677 astra
1329 4617 1497 4693 coeli,
1535 4625 1596 4677 et
1634 4636 1845 4679 errore
1884 4618 2186 4699 deceptus
2226 4620 2372 4681 ado-

880 4732 979 4775 res
1012 4733 1105 4789 ea,
1140 4723 1201 4775 et
1232 4715 1402 4777 colas
1434 4733 1573 4794 quae
1606 4715 1844 4778 creavit.
1874 4716 2177 4777 Dominus
2208 4718 2370 4779 Deus

882 4812 946 4873 in
978 4812 1405 4873 ministerium
1442 4812 1689 4875 cunctis
1722 4813 2019 4892 gentibus
2062 4833 2228 4894 quai,
2254 4815 2372 4876 sub

580 4928 846 4978 Jer.x,2‚a.
880 4911 1041 4973 coelo
1078 4919 1245 4972 sunt.
1282 4910 1456 4972 Unde
1500 4911 1801 4972 Ieremias
1850 4911 2174 4992 loquitur:
2201 4912 2250 4972 Α
2291 4911 2373 4972 si-

878 5008 1020 5087 gnis
1070 5008 1238 5084 coeli,
1272 5007 1593 5087 inquienS‚
1642 5008 1837 5070 nolite
1884 5018 2187 5086 metuere,
2231 5028 2374 5090 quae

884 5107 1110 5170 timent
1147 5116 1407 5187 gentes3
1441 5108 1595 5187 quia
1639 5108 1809 5187 leges
1861 5108 2240 5188 populorum
2275 5127 2376 5171 va-

885 5224 981 5268 nae
1021 5214 1191 5267 sunt.

966 5306 1045 5364 Si
1066 5306 1333 5379 ραυίεαε
1364 5324 1509 5365 sum
1540 5308 1628 5363 ad
1669 5306 1937 5363 ruinam
1970 5306 2109 5382 ejus
2138 5307 2257 5384 qui
2275 5324 2376 5363 me

2473 1968 2592 2029 erit
2639 1967 3018 2049 impunitus.
3063 1968 3430 2048 Rursusque
3475 1969 3950 2032 Proverbiorum
3981 1960 4016 1995 ⁵·

2474 2066 2777 2127 vicesimo
2808 2074 3033 2146 quarto
3055 2065 3350 2127 Salomon
3380 2067 3564 2129 docet
3597 2085 3610 2127 :
3643 2067 3731 2129 Ne
3760 2067 3951 2133 dicas.
3999 2088 4200 2129 mam.

2473 2164 2795 2237 Quomodo
2839 2162 2988 2225 fecit
3025 2163 3207 2239 mihi,
3242 2164 3333 2226 sic
3375 2164 3601 2225 faciam
3643 2166 3724 2226 ei.
3757 2164 3952 2237 Quum
3983 2155 4105 2253 ἐξω
4137 2214 4188 2250 Π,

2475 2262 2775 2323 ceciderit
2811 2248 3110 2322 inimicus
3153 2270 3318 2335 tuuS‚
3355 2280 3436 2322 ne
3473 2263 3768 2339 gaudeaS‚
3803 2263 3954 2323 etin
4262 2250 4263 2263 ¹

2475 2360 2659 2421 ruina
2690 2360 2866 2420 illius
2906 2379 2986 2421 ne
3017 2359 3287 2421 exsultet
3326 2378 3435 2422 cor
3475 2368 3676 2422 tuum.
3713 2360 3836 2423 Hoc
3867 2371 3952 2422 est

2476 2458 2644 2538 quod
2676 2458 2763 2518 ait
2785 2456 3124 2539 Apostolus
3161 2475 3174 2517 :
3210 2457 3347 2519 Noli
3372 2458 3540 2520 vinei
3571 2478 3607 2519 a
3637 2459 3826 2528 malo,
3853 2460 3956 2519 sed
4025 2482 4128 2521 nom.
4149 2492 4202 2515 ς...

2475 2557 2659 2619 vince
2706 2556 2770 2616 in
2813 2556 2980 2618 bono
3019 2557 3281 2617 malum.
3313 2555 3489 2618 Unde
3537 2555 3772 2619 fatetur
3800 2557 3960 2619 Psal-
3987 2547 4044 2583 ²¹·

2475 2655 2664 2715 mista
2698 2672 2712 2716 :
2749 2654 2812 2716 Si
2844 2653 3091 2715 reddidi
3122 2653 3620 2719 retribuentibus
3653 2655 3810 2717 mihi
3843 2675 3960 2716 ma·
4009 2675 4184 2715 Pas-..2
4261 2650 4263 2671 ²

2475 2754 2556 2827 la,
2593 2752 2879 2814 decidam
2923 2753 3150 2815 merito
3189 2752 3270 2813 ab
3313 2753 3591 2815 inimicis
3629 2755 3787 2815 meis
3833 2754 3958 2815 ina-

2477 2852 2597 2914 nis,
2651 2850 3128 2913 Ecclesiasticus
3168 2869 3425 2933 quoque
3473 2852 3712 2934 optime
3753 2852 3954 2914 dicit:

2475 2952 2782 3013 Memento
2851 2949 3342 3012 novissimorum
3413 2959 3688 3028 tuorum,
3739 2960 3804 3013 et
3859 2951 3960 3013 de-
4031 2970 4156 3011 Hecu.

3984 3048 4107 3073 xxviii.
4125 3036 4158 3071 6.
4175 3038 4208 3071 ““.

2479 3156 2606 3223 tuo,
2642 3154 2704 3207 ct
2733 3146 2985 3207 abstine
3019 3154 3077 3207 te
3108 3166 3143 3208 a
3181 3146 3314 3209 lite.
3349 3146 3468 3208 Sed
3496 3154 3560 3208 et
3589 3147 3652 3209 in
3683 3148 3958 3210 Levitico
3989 3100 4044 3138 m·

2475 3247 2710 3327 Moyses
2765 3245 2857 3306 ait
2909 3262 2922 3305 :
2976 3245 3108 3307 Non
3161 3264 3405 3325 quaeras
3466 3246 3795 3322 ultionem,
3849 3266 4192 3311 nectemus·-

2478 3362 2720 3405 memor
2755 3343 2878 3405 eris
2927 3342 3178 3423 injuriae
3221 3344 3460 3405 civium
3513 3352 3786 3406 tuorum.
3824 3346 3964 3407 Por-

2481 3461 2550 3503 ro
2601 3441 2772 3522 quod
2821 3440 2912 3502 ait.
2960 3441 3082 3517 lex,
3123 3440 3278 3504 odio
3321 3442 3584 3505 habebis
3633 3443 3960 3505 inimicum
4025 3462 4207 3505 ‚uarn1.x.

2481 3548 2680 3615 tuum,
2727 3538 3210 3618 intelligendum
3253 3549 3350 3603 est
3388 3550 3693 3621 quantum
3725 3543 3806 3603 ad
3844 3543 3964 3603 eul-
3989 3530 4046 3567 ⁴³·

2479 3658 2648 3721 pam,
2674 3658 2800 3701 non
2833 3639 3041 3718 quoad
3065 3647 3353 3699 naturam
3383 3638 3580 3700 illius.
3617 3642 3762 3701 Non
3793 3646 3959 3701 eni-m

2477 3740 2630 3797 dedi
2667 3741 2754 3797 ad
2778 3740 3174 3813 peccandum
3197 3748 3430 3813 quet-ur
3459 3758 3668 3798 meum
3703 3760 3726 3798 .·
3757 3739 3818 3800 id
3847 3748 3960 3813 est,

2481 3854 2593 3917 per
2639 3843 2856 3914 guttur
2901 3834 3094 3914 impia
3145 3833 3339 3896 verba
3385 3852 3512 3897 non
3562 3836 3824 3917 protuli,
3859 3856 3968 3917 op-

2481 3934 2670 3997 tando
2719 3931 3074 3995 infortunia
3122 3932 3390 3994 inimici.
3431 3933 3572 3995 ideo
3621 3934 3960 3996 subditur:

2479 4044 2552 4093 ut
2573 4042 2954 4108 etrpeterem,
2987 4031 3049 4092 id
3082 4039 3200 4105 est,
3239 4031 3476 4092 malum
3509 4031 3824 4111 exigerem
3857 4052 3965 4094 seu

2483 4146 2782 4208 rogarem,
2823 4131 3210 4188 maledicens
3249 4131 3542 4189 animam
3571 4132 3736 4207 ejus,
3772 4131 3834 4191 id
3875 4140 3966 4191 est

2400 4224 2450 4285 D
2482 4227 2648 4288 mala
2693 4226 3053 4306 imprecans
3109 4220 3339 4287 animae
3395 4226 3741 4289 adversarii
3801 4228 3962 4289 mei:

2482 4324 2610 4387 imo
2667 4323 3121 4386 correctionem
3174 4332 3236 4385 et
3285 4324 3552 4385 salutem
3611 4326 3752 4406 ejus
3796 4343 3968 4389 vera-

2482 4423 2641 4484 citer
2677 4420 3039 4502 concupivi.

2561 4523 2641 4581 Si
2669 4540 2797 4579 non
2819 4522 3158 4588 dioeerunt,
3180 4518 3243 4580 id
3273 4527 3392 4594 est,
3413 4518 3540 4581 imo
3572 4519 3766 4583 locuti
3795 4530 3961 4587 sunt.

2485 4620 2617 4677 viri
2640 4619 3038 4677 tabernaculi
3059 4619 3199 4685 mei.
3223 4616 3283 4677 id
3318 4626 3414 4678 est
3444 4618 3774 4680 domestici
3803 4620 3960 4681 mei:

2485 4718 2642 4783 Quis
2670 4718 2776 4773 det
2811 4716 2889 4773 de
2929 4716 3233 4773 carnibus
3267 4717 3406 4790 ejus
3444 4725 3516 4775 ut
3553 4720 3966 4777 saturemur?

2485 4813 2608 4874 Hoc
2639 4812 2978 4891 Gregorius
3007 4819 3069 4873 et
3099 4810 3395 4873 Albertus
3426 4822 3772 4894 exponunt,
3800 4814 3964 4894 quod

2484 4910 2604 4973 viri
2637 4910 2728 4971 illi
2763 4910 2826 4971 in
2860 4918 3102 4970 tantum
3145 4910 3407 4971 oderant
3446 4912 3652 4991 ipsum
3682 4912 3800 4975 Job
3829 4931 3968 4993 pro-

2485 5017 2624 5089 pter
2655 5028 2830 5069 suam
2861 5008 3196 5088 justitiam,
3221 5017 3284 5070 et
3313 5009 3463 5088 quia
3494 5010 3811 5089 redarguit
3841 5011 3968 5073 cul-

2489 5126 2597 5187 pas
2654 5126 2896 5182 eorum,
2949 5108 3117 5186 quod
3172 5107 3250 5168 de
3307 5106 3607 5169 carnibus
3662 5109 3802 5188 ejus
3860 5127 3965 5169 seu

2485 5205 2884 5267 mollioribus
2916 5224 3056 5287 quae
3089 5204 3326 5279 habuit,
3353 5205 3619 5266 saturari
3652 5206 3970 5287 optabant,

2489 5304 2552 5365 id
2584 5313 2678 5366 est
2707 5305 2786 5366 de
2816 5305 2954 5384 ejus
2985 5304 3474 5369 adversitatibus
3513 5303 3719 5381 refici,
3753 5305 3852 5367 vel
3895 5305 3969 5365 de
