4309 6259
533 1174 632 1217 Dan
637 1187 722 1224 ,,,,,
729 1174 792 1215 to.

533 2154 586 2258 11191
593 2154 792 2209 Βεμκιιι,

531 2743 792 2796 Ησὸναῆίὸ.

543 4719 790 4769 Damnat-

521 4784 588 4825 2³.

827 478 945 547 306

1731 496 2076 545 manuue
2119 496 2183 541 m
2224 495 2360 542 GAP.
2408 495 2428 539 1
2468 495 2595 541 1013.
2640 516 2721 526 —
2761 496 2904 541 ΛΒΤ.
2950 497 3006 541 lv

825 669 1322 751 propriationem
1353 677 1564 732 tamen
1594 668 1959 731 ministrare
1991 668 2313 743 dicuntur,
2347 664 2396 727 A
2425 667 2707 748 Itemque
2742 686 2755 731 :
2799 666 3002 740 Quum
3050 667 3419 729 ascenderet
3457 666 3719 729 flamma
3752 665 3923 727 alta-
3974 683 4153 727 ,tn-aee.
4166 697 4255 730 m.

822 764 933 846 qui
965 765 1042 826 ad
1074 765 1386 846 explenda
1421 764 1574 827 l'oris
1606 765 1964 827 ministeria
2003 763 2314 826 divinitus

823 864 1243 938 emittuntur;
1277 864 1584 926 adsistere
1615 882 1788 941 vero,
1821 863 1931 944 qui
1966 863 2056 925 sic
2089 863 2316 924 intima

824 962 933 1025 Dei
985 963 1233 1025 visione
1282 961 1604 1038 fruuntur,
1649 963 1822 1043 quod
1872 960 2029 1024 foris
2079 980 2317 1042 nequa-

826 1079 1016 1141 quam
1057 1061 1422 1122 mittuntur.
1470 1061 1700 1142 Sicque
1749 1061 1815 1121 in
1865 1060 2120 1123 Daniele
2165 1058 2317 1139 legi-

826 1168 927 1221 tur
981 1177 995 1221 :
1048 1160 1240 1222 Millia
1291 1160 1566 1222 millium
1619 1158 2068 1221 ministrabant
2117 1158 2199 1235 ei,
2254 1166 2317 1221 et

824 1258 1033 1320 decies
1055 1258 1289 1320 millies
1309 1266 1576 1321 centena
1597 1257 1803 1320 millia
1822 1257 2216 1319 adsistebant
2235 1255 2310 1318 ei.

827 1356 945 1419 Sed
985 1356 1105 1419 iste
1143 1357 1367 1419 modus
1405 1356 1756 1418 adsistendi
1786 1357 1913 1419 Deo
1954 1354 2317 1438 propriissi-

825 1474 967 1516 mus
997 1454 1376 1537 appellatur,
1413 1473 1540 1517 non
1583 1455 1705 1515 nisi
1747 1454 2183 1536 superioribus
2210 1473 2317 1515 an·

823 1553 1110 1631 gelorum
1147 1553 1482 1616 ordinibus
1521 1562 1912 1634 competens
1947 1552 2087 1615 Alio
2118 1552 2315 1634 igitur

827 1652 1015 1715 modo
1051 1652 1358 1714 adsistere
1391 1652 1516 1713 Deo
1554 1651 1876 1714 extensius
1918 1651 2213 1727 sumitur,
2246 1658 2317 1711 ut

827 1750 910 1811 sit
932 1750 1096 1813 idem
1120 1751 1289 1831 quod
1312 1750 1516 1813 vultui
1539 1750 1758 1830 gloriae
1787 1749 1924 1831 ejus
1957 1750 2309 1823 intendere,

2428 766 2513 826 ris
2556 766 2619 827 in
2660 765 2914 841 coelum‚
2960 765 3223 847 angelus
3266 765 3515 828 Domini
3559 765 3796 847 pariter
3847 764 3919 825 in
3960 749 4045 789 ²⁰·

2427 862 2689 926 flamma
2730 865 3035 927 ascendit.
3074 864 3359 945 Insuper,
3393 863 3603 927 Tobiae
3634 862 3917 945 Raphael

2426 962 2687 1041 angelus
2708 962 2797 1023 ait
2822 980 2837 1024 ε
2859 962 3132 1045 Tempus
3152 970 3247 1025 est
3269 970 3338 1023 ut
3368 970 3645 1025 revertar
3664 962 3741 1023 ad
3760 980 3917 1025 eum
3966 980 4091 1023 τοι».
4106 982 4257 1021 nte-s.

2426 1058 2535 1140 qui
2570 1077 2672 1121 me
2702 1058 2900 1120 misit.
2934 1060 3010 1119 Et
3040 1058 3369 1121 Zacharias
3409 1058 3716 1140 propheta
3752 1066 3923 1120 atte-

2428 1162 2626 1218 statur
2672 1174 2685 1218 :
2736 1157 2894 1220 Ecce
2942 1158 3206 1237 angelus
3256 1156 3368 1237 qui
3416 1156 3791 1238 loquebatur
3844 1156 3917 1217 in
3978 1177 4257 1221 zucam.

2428 1274 2550 1331 me,
2598 1255 3059 1336 egrediebatur,
3106 1263 3171 1318 et
3218 1255 3382 1317 alius
3429 1255 3690 1335 angelus
3738 1274 3923 1337 egre-
3958 1244 4012 1283 ⁴·

2428 1355 2720 1416 diebatur
2751 1354 2817 1415 in
2849 1374 3185 1418 occursum
3226 1356 3387 1435 ejuS‚
3423 1363 3485 1416 et
3518 1354 3677 1417 dixit
3710 1372 3724 1417 t
3756 1354 3923 1415 Cur-

2428 1460 2598 1527 re,et
2630 1452 2889 1534 loquere
2918 1453 2995 1515 ad
3030 1471 3297 1534 puerum
3330 1452 3546 1514 istum.
3566 1453 3653 1513 Ex
3672 1451 3921 1533 quibus

2427 1550 2724 1613 omnibus
2772 1552 3121 1633 multisque
3166 1551 3311 1618 aliis
3362 1551 3703 1633 Scripturae
3749 1550 3921 1613 locis

2426 1650 2716 1731 patescit,
2757 1651 2929 1732 quod
2967 1650 3177 1729 angeli
3220 1650 3419 1713 sancti
3461 1659 3793 1713 moventur
3834 1650 3923 1711 de

2428 1748 2565 1810 loco
2595 1749 2675 1810 ad
2708 1748 2941 1825 locum,
2975 1748 3369 1830 veniuntque
3398 1749 3477 1811 de
3506 1748 3668 1811 coelo
3696 1748 3773 1810 ad
3806 1747 3925 1811 ho-

826 1857 1084 1930 totaque
1116 1856 1328 1911 mente
1349 1850 1426 1910 ad
1449 1867 1640 1911 omne
1669 1848 2141 1929 beneplacitum
2174 1848 2313 1928 ejus
2351 1845 2398 1908 B
2428 1846 2655 1923 mineS,
2674 1855 2737 1909 et
2768 1855 3168 1910 revertuntur
3196 1848 3275 1909 ad
3305 1848 3501 1910 coelos
3528 1847 3699 1910 horis
3718 1855 3921 1927 atque

827 1954 1190 2028 promptum
1223 1947 1610 2009 consistere:
1647 1955 1711 2009 et
1741 1947 1832 2009 sic
1858 1946 2177 2009 universis
2209 1965 2317 2007 an-

825 2044 1110 2122 gelorum
1145 2046 1451 2127 competit
1485 2044 1719 2107 choris.
1757 2045 1934 2107 Unde
1977 2044 2163 2107 tertio
2202 2044 2315 2106 Re-

823 2157 974 2219 gum
1004 2142 1093 2203 ait
1121 2140 1408 2205 Michaeas
1438 2143 1748 2224 propheta
1773 2159 1786 2203 ε
1811 2141 1954 2205 Vidi
1975 2141 2313 2204 Dominum

827 2239 1151 2301 sedentem
1200 2259 1390 2321 super
1429 2240 1659 2302 solium
1703 2258 1912 2315 suum,
1957 2248 2020 2301 et
2057 2258 2312 2301 omnem

825 2337 1170 2400 exercitum
1222 2338 1372 2401 coeli
1419 2338 1836 2400 adsistentem
1887 2338 1945 2399 ei
1992 2358 2029 2399 a
2074 2337 2311 2400 dextris

823 2444 886 2497 et
923 2455 960 2496 a
997 2435 1294 2498 sinistris,
1334 2437 1544 2499 Tertio
1584 2445 1800 2498 autem
1839 2436 2147 2498 adsistere
2186 2436 2311 2498 Deo

822 2534 1343 2597 communissime
1382 2534 1782 2609 sumitur,.ut
1811 2534 1894 2595 sit
1931 2534 2098 2596 idem
2135 2535 2311 2615 quod

823 2631 1057 2695 divinae
1077 2632 1429 2714 praesentiae
1449 2632 1772 2712 cognitum
1795 2651 1950 2707 esse,
1971 2632 2136 2695 sicut
2155 2633 2314 2714 Apo-

823 2730 1024 2793 stolus
1043 2730 1154 2807 ait,
1178 2729 1406 2793 Omnia
1425 2731 1595 2792 nuda
1619 2739 1682 2793 et
1700 2739 1918 2811 aperta
1939 2740 2086 2793 sunt
2106 2731 2310 2794 oculis

820 2827 959 2909 ejus
996 2846 1010 2889 ε
1047 2828 1265 2911 sicque
1295 2829 1595 2891 omnibus
1635 2829 1940 2911 competit
1977 2830 2304 2892 creaturis,

898 2926 1204 2989 Praeterea
1231 2927 1712 3003 advertendum,
1735 2928 1908 3008 quod
1935 2929 2146 3007 angeli
2172 2948 2309 2991 san-

2428 1946 2819 2027 temporibus
2849 1965 2885 2007 a
2918 1947 3041 2009 Deo
3072 1945 3537 2027 praeordinatiS.

2516 2047 2594 2106 Ut
2624 2046 3001 2105 adsisterent
3030 2064 3247 2105 coram
3276 2048 3572 2106 Domino.
3600 2043 3662 2105 Si
3694 2042 3909 2124 angeli

2427 2142 2861 2205 indesinenter
2904 2142 3028 2205 Deo
3073 2142 3411 2217 adsistunt,
3463 2150 3677 2224 utpote
3718 2160 3913 2223 quem

2425 2238 2888 2303 incessabiliter
2918 2240 3451 2322 contemplantur,
3473 2250 3537 2302 et
3564 2260 3603 2303 a
3630 2258 3756 2321 quo
3780 2239 3915 2321 ipsi

2425 2338 2873 2403 indeficienter
2902 2340 3604 2420 cernuntur‚quomodo
3633 2339 3911 2422 quadam

2424 2437 2527 2499 die
2558 2446 2871 2501 venerunt
2901 2446 2972 2499 ut
3001 2456 3214 2500 coram
3244 2438 3372 2500 Deo
3401 2438 3810 2501 adsisterent?
3832 2436 3917 2498 Et

2426 2536 2963 2619 respondendum,
3028 2536 3202 2617 quod
3258 2555 3511 2618 semper
3566 2536 3909 2611 adsistunt,

2421 2636 2629 2715 quoad
2664 2635 2783 2697 hoc
2813 2635 2985 2717 quod
3013 2634 3249 2717 jugiter
3278 2644 3548 2697 cernunt
3569 2644 3755 2716 atque
3776 2654 3916 2697 cer-

2423 2741 2706 2808 nuntur;
2752 2753 2869 2796 nec
2918 2735 3037 2796 hoc
3071 2733 3275 2796 ‚modo
3322 2742 3635 2796 venerunt
3682 2742 3753 2795 ut
3796 2734 3917 2795 ad-

2422 2830 2739 2894 sisterent.
2790 2832 2909 2895 Sed
2958 2831 3169 2912 angeli
3218 2832 3330 2912 qui
3372 2832 3733 2909 mittuntur,
3774 2850 3909 2895 non

2421 2929 2627 2991 solum
2661 2930 2961 2993 dicuntur
3004 2930 3312 2993 adsistere
3350 2931 3537 2993 modo
3580 2930 3903 3011 prandiam,

816 3026 902 3088 cti
932 3023 1316 3106 deputantur
1346 3025 1648 3089 custodite
1677 3026 2030 3105 hominum,
2051 3027 2218 3089 sicut
2246 3036 2309 3091 et
2342 3026 2389 3090 C
2422 3046 2641 3091 verum
2682 3028 2875 3091 etiam
2916 3028 3219 3109 quoniam
3260 3028 3597 3111 specialem
3629 3027 3909 3110 aliquem

816 3125 1138 3187 daemones
1180 3124 1258 3186 ad
1301 3124 1674 3186 tentandum
1719 3133 1782 3187 et
1827 3126 2303 3187 exercitandum

816 3221 1185 3287 hominibus
1223 3223 1629 3304 deputantur.
1664 3222 1878 3304 ltaque
1915 3224 2125 3304 angeli
2169 3244 2309 3285 san-

815 3321 902 3384 cti
939 3340 1108 3404 saepe
1143 3321 1222 3384 dc
1257 3320 1436 3383 coelis
1475 3320 1876 3383 destinantur
1918 3323 1998 3383 ad
2029 3322 2303 3385 viatores

815 3421 894 3481 ad
935 3438 1305 3482 succursum
1349 3437 1591 3495 eorum,
1637 3438 1983 3501 rursusque
2039 3421 2308 3483 redeunt

815 3517 894 3580 ad
935 3536 1210 3599 superna
1243 3535 1257 3579 t
1291 3526 1354 3579 et
1393 3518 1513 3580 hoc
1546 3516 1625 3579 fit
1653 3518 1842 3580 certis
1886 3519 2302 3600 temporibuS,

814 3616 1108 3700 quamvis
1133 3624 1341 3679 motus
1365 3624 1429 3678 et
1457 3616 1743 3696 operatio
1771 3616 2143 3697 angelorum
2177 3637 2306 3681 non

814 3721 1264 3778 mensurentur
1305 3722 1608 3795 tempore,
1651 3716 1821 3795 quod
1863 3714 2123 3796 ponitur
2165 3735 2307 3797 spe-

813 3814 942 3877 cies
993 3812 1388 3895 quantitatis,
1445 3812 1546 3875 Sic
1595 3830 1745 3893 ergo
1794 3832 1963 3875 nunc
2007 3813 2243 3877 dicitur
2288 3832 2302 3876 :

816 3916 1112 3981 Quadam
1149 3913 1278 3983 die,
1310 3932 1513 3991 quum
1553 3914 1868 3972 venissent
1898 3914 2032 3990 filie·
2065 3916 2212 3983 Dei,
2242 3914 2305 3975 id

815 4019 910 4073 est
955 4010 1166 4089 angeli
1211 4010 1410 4072 sancti
1461 4010 1818 4072 animarum
1867 4012 2184 4089 custodeS,
2228 4014 2307 4076 de

816 4108 974 4191 ipsis
1027 4108 1400 4171 hominibus
1446 4108 1616 4170 circa
1663 4126 1824 4190 quos
1877 4110 2120 4191 operati
2174 4110 2307 4172 fue-

2418 3136 2629 3189 actum
2669 3128 2749 3190 de
2792 3146 2957 3191 novo
2996 3126 3299 3189 exhibent
3335 3146 3546 3190 coram
3584 3127 3729 3189 Deo.
3764 3127 3911 3190 Pro-

2418 3232 2558 3305 pter
2588 3225 2757 3305 quod
2789 3225 2951 3287 dicit
2975 3225 3306 3288 Albertus:
3332 3224 3682 3301 Adsistunt‚
3705 3244 3907 3307 quum

2419 3322 2646 3384 intima
2674 3322 3211 3404 contemplatione
3250 3322 3454 3385 vultui
3494 3323 3604 3385 Dei
3638 3341 3911 3405 praesen·

2419 3428 2511 3482 tes
2562 3428 2731 3497 sunt,
2776 3428 2839 3483 et
2878 3420 3237 3502 profectum
3284 3420 3625 3485 ministerii
3672 3420 3771 3483 sui
3816 3440 3909 3484 os·

2419 3520 2708 3596 tendunt,
2745 3528 2807 3581 et
2852 3519 3007 3600 quid
3054 3519 3259 3581 acturi
3306 3528 3474 3595 sunt,
3520 3538 3633 3601 per
3676 3518 3909 3581 illumi-

2418 3618 2741 3681 nationem
2772 3638 2809 3681 a
2842 3619 2964 3681 Deo
2994 3617 3339 3700 accipiunt.
3372 3618 3449 3679 Et
3486 3618 3669 3694 illud,
3702 3617 3905 3691 Quum

2416 3717 2741 3779 venissent
2780 3716 2903 3778 filii
2934 3716 3065 3792 Dei,
3099 3716 3363 3797 quidam
3393 3724 3726 3799 exponunt
3762 3716 3855 3779 sic
3884 3734 3902 3777 :

2415 3814 2506 3876 Ad
2550 3815 3060 3897 praesentandum
3104 3815 3229 3877 Deo
3276 3815 3501 3877 merita
3545 3814 3901 3891 hominum,

2418 3922 2606 3995 prout
2656 3913 2721 3975 in
2773 3913 2987 3976 Tobiae
3034 3912 3302 3975 historia
3360 3912 3681 3989 scribitur,
3736 3913 3907 3994 quod
4285 3976 4286 4003 ἶ

2418 4030 2637 4092 preces
2670 4012 2835 4075 Sarae
2865 4021 2928 4074 et
2948 4011 3159 4074 Tobiae
3189 4030 3317 4074 uno
3350 4020 3633 4093 tempore
3662 4011 3731 4072 in
3762 4030 3908 4075 con·
3948 4030 4241 4079 nanas..

2417 4120 2638 4192 spectu
2670 4110 2780 4173 Dei
2811 4118 2961 4172 sunt
2993 4109 3289 4172 recitatae.
3308 4109 3385 4171 Et
3416 4128 3635 4171 rursus
3664 4108 3905 4172 ibidem

815 4216 986 4284 runt,
1035 4206 1269 4287 quibus
1319 4214 1382 4268 et
1428 4206 1682 4268 realiter
1728 4205 2093 4270 adfuerunt.
2148 4207 2306 4271 Sunt
2339 4208 2693 4289 DRaphael
2726 4207 2960 4270 fatetur
2991 4206 3201 4270 Tobiae
3227 4226 3241 4271 τ
3267 4206 3467 4280 Quum
3500 4206 3727 4270 orabas
3758 4226 3907 4271 cum
3936 4228 4224 4276 namu

818 4324 1094 4386 namque
1141 4304 1350 4385 angeli
1393 4305 1460 4367 in
1509 4304 1649 4367 loco
1693 4305 2055 4382 definitive,
2090 4316 2153 4369 et
2192 4308 2300 4371 ubi

813 4411 1180 4485 operantur,
1224 4402 1312 4464 ibi
1359 4422 1497 4465 esse
1536 4403 1871 4478 dicuntur3
1924 4406 2305 4488 expletoque

816 4501 1202 4579 ministerio,
1263 4509 1523 4583 propter
1579 4503 1750 4583 quod
1809 4504 2296 4581 descenderunt,

816 4617 963 4661 mox
1006 4598 1086 4661 ad
1127 4599 1411 4661 coelestia
1449 4608 1878 4663 revertuntur.
1923 4601 2082 4665 Hinc
2127 4622 2304 4665 nam-

817 4716 942 4779 que
960 4696 1179 4759 Daniel
1211 4697 1575 4761 aitzAdhuc
1607 4718 1709 4761 me
1742 4698 2040 4780 loquente
2075 4701 2140 4762 in
2174 4721 2303 4764 ora-

820 4795 989 4858 tione
1019 4814 1178 4872 mea,
1219 4814 1364 4859 ecce
1401 4796 1650 4859 Gabriel
1681 4798 1808 4860 cito
1840 4798 2062 4861 volans
2097 4801 2303 4881 tetigit

815 4912 918 4956 me
954 4902 1017 4956 et
1056 4894 1272 4957 docuit.
1302 4913 1426 4956 me.
1462 4893 1755 4976 Dixitque
1785 4895 2034 4959 Gabriel
2073 4916 2086 4959 :
2123 4898 2301 4961 Nunc

813 5010 1104 5073 egressus
1130 5012 1270 5053 sum
1291 5000 1362 5053 ut
1381 4993 1671 5055 docerem
1705 5002 1765 5055 te
1793 5003 1856 5056 et
1885 4994 2297 5075 intelligeres

814 5090 945 5171 Ego
989 5098 1200 5153 autem
1245 5090 1388 5152 veni
1433 5099 1502 5152 ut
1541 5091 1885 5154 indicarem
1933 5093 2069 5155 tibi.
2107 5095 2207 5157 Sic
2240 5104 2303 5157 et

518 5198 782 5249 :aeliand-
816 5188 884 5249 in
911 5188 1202 5251 Judicum
1237 5188 1401 5251 libro
1435 5188 1703 5251 habetur
1735 5208 1749 5251 :
1784 5191 2062 5271 Angelus
2093 5193 2304 5255 Domi-

817 5287 883 5348 ni
913 5286 1200 5349 asccndit
1220 5289 1298 5349 de
1322 5286 1576 5367 Galgala
1604 5288 1684 5349 ad
1717 5288 1924 5352 locum
1957 5290 2299 5354 Flentium.

2418 4306 2697 4369 lacrimis
2726 4315 2790 4369 et
2822 4305 3172 4389 sepeliebas
3210 4314 3517 4382 mortuOS,
3552 4322 3667 4385 ego
3696 4306 3905 4369 obtuli

2415 4405 2767 4469 orationem
2808 4413 2979 4467 tuam
3012 4404 3301 4468 Domino.
3337 4403 3560 4484 Angeli
3603 4403 3905 4486 equidem
3950 4435 4245 4491 „geum

2414 4504 2733 4567 orationes
2772 4513 2835 4566 et
2871 4523 3093 4566 causas
3132 4502 3257 4565 sibi
3297 4503 3783 4566 commissorum
3824 4503 3905 4567 ad
3930 4510 4025 4603 ‘⁸:¹⁸
4056 4506 4243 4607 Ἤ

2414 4602 2705 4666 divinum
2738 4601 3027 4665 referunt
3042 4601 3373 4684 judicium,
3390 4600 3905 4684 suffragiumque
3932 4574 4241 4679 νῑιιῗῗω.-

2414 4700 2816 4783 impendunt.
2854 4701 3033 4763 Unde
3070 4699 3321 4763 Gabriel
3360 4700 3645 4781 loquitur
3682 4700 3907 4763 Danieb
3932 4685 4041 4727 ‘²⁵⁰‘

2414 4800 2459 4863 li
2487 4817 2501 4862 :
2528 4800 2707 4863 Nunc
2727 4808 3008 4862 revertar
3038 4807 3107 4861 ut
3134 4798 3387 4881 praelier
3406 4799 3711 4863 adversus
3734 4798 3904 4881 prin·
3958 4825 4239 4873 Q,‚,20‚

2412 4898 2619 4980 cipem
2651 4898 3001 4960 Persarum.
3036 4898 3114 4958 Et
3152 4916 3299 4961 ecce
3336 4896 3595 4959 Michael
3626 4916 3792 4959 unus
3822 4898 3901 4959 de
3934 4890 4019 4931 ¹³·

2414 4996 2812 5079 principibus
2868 4996 3093 5077 primis
3152 4996 3329 5058 venit
3388 4995 3454 5056 in
3511 4996 3901 5075 adjutorium

2415 5115 2650 5159 meum.
2700 5094 2801 5157 Sic
2849 5114 2999 5176 ergo
3044 5102 3357 5158 venerunt
3406 5102 3477 5155 ut
3522 5094 3901 5155 adsisterent

2414 5212 2626 5256 coram
2672 5192 2960 5269 Domino,
2998 5211 3110 5275 per
3154 5193 3413 5255 modum
3460 5201 3779 5255 recentem
3824 5210 3899 5254 ac

2415 5292 2771 5374 specialem,
2780 5292 2858 5353 ad
2879 5292 3305 5372 peragendum
3325 5298 3532 5353 actum
3554 5290 3895 5372 praefatum.
