4309 6259
870 497 986 560 164

864 687 1041 747 mino
1070 689 1435 746 holocausta
1464 685 1785 762 yratuita.
1820 683 2015 744 Dedit
2043 700 2193 758 erqo
2222 683 2352 742 Da·
2381 677 2432 739 A
2459 687 2600 738 erat
2649 679 2720 736 in
2769 680 3006 736 eaecelso
3060 677 3322 736 Gabaon
3368 695 3389 733 .·

864 785 979 844 vid
1010 788 1231 846 Ornan
1258 803 1379 860 pro
1414 787 1565 855 locO,
1598 785 1785 842 siclos
1818 783 1974 842 auri
1990 779 2354 858 justissimi

855 883 1164 959 ponderis
1184 891 1503 942 sexcentos
1514 906 1538 954 ,·
1566 889 1625 940 et
1649 881 2005 957 aedificavit
2028 880 2123 936 ibi
2146 881 2354 938 altare

862 980 1162 1040 DominO.
1200 980 1567 1058 obtulitque
1606 981 1995 1048 holocausta,
2034 986 2093 1036 et
2122 977 2358 1052 pacifi-

864 1094 965 1142 ca,
996 1084 1054 1134 et
1084 1074 1409 1134 invocavit
1439 1077 1669 1135 Deum.
1706 1075 1791 1134 Et
1829 1073 2174 1132 exaudivit
2210 1091 2358 1130 eum

865 1172 939 1232 in
978 1173 1127 1247 ique
1168 1174 1248 1231 de
1286 1176 1436 1233 coelo
1472 1190 1665 1247 super
1703 1174 1910 1231 altare
1954 1169 2306 1229 holocausti
2335 1187 2356 1226 .·

868 1269 933 1331 id
982 1278 1098 1347 est,
1147 1269 1310 1332 Deus
1358 1268 1636 1332 ostendit
1687 1288 1754 1330 se
1808 1275 2170 1348 acceptasse
2215 1283 2360 1328 con-

868 1367 1217 1444 tritionem,
1266 1367 1615 1431 orationem
1662 1376 1725 1429 et
1768 1365 2089 1429 sacrificia
2134 1363 2354 1440 David,

870 1485 984 1548 per
1014 1465 1135 1530 hoc
1164 1467 1337 1548 quod
1368 1466 1533 1546 ignis
1558 1467 1640 1529 de
1671 1466 1833 1528 coelo
1866 1484 2051 1528 aereo
2082 1463 2362 1526 ministe-

872 1565 969 1628 rio
999 1565 1210 1646 angeli
1237 1566 1651 1641 descendenS,
1684 1564 2125 1628 holocaustum
2159 1562 2360 1645 ipsius

1264 512 1610 559 ENARRATIO
1654 513 1715 557 IN
1758 513 1893 562 cAP.
1941 511 2071 556 xxn
2114 508 2271 554 unm
2312 507 2481 553 plum
2522 505 3053 552 PARALIPOMENON.
3098 524 3179 533 —
3219 503 3362 549 ΛΒΤ.
3409 502 3540 549 xxn

3447 673 3618 755 quod
3672 669 3952 752 qualiter

2463 774 2950 856 intelligendum
2996 773 3099 851 sit,
3144 773 3212 834 in
3263 770 3664 854 superiorum
3701 767 3956 850 exposi-

2465 875 2638 938 tione
2673 873 2898 955 patuit.
2933 877 3016 936 Et
3055 891 3186 933 non
3217 872 3571 950 proevaluit
3600 870 3818 931 David
3858 870 3960 927 ire

2465 977 2554 1034 ad
2582 978 2817 1042 altare,
2850 983 2922 1033 ut
2953 974 3048 1032 ibi
3084 973 3430 1032 obsecraret
3462 972 3692 1038 Deum,
3727 967 3790 1028 id
3831 975 3956 1042 est,

2467 1072 2809 1135 ascendere
2847 1070 2926 1132 ad
2966 1070 3166 1132 altare
3209 1066 3564 1131 holocausti
3598 1065 3662 1127 in
3705 1065 3962 1127 excelso

2465 1169 2720 1232 Gabaon
2753 1187 2879 1232 non
2913 1175 3160 1249 poterat
3183 1167 3260 1229 ad
3282 1166 3592 1230 orandum
3621 1171 3687 1227 et
3713 1161 3966 1226 sacrifi-

2467 1268 2741 1330 candum
2769 1266 3030 1330 ibidem.
3056 1268 3275 1331 Nimis
3295 1267 3468 1326 enim
3489 1265 3708 1341 fuerat
3731 1265 3965 1324 timore

2461 1367 2848 1445 perterritus
2880 1387 2903 1425 .·
2934 1364 3085 1446 quia
3123 1371 3187 1426 et
3224 1362 3351 1426 sibi
3387 1362 3684 1426 conscius
3717 1359 3844 1421 fuit
3877 1359 3961 1420 de

2470 1465 2660 1540 malo,
2709 1471 2770 1526 et
2815 1463 3090 1526 naturali
3135 1460 3376 1525 affectu
3421 1459 3638 1523 timuit
3685 1457 3959 1540 percuti,

2470 1560 2765 1642 quamvis
2799 1561 2919 1624 hoc
2957 1561 3305 1624 secundum
3343 1558 3650 1621 rationem
3689 1556 3960 1639 optavit.

602 1684 841 1733 Gen.1v,⁴;
873 1663 1070 1727 David
1116 1663 1533 1744 consumpsit,
1574 1663 2110 1744 quemadmodum
2157 1663 2222 1724 in
2267 1681 2364 1724 sa·
2473 1659 2727 1742 Species
2769 1677 3024 1741 quoque
3066 1658 3132 1720 in
3171 1676 3298 1739 qua
3338 1655 3631 1739 apparuit
3669 1654 3960 1736 angelus,

580 1748 846 1860 ᾗᾞιῗξζ·
875 1760 1143 1825 orificiis
1164 1760 1318 1824 Abel
1348 1769 1411 1825 et
1428 1762 1633 1824 Aaron
1669 1761 1907 1824 sactum
1939 1760 2082 1836 fuit,
2103 1770 2166 1824 et
2197 1767 2364 1842 post·
2473 1758 2597 1819 fuit
2627 1756 2976 1832 horribiliS,
3003 1756 3298 1818 similiter
3319 1755 3568 1836 gladius
3599 1753 3759 1835 ejus,
3781 1752 3968 1814 Unde

585 1884 601 1922 ¹
622 1896 633 1932 ;
657 1880 711 1923 ΙΙΙ
734 1842 847 1936 Deo.

582 1958 694 1996 xvm,
712 1948 779 1986 38.

876 1878 952 1922 ea
1010 1860 1076 1922 in
1137 1859 1456 1923 sacrificio
1520 1859 1873 1923 Salomonis
1932 1869 2123 1941 atque
2183 1859 2358 1921 Eliae.
2394 1858 2439 1918 B
2473 1856 2884 1938 subjungitur
2928 1872 2942 1917 ε
2988 1858 3212 1916 videns
3243 1857 3548 1934 ⁴cladium
3585 1855 3801 1930 angeli
3835 1855 3969 1913 Do-

878 1961 1315 2039 Proecepitque
1342 1960 1659 2020 Dominus
1690 1962 1938 2035 anyel0,
1963 1969 2023 2018 et
2052 1958 2364 2018 convertit

868 2060 1171 2134 ⁴cladium
1200 2077 1393 2118 suum
1423 2059 1497 2118 in
1530 2059 1859 2134 vayinam.

954 2158 1266 2217 Protinus
1294 2175 1441 2233 erqo
1470 2159 1691 2217 David
1719 2159 1945 2216 videns
1974 2159 2143 2234 quod
2170 2175 2366 2215 exau-

870 2255 1066 2314 disset
1102 2275 1251 2316 eum
1279 2257 1597 2316 Dominus
1633 2257 1705 2314 in
1744 2275 1898 2315 area
1931 2259 2154 2317 Ornan
2180 2255 2366 2315 Jebu-

870 2353 1009 2421 saei,
1038 2354 1403 2414 immolavit
1431 2355 1493 2412 ei
1523 2354 1844 2422 victimas,
1880 2352 1942 2414 id
1984 2359 2082 2414 est
2120 2350 2364 2414 hostias

871 2467 987 2530 pro
1017 2449 1364 2531 gratiarum
1388 2449 1651 2526 actione,
1670 2457 1733 2512 et
1756 2468 1873 2532 pro
1900 2469 2055 2532 pace
2080 2468 2151 2513 ac
2180 2448 2367 2512 venia

872 2545 1101 2626 plebiS.
1128 2550 1642 2608 Tabernaculum
1666 2557 1882 2607 autem
1903 2548 2171 2609 Domini
2194 2549 2368 2626 quod

871 2644 1111 2720 fecerat
1140 2647 1388 2722 Moyses
1419 2646 1491 2706 in
1531 2647 1772 2705 deserto
1808 2663 1921 2726 per
1954 2664 2183 2707 manus
2221 2644 2371 2706 arti-

874 2740 1095 2820 ficum,
1127 2753 1187 2804 et
1215 2748 1420 2805 altare
1459 2746 2003 2813 holocaustorum,
2036 2764 2112 2805 ea
2146 2753 2372 2821 tempe-

872 2849 1054 2913 state,
1097 2840 1161 2904 id
1197 2850 1295 2905 est
1332 2840 1744 2904 tribulatione
1788 2851 1851 2905 et
1890 2841 2362 2924 inquietudine,

2473 1959 2665 2028 mini,
2691 1957 2802 2038 qui
2833 1955 3041 2018 fuerat
3062 1963 3449 2018 cruentatus.
3468 1953 3677 2016 Potest
3699 1970 3963 2034 quoque

2473 2074 2586 2138 per
2614 2054 2896 2135 gladium
2927 2053 3158 2134 angeli,
3180 2052 3384 2136 accipi
3418 2051 3600 2135 plaga
3629 2069 3742 2134 per
3769 2068 3968 2129 ange-

2475 2154 2520 2215 li
2554 2160 2928 2235 potestatem
2961 2152 3137 2214 illata
3167 2151 3362 2234 plebi.
3385 2151 3576 2214 Porro
3607 2149 3816 2226 timor,
3839 2149 3971 2211 sic-

2475 2260 2546 2314 ut
2584 2261 2647 2314 et
2685 2259 2909 2314 ceterae
2952 2250 3302 2332 passioneS,
3347 2248 3426 2311 sit
3463 2268 3608 2312 cum
3649 2247 3968 2330 corporali

2474 2349 3023 2425 transmutatione,
3049 2357 3209 2412 etex
3234 2368 3347 2411 sua
3372 2357 3600 2410 natura
3630 2345 3968 2426 infrigidat

2476 2457 2667 2530 atque
2707 2447 3021 2510 debilitat.
3053 2447 3291 2511 Idcirco
3330 2456 3459 2510 tam
3499 2446 3836 2508 vehemens
3887 2444 3969 2506 ti-

2477 2565 2636 2624 mor,
2662 2546 2847 2609 valde
2873 2555 3163 2610 naturam
3189 2545 3594 2628 indisposuit,
3617 2543 3970 2608 discrucia-

2477 2646 2592 2722 vit,
2616 2644 3041 2725 infrigidavit,
3060 2644 3464 2727 debilemque
3485 2641 3737 2718 effecit3
3762 2642 3968 2706 David

2477 2752 2689 2808 autem
2724 2743 3106 2808 desideravit
3143 2763 3220 2807 ex
3246 2743 3584 2808 devotione
3613 2741 3966 2804 ascendere

2480 2841 2816 2925 prael'atum
2858 2842 3076 2906 altare.

1939 3268 2588 3356 ARTICULUS
2661 3269 2914 3355 XXII

1094 3544 1404 3590 Exposrrlo
1448 3543 1721 3590 CAPITULI
1766 3543 2029 3590 vlcssslm
2073 3543 2327 3588 suanm
2372 3543 2386 3588 ἰ
2435 3543 2721 3597 mxlTQuE
2762 3544 2950 3590 navll)
2994 3545 3008 3589 :
3055 3545 3190 3590 HAEG
3232 3546 3340 3591 EST
3382 3546 3580 3593 DOHUS
3622 3547 3744 3592 DEI.
4304 3499 4306 3650 Ῑ

999 3823 1335 3887 RAESENS
1353 3822 1705 3905 capitulum
1728 3822 2243 3904 recitatqualiter
2265 3823 2371 3885 Da-
2405 3821 2448 3884 C
2479 3844 2620 3886 mus
2650 3825 2758 3887 Dei
2799 3833 2863 3888 et
2901 3833 3085 3907 porta
3127 3825 3296 3888 coeli.
3331 3823 3398 3888 In
3431 3844 3559 3907 quo
3597 3827 3789 3890 etiam
3824 3827 3971 3892 loco

1002 3923 1112 3985 vid
1142 3942 1248 3986 rex
1278 3923 1635 3986 necessaria
1666 3922 2042 4004 praeparavit
2074 3941 2192 4004 pro
2219 3931 2370 3984 tem·
2477 3923 2576 4005 (ut
2620 3923 2858 4005 fertur)
2903 3923 3218 3987 Abraham
3266 3925 3468 3988 voluit
3515 3925 3726 3989 filium
3773 3945 3967 3991 suum
4049 3958 4306 4006 ommg

878 4023 985 4105 plo
1016 4022 1418 4087 aedifieando.
1456 4025 1767 4101 Dioeitque
1793 4024 2012 4082 David
2042 4043 2063 4082 .·
2097 4025 2252 4083 Hoec
2280 4031 2369 4082 est

877 4124 1103 4182 domus
1123 4123 1266 4191 Dei,
1291 4119 1355 4182 id
1380 4126 1497 4196 est,
1524 4119 1589 4180 in
1620 4119 1759 4181 loco
1791 4119 1913 4181 isto
1942 4118 2368 4182 {edificabitur

878 4220 1127 4283 celebre
1167 4219 1475 4300 templum
1514 4219 1661 4294 Deo,
1694 4228 1751 4277 et
1784 4220 1900 4278 lzoc
1932 4223 2166 4288 altare,
2195 4218 2367 4299 quod

878 4317 1215 4393 aedificavi,
1250 4317 1350 4380 vel
1395 4316 1566 4396 quod
1607 4334 1722 4378 suo
1764 4323 2048 4398 tempore
2092 4315 2210 4378 fiet
2255 4335 2367 4378 seu

878 4416 1297 4479 constituetur
1336 4414 1402 4476 in
1444 4414 1583 4477 loco
1624 4414 1745 4477 isto
1788 4433 1899 4496 per
1938 4414 2360 4492 Salomonem,

878 4514 999 4576 erit
1028 4516 1101 4574 iu
1131 4515 1571 4574 holocaustum
1601 4516 1832 4582 Israel,
1868 4513 1931 4574 id
1970 4522 2087 4591 est,
2126 4513 2206 4575 ad
2245 4513 2366 4576 hoc

877 4610 1213 4688 deserviet,
1250 4611 1421 4691 quod
1452 4605 1727 4692 populus
1768 4611 1956 4673 Israel
1998 4611 2365 4675 holocausta

879 4729 994 4772 sua
1036 4717 1099 4772 et
1140 4709 1331 4772 etiam
1381 4708 1703 4772 sacrificia
1740 4709 1863 4772 alia
1900 4709 2133 4773 offeret
2176 4729 2367 4793 super

878 4808 1075 4870 altare
1105 4808 1248 4871 hoc.
1278 4807 1573 4871 Praevidit
1603 4808 1819 4889 itaque
1848 4809 2046 4871 David
2079 4809 2147 4871 in
2181 4809 2368 4891 spiri-

882 4915 970 4983 tu,
996 4906 1164 4988 quod
1198 4905 1309 4968 illo
1342 4906 1407 4968 in
1442 4906 1579 4970 loco
1610 4925 1685 4968 ex
1716 4905 2115 4971 ordinatione
2147 4907 2368 4971 divina

2476 4021 2646 4084 Isaac
2675 4022 2800 4085 Deo
2830 4020 3089 4085 offerre.

2557 4123 2641 4181 E't
2661 4121 2968 4198 praecepit
3003 4129 3077 4180 ut
3113 4131 3655 4198 conyreqarentur
3681 4126 3760 4183 de
3793 4134 3970 4186 terra

2474 4221 2678 4278 Israel
2717 4239 2930 4278 omnes
2960 4220 3300 4296 proselyti,
3348 4219 3412 4280 id
3451 4228 3546 4282 est
3589 4239 3664 4283 ex
3704 4223 3971 4303 pagani-

2475 4335 2614 4378 smo
2651 4315 2942 4378 conversi
2979 4316 3057 4378 ad
3093 4315 3508 4379 Judaismum.
3552 4315 3971 4390 Quemadmo-

2473 4414 2626 4476 dum
2649 4413 2820 4476 enim
2844 4413 3140 4476 infideles
3161 4414 3452 4478 conversi
3472 4416 3552 4478 ad
3571 4415 3774 4497 legem
3795 4417 3972 4480 Chri-

2475 4514 2578 4591 sti,
2614 4514 2913 4576 dicuntur
2954 4513 3279 4596 neophyti,
3321 4514 3414 4577 sic
3453 4516 3529 4577 ad
3567 4515 3966 4580 Judaismum

2471 4611 2787 4689 conversi,
2832 4611 3138 4694 proselyti
3175 4611 3588 4676 vocabantur.
3622 4616 3708 4675 Et
3741 4618 3973 4676 consti-

2477 4713 2603 4772 tuit
2621 4732 2702 4770 ex
2720 4712 2811 4770 eis
2834 4715 3120 4781 latomos,
3144 4710 3209 4773 id
3241 4719 3337 4774 est
3369 4711 3652 4794 lapidum
3677 4732 3964 4791 caesoreS,

2475 4813 2562 4870 ad
2588 4811 2916 4870 caedendos
2951 4811 3200 4885 lapides
3234 4818 3294 4869 et
3321 4811 3677 4888 poliendos,
3711 4821 3783 4872 ut
3813 4817 3968 4873 aedi-

2473 4913 2781 4985 ficaretur
2818 4909 3046 4967 domus
3083 4909 3224 4979 Dei,
3268 4907 3332 4969 id
3378 4917 3474 4971 est
3517 4910 3595 4972 ad
3643 4911 3968 4973 ornandos

882 5005 1190 5086 templum
1220 5012 1385 5066 esset
1404 5003 2177 5088 aedificandumzpropter
2196 5006 2366 5087 quod
2397 5002 2447 5065 D
2477 5005 2720 5088 lapides
2770 5013 2832 5067 et
2877 5005 3407 5086 complanandoS,
3460 5015 3772 5087 quatenus
3830 5009 3964 5090 apti

881 5102 1039 5164 dixit
1073 5103 1206 5166 haec
1236 5102 1449 5178 verba,
1485 5103 2022 5183 quemadmodum
2058 5103 2250 5167 Jacob
2291 5105 2368 5166 dc

2476 5113 2689 5167 essent
2721 5103 2942 5186 reponi
2974 5103 3039 5164 in
3071 5103 3348 5167 aedificio
3383 5105 3626 5186 templi.
3657 5106 3795 5169 Istis
3825 5125 3970 5188 pro-

602 5201 1103 5271 oen.xxvn1.eodem
1144 5201 1391 5263 locutus
1436 5210 1531 5263 est
1575 5201 1713 5263 loco
1759 5219 1771 5262 :
1817 5200 2016 5275 Quam
2068 5202 2369 5264 terribilis
2479 5202 2718 5284 selytiS,
2756 5211 3056 5283 tanquam
3098 5202 3586 5284 pauperioribus
3623 5212 3686 5268 et
3719 5204 3971 5286 ignobi·-

591 5286 657 5326 17.

884 5309 978 5362 est
1018 5301 1192 5364 locus
1234 5299 1389 5362 iste!
1435 5318 1562 5363 non
1602 5307 1698 5362 est
1735 5300 1841 5362 hic
1878 5301 2051 5362 aliud
2091 5301 2216 5362 nisi
2261 5302 2373 5363 do-

2480 5301 2769 5376 lioribuS,
2787 5300 3091 5382 imposuit
3111 5300 3308 5362 David
3339 5319 3534 5383 opera
3553 5301 3675 5366 ista
3695 5303 3968 5367 laborio-

3999 4021 4050 4070 2,
4075 4022 4124 4063 9.
