4309 6259
541 1475 803 1580 zadiar-uz,

566 1979 651 2022 Ιοὸ
666 1992 723 2030 nx,
740 1982 779 2022 9.

539 3449 641 3554 ¹5²2.
653 3461 801 3500 exurit,

836 495 955 561 692

1628 514 1975 561 ENAnna'rlo
2020 515 2079 559 IN
2124 515 2260 559 CAP-
2310 511 2522 559 xxxvn
2562 511 2686 557 JOB.
2731 531 2812 542 ·--
2853 513 2996 559 ΛΒΤ.
3041 511 3156 557 bxv

834 686 1008 750 venti
1053 685 1204 750 inde
1246 684 1503 762 flanteS,
1540 683 1839 748 videlicet
1878 703 1916 746 a
1956 691 2135 766 parte
2183 701 2328 764 quae
2357 681 2411 744 A
2439 701 2578 744 rum
2611 681 2914 746 virtutum
2950 681 3118 743 fiunt
3158 679 3577 744 fecundativae
3611 696 3626 740 :
3661 678 3939 760 ideoque

834 792 932 848 est
960 803 1181 849 versus
1202 784 1421 866 polum
1452 782 1896 859 antarcticum,
1920 790 2329 864 tempestates

834 882 1217 965 pluviasque
1259 883 1661 964 producunt3
1710 892 1771 942 et
1816 885 1895 942 ab
1945 891 2234 950 arcturo,
2267 879 2330 940 id

833 990 931 1044 est
959 1001 995 1044 a
1026 989 1205 1064 parte
1243 982 1555 1064 plagaque
1587 988 1771 1042 terrae
1799 999 1943 1061 quae
1982 987 2079 1042 est
2106 997 2330 1042 versus

830 1080 1051 1162 polum
1108 1080 1416 1143 arcticum
1474 1098 1586 1141 seu
1646 1076 2210 1159 septentrionalem
2269 1083 2333 1138 et

828 1177 1291 1259 aquilonarem,
1318 1177 1643 1257 egreditur
1662 1178 1902 1254 friyus.
1927 1175 2115 1238 Venti
2143 1173 2334 1256 quip-

832 1295 911 1357 pe
976 1275 1505 1356 septentrionales
1566 1276 1929 1356 producunt
1996 1273 2202 1353 frigus
2263 1272 2330 1333 in

832 1392 999 1436 aere.
1044 1374 1307 1456 Propter
1352 1374 1522 1455 quod
1572 1372 2056 1436 Ecclesiasticus
2107 1371 2266 1434 dicit
2310 1387 2324 1431 :

835 1471 1124 1551 Frigidus
1168 1480 1398 1534 ventus
1447 1470 1677 1553 Aquilo
1728 1469 1936 1548 flavit,
1984 1478 2046 1532 et
2091 1469 2331 1550 gelavit

834 1569 1169 1652 crystallus
1218 1569 1299 1633 ab
1341 1589 1527 1651 aqua.
1578 1570 1883 1632 Arcturus
1928 1577 2141 1630 autem
2192 1585 2332 1648 pro-

833 1667 972 1751 prie
1000 1668 1236 1731 dicitur
1265 1668 1691 1744 constellatio,
1719 1687 1862 1748 quae
1890 1675 2185 1731 movetur
2213 1665 2332 1729 cir-

832 1785 905 1830 ca
936 1766 1155 1848 polum
1186 1766 1517 1845 arcticum,
1551 1776 1616 1829 et
1645 1766 1877 1829 dicitur
1901 1765 2057 1828 Ursa
2096 1765 2324 1847 maior,

2437 779 2606 842 circa
2641 789 2870 842 terram
2903 787 3258 843 moventur.
3293 778 3474 859 Aqua
3502 777 3697 854 enim,
3733 796 3938 858 quum

2439 880 2522 940 sit
2551 877 2785 959 frigida
2826 887 2890 942 et
2917 879 3202 956 humida,
3238 878 3316 941 de
3359 896 3428 940 se
3457 877 3762 940 virtutem
3797 893 3942 956 ger-

2437 978 2813 1042 minativam
2860 997 2988 1042 non
3037 977 3252 1055 habet,
3295 975 3405 1038 sed
3456 994 3494 1037 a
3541 974 3746 1038 stellis
3793 993 3938 1036 eam

2439 1076 2724 1139 sortitur.

2522 1178 2676 1245 Quae
2709 1179 2990 1236 lustrant
3027 1183 3259 1235 cuncta
3296 1193 3417 1253 per
3456 1173 3836 1244 circuitum,
3871 1171 3936 1234 id

2439 1282 2556 1350 est,
2611 1292 2803 1355 super
2848 1272 3062 1336 omnia
3111 1281 3294 1336 terrae
3332 1271 3590 1335 climata
3629 1269 3940 1332 successi-

2443 1391 2518 1434 ve
2557 1372 2838 1453 impulsu
2871 1379 3206 1434 ventorum
3248 1370 3564 1445 feruntur,
3599 1377 3672 1431 ut
3717 1368 3936 1430 lumen

2441 1489 2626 1533 suum
2660 1478 2722 1532 et
2741 1470 2868 1534 vim
2901 1469 3388 1552 germinativam
3420 1468 3712 1549 undique
3744 1466 3939 1529 influ-

2441 1577 2572 1645 ant,
2597 1589 2996 1649 quoeumque
3033 1589 3138 1629 eas
3175 1571 3475 1628 voluntas
3505 1567 3938 1644 yubernantt‘s

2437 1669 2727 1737 dumet-it,
2763 1667 2826 1729 id
2859 1675 2975 1742 est,
3011 1665 3352 1748 imperium
3384 1664 3497 1728 Dei
3532 1663 3688 1728 ferri
3719 1663 3937 1726 volue-

2440 1764 2571 1827 rit:
2607 1765 2956 1828 secundum
3005 1765 3191 1846 cujus
3246 1762 3736 1845 dispositionem
3790 1779 3936 1844 pro-

833 1873 904 1926 ut
934 1865 1227 1946 superius
1258 1864 1511 1948 plenius
1541 1864 1782 1927 dictum
1816 1871 1913 1927 est
1940 1882 2133 1945 super
2168 1862 2328 1925 illud
2362 1865 2409 1927 B
2437 1862 2877 1940 videntialem,
2931 1882 3104 1926 nunc
3159 1862 3295 1938 hic,
3347 1880 3520 1924 nunc
3578 1859 3670 1922 ibi
3729 1859 3934 1922 nubes

828 1963 984 2027 Job:
1017 1963 1133 2037 Qui
1175 1963 1332 2027 facit
1358 1965 1719 2040 Arcturum,
1756 1971 1819 2026 et
1849 1962 2102 2040 Oriona,
2138 1970 2204 2025 et
2232 1961 2330 2023 in-

828 2062 1065 2125 teriora
1116 2062 1339 2125 austri.
1392 2063 1468 2124 Et
1514 2081 1590 2125 ex
1648 2061 1759 2124 illa
1804 2070 1984 2144 parte
2041 2059 2330 2143 procedit

830 2159 1082 2242 Aquilo,
1115 2161 1225 2242 qui
1256 2168 1472 2223 causat
1504 2159 1707 2241 frigus
1740 2167 1999 2242 propter
2031 2158 2330 2223 remotio-

831 2276 977 2322 nem
1015 2258 1169 2322 solis
1208 2257 1291 2322 ab
1331 2259 1441 2320 illa
1483 2258 1667 2340 plaga
1708 2257 1877 2322 coeli.

910 2359 1143 2418 Flante
1183 2360 1313 2418 Deo
1350 2359 1691 2418 concrescit
1732 2360 1887 2434 θεῖα
1914 2377 1937 2417 .·
1970 2355 2034 2418 id
2081 2362 2198 2432 est,
2245 2355 2324 2418 ad

831 2454 941 2517 Dei
969 2453 1311 2536 imperium
1356 2454 1557 2517 flante
1588 2463 1779 2518 vento
1818 2454 2057 2518 boreali
2090 2473 2203 2516 seu
2236 2471 2326 2515 se-

831 2552 1267 2635 ptentrionali,
1299 2553 1655 2633 congelatio
1687 2552 1894 2615 oritur
1930 2561 1995 2615 et
2031 2559 2318 2632 augetur,

534 2663 800 2768 geatam,
827 2651 1007 2731 juxta
1037 2651 1194 2713 illud
1226 2650 1656 2713 Ecclesiastici
1693 2666 1707 2711 :
1741 2649 1898 2712 Gelu
1928 2649 2095 2712 sicut
2124 2649 2322 2712 salem

828 2747 1133 2811 Dominus
1166 2747 1394 2811 fundet
1428 2768 1621 2829 super
1655 2756 1882 2810 terram
1909 2771 1925 2822 ς
1956 2758 2016 2809 et
2055 2767 2324 2808 rursum

832 2849 1143 2909 latissime
1168 2848 1554 2924 funduntur
1590 2867 1777 2925 aquoe
1806 2868 1830 2907 :
1860 2846 1925 2909 id
1964 2855 2082 2924 est,
2121 2845 2322 2908 flante

828 2954 1020 3009 vento
1068 2945 1355 3022 australi,
1389 2944 1470 3006 rit
1507 2945 1842 3025 degelatio‚
1886 2954 1949 3008 et
1986 2965 2170 3027 aquae
2217 2963 2323 3024 ge-

2436 1962 2803 2025 discurrunt
2831 1970 2894 2025 et
2921 1961 3175 2044 pluunt.
3209 1961 3364 2024 Nam
3393 1969 3460 2024 et
3484 1961 3610 2024 Deo
3638 1959 3936 2023 ordinan-

2435 2068 2518 2137 te,
2561 2069 2894 2123 ventorum
2941 2059 3286 2142 impulsum
3329 2068 3707 2140 sequuntur.
3741 2056 3930 2120 'Venti

2433 2167 2646 2220 autem
2702 2157 3128 2222 communiter
3173 2175 3400 2238 gyrum
3460 2155 3670 2219 facere
3724 2154 3934 2218 solent

2434 2256 2760 2337 sequendo
2801 2264 3046 2319 motum
3087 2255 3265 2319 soliS.
3299 2255 3370 2316 In
3413 2273 3602 2318 mane
3651 2271 3930 2333 namque

2432 2352 2858 2418 communiter
2899 2353 3063 2416 flant
3090 2353 3265 2419 venti
3305 2353 3673 2430 orientaleS,
3711 2360 3928 2434 postea

2433 2454 2905 2531 meridionaleS,
2947 2453 3026 2516 de
3069 2471 3334 2535 vespere
3378 2461 3590 2514 autem
3637 2451 3931 2515 occiden-

2431 2552 2613 2616 tales.
2645 2556 2754 2615 Ad
2791 2571 2975 2614 omne
3016 2555 3188 2632 quod
3215 2552 3522 2630 proecipit
3565 2553 3704 2610 illis
3737 2569 3930 2628 super

2431 2654 2669 2731 faciem
2707 2651 2878 2711 orbis
2917 2661 3244 2711 terrarum
3277 2671 3300 2710 :
3329 2649 3394 2712 id
3447 2657 3565 2726 est,
3608 2647 3926 2730 quidquid

2432 2751 2594 2812 Deus
2635 2767 2748 2830 per
2789 2748 2990 2812 nubes
3039 2747 3184 2810 sieri
3221 2747 3497 2812 voluerit
3539 2747 3606 2808 in
3651 2744 3928 2828 superfi-

2429 2847 2527 2910 cie
2557 2856 2762 2924 terrae,
2789 2848 2855 2908 in
2884 2847 3004 2910 hoc
3037 2847 3250 2908 statim
3280 2845 3561 2909 Creatori
3589 2843 3920 2920 obediunt,

2429 2945 2614 3026 cujus
2653 2945 2720 3007 in
2761 2945 3004 3008 ditione
3039 2952 3270 3008 cuncta
3303 2952 3452 3006 sunt
3484 2942 3712 3026 posita.
3747 2942 3926 3005 Unde
3953 2964 4221 3013 tunam.

829 3044 894 3106 lu
952 3043 1311 3108 constrictae
1368 3043 1681 3120 laxantur,
1738 3052 1800 3106 et
1856 3042 2139 3124 undique
2196 3043 2322 3105 dif-
2353 3046 2399 3110 C
2430 3063 2544 3125 per
2580 3043 2784 3106 nubes
2821 3043 3058 3108 diversi
3103 3043 3497 3107 descendunt
3541 3039 3817 3105 effectus
3857 3040 3923 3101 in
3953 3029 3997 3073 ⁹·

829 3142 1205 3217 funduntur,
1240 3160 1315 3204 ac
1344 3141 1579 3222 pluviae
1608 3142 2050 3223 producuntur
2086 3140 2322 3202 latissi-

828 3259 931 3302 me
968 3239 1374 3302 distillantes,
1412 3239 1641 3302 Auster
1680 3239 1979 3320 equidem
2022 3238 2323 3302 conducit

829 3357 1047 3418 aquaS,
1080 3337 1286 3419 aperit
1333 3345 1587 3413 terram,
1622 3345 1685 3399 et
1720 3346 1943 3401 evocat
1986 3356 2148 3415 eam,
2193 3356 2325 3418 ger-

831 3436 1205 3516 minareque
1254 3434 1430 3498 facit.
1465 3435 1625 3497 Hinc
1668 3435 1758 3496 ait
1796 3435 2326 3498 PsalmistazFla-

830 3533 926 3596 bit
964 3534 1227 3617 spiritus
1269 3535 1429 3614 ejuS,
1464 3542 1528 3595 et
1568 3531 1779 3595 fluent
1816 3552 2020 3615 aquae.

898 3633 1329 3694 Frumentum
1346 3635 1671 3692 desiderat
1692 3633 1899 3693 nubea
1922 3631 2131 3695 Nubes
2152 3631 2324 3694 enim

830 3729 1153 3794 frumento
1196 3738 1346 3792 sunt
1388 3730 1781 3806 necessarias,
1820 3739 1943 3791 tam
1988 3738 2059 3792 ut
2096 3729 2326 3793 melius

830 3837 1093 3904 crescat,
1130 3847 1323 3910 quam
1356 3837 1427 3889 ut
1466 3828 1692 3890 umbra
1738 3827 2007 3890 nubium
2042 3837 2330 3910 protega-

831 3936 935 3989 tur
964 3935 1187 3990 contra
1218 3926 1369 3989 solis
1390 3926 1681 3990 ardorem
1713 3944 1794 3988 ne
1813 3926 2192 3990 desiccetur.
2214 3927 2332 4010 My-

831 4025 1009 4102 stice,
1047 4024 1463 4102 frumentum,
1498 4024 1563 4086 id
1594 4032 1691 4086 est
1730 4024 1917 4087 electi
1950 4033 2014 4087 et
2043 4024 2196 4088 boni
2228 4026 2332 4088 de-

832 4122 1115 4186 siderant
1135 4121 1355 4198 nubeS‚
1372 4122 1439 4184 id
1459 4111 1556 4184 est
1576 4122 1906 4186 doctorum
1930 4122 2328 4204 irrigationes

2429 3151 2686 3218 terram,
2721 3141 3022 3204 videlicet
3045 3141 3310 3221 grando,
3357 3138 3486 3217 nix,
3519 3138 3765 3222 pluvia,
3801 3136 3928 3201 ful-

2428 3258 2586 3321 gura
2625 3248 2818 3321 atque
2867 3239 3171 3302 tonitrua.
3219 3241 3374 3300 Sive
3413 3241 3486 3299 in
3535 3259 3674 3299 una
3723 3239 3918 3298 tribu.

2429 3338 2820 3420 Quandoque
2865 3338 3038 3401 enim
3088 3336 3293 3399 nubes
3331 3335 3680 3400 deveniunt
3716 3335 3924 3398 solum

2431 3437 2509 3499 ad
2566 3455 2758 3499 unam
2816 3434 3126 3498 familiam
3187 3435 3322 3499 sive
3368 3433 3768 3518 provinciam
3817 3440 3928 3496 aut

2433 3535 2626 3598 etiam
2659 3534 2905 3597 urbem.
2938 3537 3095 3597 Sive
3125 3535 3199 3594 in
3233 3544 3404 3595 terra
3432 3554 3579 3604 sua,
3607 3532 3674 3595 id
3719 3541 3820 3596 est
3861 3530 3928 3594 in

2432 3640 2601 3696 terra
2641 3652 2717 3696 ex
2758 3651 2884 3714 qua
2932 3651 3044 3694 seu
3082 3650 3157 3694 ex
3197 3632 3382 3712 cujus
3430 3630 3612 3711 aquis
3662 3647 3930 3712 vapores

2438 3731 2706 3795 nubium
2741 3740 2889 3793 sunt
2929 3730 3197 3812 accepti.
3232 3730 3554 3792 Interdum
3593 3729 3767 3792 enim
3801 3746 3935 3790 ma-

2437 3838 2592 3894 nent
2621 3830 2686 3891 in
2721 3829 2830 3892 tali
2861 3839 3050 3906 terra,
3086 3830 3240 3891 dum
3284 3846 3411 3890 non
3445 3827 3872 3911 impelluntur
3898 3846 3937 3889 a

2438 3927 2712 3993 fortibus
2758 3927 2991 3992 ventis,
3043 3929 3197 3990 Sive
3243 3930 3318 3987 in
3365 3947 3762 4007 quocumque
3804 3929 3936 3985 loeo

2439 4028 2899 4088 misericordiae
2912 4046 3068 4098 suoe,
3090 4025 3154 4087 id
3183 4033 3282 4088 est
3311 4025 3486 4088 omni
3518 4024 3659 4087 loco
3688 4023 3792 4086 cui
3823 4022 3938 4085 mi·

2439 4124 2802 4188 sericordiae
2831 4141 2962 4186 suae
2999 4122 3308 4186 effectum
3339 4121 3614 4186 voluerit
3655 4120 3940 4203 imperti·

832 4220 1241 4296 doctrinaleS,
1291 4220 1889 4301 consolationesque
1934 4221 2325 4303 spiritualeS,
2362 4225 2410 4286 D
2441 4223 2518 4300 ri,
2536 4225 2815 4302 jusserit
2841 4243 2947 4283 eas
2977 4223 3295 4291 inveniri,
3329 4221 3392 4283 id
3422 4229 3518 4284 est
3541 4238 3854 4302 apparere
3873 4227 3938 4283 et

836 4327 907 4380 ut
933 4317 1135 4399 magis
1158 4317 1567 4392 fructificent,
1585 4336 1703 4380 nec
1723 4325 1880 4381 aestu
1912 4319 2326 4382 tentationum

836 4425 1121 4479 urantur.
1158 4419 1242 4478 Et
1271 4419 1467 4477 nubes
1508 4427 1828 4495 sparyunt
1866 4421 2085 4479 lumen
2112 4439 2327 4490 suum,

838 4515 900 4576 id
932 4523 1043 4590 est,
1065 4514 1283 4576 lumen
1314 4515 1484 4595 quod
1514 4533 1549 4574 a
1582 4514 1715 4578 sole
1735 4515 2091 4597 ceterisque
2121 4515 2332 4598 plane-

838 4613 921 4675 tis
950 4631 1023 4675 ac
1053 4611 1256 4674 stellis
1286 4612 1670 4695 suscipiunt,
1704 4632 1896 4694 super
1925 4613 2330 4676 latitudinem

839 4720 1021 4774 terrae
1050 4709 1453 4786 diffundunt,
1479 4730 1608 4774 non
1640 4711 1845 4774 solum
1877 4713 1954 4774 ad
1987 4712 2332 4794 aliqualem

839 4817 1022 4872 terrae
1062 4807 1614 4886 clarificationem,
1650 4810 1759 4873 sed
1804 4811 1881 4872 ad
1926 4811 2065 4892 ejus
2112 4809 2335 4874 fecun-

838 4907 1183 4970 dationem.
1234 4907 1481 4970 Virtute
1528 4907 1700 4970 enim
1759 4909 1921 4972 lucis
1968 4909 2165 4988 illius,
2219 4930 2336 4972 nu-

839 5005 1018 5069 bium
1049 5025 1214 5087 aqua
1242 5007 1635 5070 descendens
1678 5007 1744 5068 in
1773 5015 2030 5085 terram,
2064 5028 2204 5072 eam
2247 5009 2336 5072 fe-

841 5106 1098 5168 cundat.
1132 5104 1331 5182 Unde,
1366 5107 1715 5168 secundum
1746 5105 2097 5184 Albertum,
2132 5127 2333 5188 quum

844 5202 1047 5266 nubes
1075 5203 1408 5266 elevantur
1434 5223 1473 5266 a
1502 5212 1688 5282 terra,
1708 5204 1977 5269 virtutes
2007 5206 2334 5269 stellarum

846 5318 961 5382 per
991 5301 1207 5363 lumen
1234 5300 1602 5365 influuntur
1620 5302 1736 5380 eiS,
1755 5310 1819 5366 et
1848 5302 2168 5368 beneficio
2198 5303 2337 5368 illa-

2439 4320 2726 4403 conspici
2767 4339 2806 4383 a
2850 4318 3361 4382 desiderantibus
3409 4337 3537 4381 eaS.
3570 4318 3662 4379 Ex
3705 4316 3936 4398 grandi

2439 4419 2678 4481 etenim
2727 4418 2837 4481 Dei
2887 4417 3178 4499 procedit
3223 4415 3582 4492 clementia,
3636 4417 3808 4497 quod
3857 4417 3938 4478 de

2440 4517 2678 4600 pluviis
2739 4516 3070 4599 provideat
3111 4514 3479 4594 regionibus
3537 4513 3934 4597 temporibus

2440 4614 2762 4696 congruiS,
2795 4623 2860 4677 et
2885 4613 3238 4696 praesertim
3267 4613 3336 4674 in
3364 4611 3589 4676 calidis
3622 4613 3831 4689 terriS,
3869 4611 3936 4675 in

2440 4715 2678 4796 quibus
2717 4722 2867 4776 sunt
2905 4712 3141 4795 pluviae
3181 4713 3473 4776 rariores,

2520 4814 2848 4888 Praeterea,
2884 4811 3320 4894 spiritualiter·
3341 4811 3566 4888 nubeS,
3601 4810 3666 4873 id
3695 4819 3795 4874 est
3823 4811 3935 4874 do-

2443 4920 2669 4988 ctoreS,
2705 4911 3149 4992 praedicatores
3179 4919 3242 4972 et
3270 4908 3422 4973 boni
3452 4909 3718 4991 praelati,
3743 4918 3936 4991 atque

2444 5009 2656 5072 idonei
2677 5007 3123 5084 admonitores
3142 5008 3342 5070 instar
3362 5007 3632 5070 nubium
3653 5026 3767 5089 per
3793 5025 3936 5070 con-

2445 5106 2926 5190 templationem
2963 5125 3374 5186 amoremque
3412 5106 3780 5168 divinorum
3811 5106 3938 5168 ele-

2445 5206 2596 5282 vati,
2631 5204 2945 5288 sapientia
2977 5202 3321 5286 splendidi,
3359 5204 3589 5270 virtute
3627 5203 3931 5281 bonissui,

2446 5311 2753 5388 spargunt
2779 5303 2995 5366 lumen
3025 5321 3228 5380 suum,
3247 5303 3399 5366 dum
3420 5321 3535 5386 per
3553 5303 3932 5386 sapientiam
