4309 6259
849 463 969 527 512
1646 487 1995 534 mammo
2036 488 2097 533 m
2141 488 2281 534 car.
2324 487 2428 535 xiv
2468 488 2595 535 που.
2639 508 2721 521 —-
2760 492 2901 539 aar.
2949 493 3139 540 mrv

922 658 1212 717 Putasne
1253 667 1544 719 mortuus
1589 660 1771 719 lzomo
1811 669 2042 720 rursus
2091 663 2273 721 vivat
2304 664 2333 722 ?
2364 656 2414 719 A
2444 669 2668 738 morat,
2703 671 2773 724 ut
2813 671 3097 744 tempore
3134 680 3247 725 suo
3296 662 3480 726 nobis
3523 682 3597 726 ea
3637 662 3929 744 objiciat,

840 752 967 815 Hoc
1014 754 1224 816 anima
1265 754 1568 836 loquitur,
1615 755 1947 818 insinuans
1998 776 2065 819 se
2112 766 2332 841 optare
2442 757 2565 819 nisi
2585 760 2716 840 jam
2738 761 3179 842 poenitentiam
3196 780 3409 825 veram
3431 761 3935 841 egerimusflinc
3984 773 3991 781 ·

841 851 938 911 sui
971 852 1252 933 corporis
1286 854 1836 917 resuscitationem
1865 864 1928 917 et
1959 856 2334 937 resumptio·
2439 856 2529 917 ait
2568 857 2633 917 in
2680 858 2926 921 Psalmo
2962 877 2976 921 ε
3026 859 3412 921 Existimasti
3464 860 3703 941 inique,
3750 860 3931 941 quod
3963 878 4243 925 emmam.

841 967 1010 1026 nem,
1047 959 1114 1012 ut
1143 950 1331 1013 simul
1361 972 1505 1015 cum
1541 953 1651 1016 illo
1678 951 2099 1033 glorificetur.
2143 953 2331 1027 Quasi
2440 973 2549 1017 cro
2581 956 2671 1017 tui
2694 956 2963 1019 similis?
2984 958 3259 1037 Arguam
3290 966 3451 1035 te,et
3479 966 3747 1019 statuam
3776 976 3933 1019 con-

840 1047 1011 1111 dicat
1054 1067 1068 1110 :
1115 1050 1207 1111 Tu
1255 1052 1319 1129 (ο
1357 1052 1548 1131 Deus)
1596 1052 1786 1124 nosti,
1820 1053 1990 1133 quod
2040 1053 2330 1116 defuncti
2442 1061 2535 1115 tra
2580 1052 2809 1117 faciem
2849 1063 3045 1117 tuam.
3078 1055 3290 1133 Porro,
3325 1056 3783 1137 poenitentibus
3818 1056 3929 1138 pie

841 1156 1188 1227 resurgent.
1215 1148 1374 1229 Ergo
1413 1151 1491 1212 ad
1524 1149 1768 1213 beatam
1802 1152 2330 1214 resurrectionem
2440 1151 2746 1232 indulget.
2780 1155 3041 1236 Propter
3079 1156 3251 1237 quod
3288 1155 3563 1231 additur,
3593 1159 3702 1215 sed
3736 1176 3929 1215 cura-

839 1249 1129 1314 celeriter
1149 1260 1298 1335 opto
1320 1254 1698 1334 pertingere.
1715 1254 1873 1318 Hinc
1895 1254 2142 1317 subdit:
2168 1259 2331 1317 Cun-

838 1352 956 1409 ctis
975 1353 1196 1411 diebus
1215 1354 1444 1431 quibus
1473 1374 1651 1414 nunc
1683 1356 1912 1426 mallim,
1949 1353 2010 1416 id
2041 1363 2157 1431 est,
2184 1372 2329 1417 con-

838 1456 935 1509 tra
984 1466 1202 1529 poenas
1242 1449 1478 1531 quibus
1526 1449 1810 1533 affligor,
1855 1453 2325 1533 quodammodo

838 1564 1077 1627 pugn0‚
1111 1548 1415 1629 quoniam
1445 1550 1718 1612 naturali
1751 1551 2037 1632 appetitu
2078 1571 2184 1613 eas
2213 1552 2325 1614 ab-

835 1644 1063 1708 horreo
1109 1655 1302 1728 atque
1354 1646 1622 1728 refugio,
1677 1649 1971 1730 quamvis
2021 1651 2185 1713 ratio
2234 1651 2325 1712 di-

833 1749 960 1805 ctet
996 1746 1166 1825 quod
1206 1746 1283 1808 ad
1323 1746 1840 1809 satisfaciendum
1873 1748 2107 1811 divinae
2136 1750 2324 1830 justi-

2434 1253 2523 1310 δεῖ
2553 1253 2967 1331 iniquitatem
3000 1275 3227 1315 meam.
3251 1254 3439 1316 Varia
3469 1272 3743 1335 namque
3772 1262 3927 1315 sunt

2440 1350 2717 1412 remedia
2773 1360 2993 1413 contra
3049 1360 3329 1433 peccata,
3380 1360 3444 1414 et
3502 1352 3927 1415 medicamina

2437 1447 2669 1527 quibus
2701 1459 3024 1527 curantur,
3050 1449 3201 1531 quia
3228 1459 3293 1513 et
3323 1460 3710 1513 sacramenta
3740 1468 3925 1513 novae

2436 1545 2593 1626 legis
2630 1548 3007 1627 (secundum
3048 1549 3402 1629 Hugonem)
3430 1557 3577 1610 sunt
3606 1568 3753 1612 vasa
3788 1568 3925 1611 me-

2436 1643 2735 1707 dicinalia
2784 1646 3005 1725 gratiae
3052 1646 3439 1723 contentiva,
3490 1646 3921 1727 vitiorumque

2434 1743 2739 1805 curativa.
2765 1744 3047 1827 Insuper,
3074 1764 3187 1826 per
3215 1763 3407 1827 opera
3436 1744 3915 1821 satisfactioniS,

836 1840 936 1903 tiae
966 1842 1096 1903 sint
1121 1844 1436 1924 patienter
1459 1843 1736 1908 ferendae
1762 1873 1775 1924 ;
1807 1858 2090 1924 exspecto
2120 1851 2319 1909 donec
2349 1848 2396 1909 B
2436 1860 2546 1923 per
2574 1843 2838 1906 adversa
2868 1852 2931 1905 et
2959 1843 3273 1921 lacrimaS,
3299 1844 3399 1906 vel
3434 1844 3644 1927 potius
3670 1864 3782 1926 per
3812 1864 3917 1926 pa-

833 1942 1050 2001 vem’ac
1086 1944 1451 2005 immutatio
1481 1966 1642 2014 mea,
1680 1944 1743 2006 id
1775 1954 1870 2007 est
1913 1946 2243 2009 translatio
2282 1966 2317 2008 a

832 2038 1086 2101 miseria
1118 2039 1236 2101 ista
1259 2042 1496 2124 poenali
1524 2042 1604 2105 ad
1629 2042 1920 2122 gloriam,
1941 2046 2321 2109 resurrectio

830 2154 1086 2219 quoque-
1126 2137 1361 2216 futura,
1388 2160 1582 2221 quam
1613 2141 2022 2205 vehementer
2051 2141 2311 2222 affectO,

831 2234 898 2295 in
931 2244 1238 2317 quantum
1273 2238 1394 2301 erit
1428 2258 1544 2321 pro
1588 2238 1913 2303 felicitatis
1949 2250 2315 2321 augmentO.

848 2334 1101 2395 Vocabis
1142 2356 1239 2395 me
1286 2344 1568 2420 tempore
1613 2357 1650 2399 a
1697 2346 1760 2401 te
1807 2339 2231 2419 praeordinato
2282 2361 2321 2403 a

828 2433 1178 2511 purgatorii
1211 2451 1402 2514 poena
1431 2435 1509 2496 ad
1538 2436 1838 2498 'thronum
1871 2436 2219 2514 coelestem,
2255 2448 2319 2501 et

829 2530 893 2590 in
926 2529 1061 2594 fine
1090 2533 1304 2595 saeculi
1336 2552 1436 2595 me
1455 2534 1707 2615 corpori
1740 2535 1978 2597 reuniri
2006 2535 2263 2617 jubebis
2299 2562 2313 2613 ;

827 2638 886 2689 et
912 2649 1020 2707 eqo
1050 2634 1430 2708 respondebo
1473 2635 1616 2702 cibi,
1649 2640 1768 2695 tuae
1813 2633 2124 2697 voluntati
2170 2636 2319 2699 obe-

827 2726 1080 2791 diendo.
1130 2732 1322 2806 Operi
1365 2750 1682 2791 manuum
1727 2740 1991 2793 tuarum
2023 2738 2319 2811 porrisjes

825 2828 1157 2887 deoeteram
1188 2848 1210 2886 .·
1250 2827 1400 2908 quia
1452 2835 1555 2890 tua
1604 2828 2026 2912 omnipotenti
2077 2830 2317 2896 virtute

826 2923 960 2987 haec
993 2922 1194 3004 fient;
1229 2933 1290 2988 et
1321 2945 1490 2989 nunc
1522 2927 1587 2989 in
1622 2928 1988 3008 purgatorio
2027 2929 2189 2991 mihi
2216 2933 2317 3010 (ut

2433 1940 2718 2002 tientiam
2759 1940 2825 2002 in
2854 1942 3137 2005 adversis
3176 1950 3240 2005 et
3278 1941 3599 2003 internum
3628 1942 3911 2005 dolorem

2428 2039 2507 2101 de
2526 2039 2634 2103 Dei
2656 2040 2921 2116 offensa,
2939 2049 3242 2103 curantur
3263 2041 3612 2122 praesertim
3635 2050 3915 2122 peccata.

2510 2142 2697 2200 Mons
2744 2142 2975 2199 cadens
3021 2140 3280 2215 defluit,
3328 2148 3449 2202 etc.
3499 2143 3586 2201 Ec
3632 2142 3921 2200 homines

2429 2258 2576 2314 erqo
2603 2238 2909 2297 similiter
2936 2241 3156 2315 perde-s
3177 2240 3207 2299 ?
3237 2238 3417 2318 quasi
3449 2237 3615 2300 dicat
3650 2255 3663 2298 :
3696 2237 3921 2311 Quam-

2429 2335 2548 2411 νίς,
2601 2354 2639 2398 o
2685 2335 2869 2413 DeuS‚
2924 2335 3114 2398 homo
3160 2336 3509 2417 (quantum
3556 2337 3633 2397 ad
3682 2355 3913 2418 corpus

2427 2433 2867 2517 corruptibile)
2888 2434 3252 2496 inanimatis
3295 2433 3484 2498 rebus
3524 2435 3605 2496 sit
3646 2433 3901 2511 similis,

2427 2542 2739 2612 quantum
2776 2533 2856 2594 ad
2884 2532 3505 2614 corruptibilitatem,
3532 2551 3658 2596 non
3696 2541 3907 2596 tamen

2426 2629 2606 2693 decet
2634 2638 2705 2691 ut
2730 2649 2877 2693 eum
2907 2630 3114 2711 perire
3135 2630 3463 2712 permittas
3496 2649 3608 2713 per
3626 2630 3908 2711 culpam,

2425 2746 2617 2809 quem
2638 2729 2716 2790 ad
2738 2736 2911 2790 tuam
2935 2728 3275 2809 imaginem
3299 2729 3915 2809 similitudinemque

2424 2826 2673 2904 creasti,
2726 2826 2889 2889 sicut
2938 2827 3285 2889 inanimata
3330 2828 3746 2889 destruuntur
3792 2846 3909 2890 seu

2425 2934 2697 3008 pereunt
2753 2945 2866 3008 per
2924 2936 3237 2989 naturam.
3287 2926 3499 3003 Porro,
3555 2928 3903 2989 secundum

825 3025 1040 3103 spero)
1079 3042 1337 3085 manum
1382 3025 1666 3106 porriges
1711 3026 2111 3107 adjutricem,
2153 3029 2311 3091 citra
2340 3032 2385 3095 C
2422 3024 2815 3106 Gregorium,
2841 3026 3012 3087 Mons
3042 3026 3274 3088 cadens
3306 3024 3559 3103 defluit,
3592 3035 3651 3085 et
3672 3046 3913 3087 saxum

821 3121 1209 3201 condignum
1241 3123 1586 3204 puniendO,
1623 3132 1688 3187 et
1721 3144 1834 3207 per
1864 3125 2136 3189 aliorum
2180 3128 2313 3190 suf-

824 3218 1026 3300 fragia
1073 3223 1520 3299 succurrend0‚
1574 3232 1826 3305 tempus
1874 3234 1933 3286 et
1975 3226 2314 3289 vehemen-

824 3317 974 3380 tiam
1005 3320 1358 3402 punitionis
1396 3340 1552 3384 meae
1582 3322 2078 3387 misericorditer
2109 3326 2316 3389 mino-

823 3419 1042 3481 rando.

910 3519 1002 3578 Tu
1039 3521 1300 3597 quidem
1331 3540 1583 3595 ‚qressus
1621 3541 1784 3581 meos
1821 3522 2259 3583 dinumerasti
2289 3546 2311 3585 .·

820 3615 991 3695 quod
1018 3636 1188 3679 nunc
1217 3617 1797 3697 experimentaliter
1827 3620 1982 3697 scio,
2008 3620 2159 3682 dum
2192 3641 2305 3704 pro

818 3713 992 3775 omni
1039 3722 1181 3776 actu
1230 3714 1456 3777 illicito
1502 3716 1976 3796 quantumlibet
2025 3718 2298 3796 modicO,

818 3832 946 3875 non
979 3812 1401 3876 satisfactorie
1429 3815 1786 3891 emendate,
1831 3833 2087 3897 poenam
2128 3818 2311 3879 susti-

2430 3126 2824 3204 transfertur
2841 3128 2919 3185 de
2950 3128 3077 3185 loco
3105 3145 3245 3194 sun,
3275 3124 3430 3185 dum
3461 3123 3779 3187 hominem
3804 3122 3915 3203 ju-

2422 3230 2611 3297 stum,
2636 3222 2748 3303 qui
2788 3230 2884 3283 est
2912 3240 3024 3303 per
3053 3221 3431 3303 sapientiam
3460 3222 3649 3299 altuS‚
3684 3230 3749 3285 et
3774 3221 3913 3285 vir-

2425 3322 2664 3384 tutibus
2722 3321 2951 3384 firmus
3009 3340 3082 3385 ac
3140 3321 3403 3398 soliduS,
3460 3320 3785 3403 repentina
3844 3329 3913 3384 et

2423 3418 2769 3501 improvisa
2816 3420 3080 3483 tentatio
3132 3419 3377 3482 invadit
3420 3427 3483 3482 et
3519 3419 3795 3483 concutit
3838 3430 3907 3483 et

2422 3518 2786 3598 prosternit,
2842 3518 2927 3579 ita
2976 3526 3047 3579 ut
3089 3537 3217 3581 non
3266 3518 3391 3580 nisi
3440 3526 3583 3599 post
3631 3516 3903 3596 ruinam,

2422 3617 2832 3680 tentationem
2862 3636 3043 3679 suam
3064 3617 3435 3699 perpendat.
3449 3619 3727 3694 Lapides
3746 3636 3899 3681 vero

2418 3726 2735 3776 excavant
2764 3737 2970 3795 aquoe,
2994 3726 3054 3776 ec
3082 3718 3411 3776 alluvione
3422 3718 3751 3793 paulatim
3782 3725 3907 3775 ter-

2419 3834 2497 3874 ra
2521 3816 2948 3885 consumitur,
2984 3814 3135 3875 dum
3178 3814 3387 3894 Justus
3428 3812 3733 3895 paulatim
3770 3822 3911 3876 ten-

821 3930 941 3975 neo
967 3930 982 3991 3
1013 3916 1124 3973 sed
1143 3933 1340 3991 parc-e
1359 3914 1639 3991 peccatis
1660 3915 2107 3995 meis-,poenam
2138 3935 2309 3979 nunc
2419 3910 2656 3973 tatione
2705 3910 3014 3988 inficitur,
3052 3920 3115 3975 et
3155 3911 3401 3975 levibus
3440 3910 3717 3974 motibus
3756 3932 3907 3975 suc-

819 4010 1189 4090 mitigando.
1226 4011 1380 4073 Nam
1425 4020 1733 4093 quantum
1779 4014 1858 4075 ad
1908 4013 2186 4096 culpam,
2240 4015 2307 4077 in
2416 4010 2658 4073 cessive
2685 4010 3003 4092 dejicitur,
3030 4028 3158 4073 non
3191 4017 3317 4071 tam
3340 4009 3686 4087 nimietate,
3708 4030 3902 4091 quam

819 4107 947 4172 vita
979 4108 1100 4169 ista
1136 4107 1396 4171 dimissa
1427 4118 1577 4171 sunt
1615 4128 1833 4172 eorum
1869 4119 2146 4192 peccata,
2194 4114 2304 4194 qui
2415 4109 2784 4172 assiduitate
2838 4108 3228 4185 tentationiS,
3283 4128 3412 4189 qua
3457 4108 3902 4189 impugnatur.

818 4206 886 4267 in
918 4206 1282 4287 purgatorio
1314 4214 1680 4269 statuuntur
1707 4208 1857 4289 :qui
1890 4209 2082 4271 etiam
2123 4220 2309 4273 orant
2340 4220 2385 4281 D
2418 4207 2788 4290 Exemplum
2818 4208 3032 4289 primi,
3070 4206 3134 4269 in
3175 4206 3490 4270 adulterio
3522 4207 3714 4269 David
3752 4227 3903 4270 cum
3968 4239 4013 4282 n
4042 4242 4167 4299 περ.
4188 4260 4247 4295 ιι,

816 4322 932 4385 pro
971 4304 1179 4379 venia,
1225 4305 1574 4367 secundum
1613 4307 1782 4386 quod
1825 4308 2027 4370 oratio
2070 4316 2168 4371 cst
2209 4309 2312 4371 de·
2416 4306 2779 4369 Bethsabee.
2804 4306 3175 4387 Exemplum
3211 4305 3495 4381 secundi,
3534 4305 3597 4367 in
3630 4305 3905 4369 Salomo-
3932 4304 4105 4413 23⁴¹·st

815 4402 1035 4465 sidcrii
1093 4402 1356 4465 nuntius
1413 4412 1478 4466 et
1533 4404 1880 4489 interpreS,
1932 4425 2060 4469 non
2117 4417 2309 4488 prout
2417 4424 2517 4481 ne,
2548 4407 2755 4486 quoad
2786 4404 3316 4470 incontinentiam
3346 4405 3508 4485 ejus,
4106 4383 4245 4425 ‘⁹³¹'

3936 4430 4053 4473 1-3.

813 4509 910 4564 est
937 4500 1260 4564 meritoria
1299 4500 1829 4583 impetrativaquc
1871 4503 2302 4585 indulgentiae,
2492 4507 2831 4566 Roborasti
2860 4526 3009 4565 eum
3032 4507 3414 4581 paululum,
3455 4503 3639 4567 donis
3676 4501 3899 4584 gratiae

815 4618 1012 4681 quum
1035 4620 1102 4663 se
1123 4600 1294 4682 ipsos
1315 4599 1537 4680 juvare
1560 4619 1686 4663 non
1708 4611 1960 4683 queant.
1976 4603 2109 4666 Non
2133 4604 2306 4666 enim

813 4706 965 4760 sunt
994 4697 1061 4759 in
1094 4706 1258 4761 statu
1288 4699 1576 4762 merendi
1606 4707 1717 4761 aut
1744 4700 2132 4778 demerendi,
2160 4720 2309 4782 quo-

816 4795 988 4857 niam
1046 4804 1244 4858 status
1303 4796 1414 4859 ille
1463 4794 1690 4879 finitur
1750 4797 1816 4858 in
1864 4798 2138 4861 termino
2184 4800 2303 4863 viae

816 4894 1274 4977 praesentisque
1304 4896 1471 4972 vitae,
1511 4903 1663 4977 puta
1707 4895 1772 4957 in
1811 4904 2036 4959 morte.
2071 4900 2309 4975 Signa-

813 4997 901 5054 sci
939 4995 1130 5075 quasi
1166 4996 1240 5055 in
1281 4998 1530 5055 sacculo
1573 4997 1808 5056 delicta
1849 5017 2008 5057 mea.
2034 4996 2307 5059 Pensan-

815 5091 968 5154 dum
1005 5112 1079 5156 ac
1118 5091 1589 5155 formidandum
1621 5092 1743 5156 hoc
1775 5094 1960 5157 nobis
1991 5104 2106 5173 est,
2131 5097 2304 5177 quod

813 5190 1058 5254 scilicet
1084 5191 1248 5255 Deus
1279 5191 1492 5254 omnia
1522 5200 1736 5255 nostra
1759 5200 2017 5274 peccata
2047 5202 2173 5256 tam
2208 5193 2307 5255 di-

813 5288 1082 5371 ligenter
1125 5299 1479 5367 conservat,
1513 5290 1742 5373 signat,
1777 5300 1970 5374 atque
2019 5309 2300 5355 comme-

2416 4603 2482 4663 in
2514 4602 2831 4685 praesenti,
2866 4613 2937 4663 ut
2966 4604 3039 4664 in
3052 4612 3437 4681 perpetuum
3450 4604 3897 4679 pertransiret,

2416 4700 2480 4762 id
2522 4708 2615 4763 est
2655 4702 2733 4763 de
2764 4701 2893 4764 vita
2930 4701 3047 4764 hac
3088 4701 3171 4763 ad
3212 4709 3584 4782 perpetuam
3624 4700 3901 4764 coelestis

2415 4798 2690 4881 paradisi
2723 4800 3139 4875 mansionem,
3170 4808 3363 4880 atque
3389 4799 3471 4860 ad
3493 4799 3655 4861 dona
3682 4798 3901 4879 gloriae

2412 4896 2793 4960 aeternaliter
2836 4897 3217 4979 perveniret.
3250 4898 3449 4959 Parva
3486 4905 3699 4960 autem
3748 4908 3901 4961 sunt

2414 4995 2626 5058 omnia
2655 4994 2800 5058 vitae
2834 4995 3187 5077 praesentiS‚
3236 4995 3710 5078 comparatione
3751 4995 3903 5059 bea—

2412 5092 2704 5156 titudinis
2734 5094 3158 5175 sempiternae.
3190 5096 3344 5156 Sive
3371 5097 3613 5155 nobiles
3640 5097 3903 5173 fuerint

2408 5194 2544 5271 filii
2568 5193 2733 5270 ejus,
2748 5193 2882 5252 sive
2900 5193 3228 5268 iqnobiZeS,
3252 5212 3381 5252 non
3412 5193 3748 5270 intelliqet.
3770 5192 3901 5256 Hoc

2412 5291 2579 5357 valet
2619 5291 2698 5354 ad
2743 5290 3242 5372 increpationem
3274 5298 3337 5353 et
3376 5289 3898 5356 informationem
