4309 6259
973 500 1322 549 mantnano
1364 500 1426 547 IN
1468 501 1604 547 m.
1652 500 1717 546 IX
1751 500 1917 547 unm
1958 500 2183 556 Quum
2223 498 2447 547 REGUH.
2492 520 2573 531 -—
2612 500 2755 547 ΛΒΤ.
2801 500 2888 547 xn
3394 476 3471 541 43

360 694 524 735 eum
555 674 628 733 in
657 692 816 749 aqro
849 674 1098 735 Nabotle
1127 675 1512 735 Jezraelitoe.
1540 676 1875 751 Quumque
1902 672 1952 735 A
1985 669 2143 734 Hinc
2174 670 2449 747 elicitur,
2486 671 2655 753 quod
2685 679 2748 733 et
2778 668 2902 732 filil
2936 669 3181 732 Naboth
3212 667 3471 730 fuerunt

363 774 644 833 vidisset
660 775 885 833 Joram
912 775 1101 844 Jeku,
1122 776 1302 834 dixit
1322 796 1343 833 .·
1367 777 1515 836 Pax
1535 781 1646 843 est,
1668 772 1876 832 Jelm?

362 870 432 933 id
465 880 589 948 est,
625 880 860 933 suntne
908 870 1151 935 inimici
1197 872 1398 935 nostri
1429 869 1687 947 devicti,
1723 867 1874 951 quia

362 970 546 1032 redis
567 970 655 1031 'ab
681 969 1058 1033 obsidione?
1079 974 1167 1033 At
1189 974 1301 1032 ille
1321 971 1652 1048 respondit
1674 990 1696 1028 .·
1721 971 1872 1037 Quae

353 1072 560 1147 pax?
603 1089 677 1131 ac
731 1068 784 1129 si
829 1068 1021 1145 dicat,
1063 1070 1248 1133 Nulla
1295 1088 1452 1152 pace
1497 1088 1564 1131 es
1613 1068 1867 1149 dignus,

363 1186 492 1231 nec
527 1187 684 1250 pace
717 1168 1044 1250 temporiS,
1083 1176 1200 1233 ne‘c
1230 1188 1386 1252 pace
1416 1167 1717 1250 pectoriS,
1755 1186 1871 1229 nec

362 1286 534 1350 pace
553 1267 943 1331 {eternitatis
964 1272 1200 1329 Adhuc
1217 1270 1681 1346 fornicationes
1697 1270 1872 1328 Jeza-

361 1370 468 1427 bet
489 1369 724 1427 matris
747 1377 889 1436 tuce,
915 1366 979 1428 id
1012 1375 1108 1429 est
1141 1366 1514 1429 idololatriae
1540 1366 1702 1446 ejuS,
1727 1384 1870 1446 quae

362 1474 528 1527 sunt
557 1464 926 1547 spirituales
971 1463 1454 1541 fornicationeS,
1488 1472 1552 1527 et
1580 1463 1870 1526 maximae

361 1563 742 1627 aversiones
789 1563 1026 1627 mentis
1064 1584 1103 1626 a
1145 1566 1295 1642 Dec,
1329 1574 1390 1625 et
1435 1566 1767 1642 veneficia,
1803 1562 1867 1624 id

361 1670 466 1725 est
517 1660 846 1725 maleficia
893 1664 1032 1741 ejus
1081 1662 1462 1739 inficientis„
1517 1666 1724 1723 multa
1774 1662 1868 1720 vi-

351 1772 520 1839 qent
551 1784 574 1821 .·
605 1760 843 1842 quibus
874 1770 984 1823 aut
1012 1761 1359 1837 consentiS‚
1393 1768 1502 1823 aut
1533 1778 1662 1823 non
1691 1758 1869 1821 debi-

1985 790 2202 835 secum
2239 778 2347 835 aut
2383 770 2509 834 cito
2546 779 2688 853 post
2724 790 2869 833 eum
2902 769 3119 833 occisi.
3157 770 3351 831 Nunc
3376 786 3471 825 er-

1975 893 2059 951 qo
2109 877 2253 933 tolle
2280 882 2339 934 et
2362 873 2611 951 projice
2640 892 2787 932 eum
2818 872 2891 931 in
2922 890 3077 949 ayro
3095 870 3301 947 juoeta
3332 888 3471 927 ver-

1981 973 2134 1033 bum
2163 972 2452 1033 Domini.

2065 1072 2373 1133 Ochozias
2416 1076 2790 1131 autem‘reoe
2824 1072 3025 1140 Juda,
3064 1069 3288 1127 videns
3330 1068 3468 1135 hoc,

1980 1170 2161 1248 fuyit
2204 1187 2322 1246 per
2370 1171 2547 1229 viam
2594 1172 2822 1229 (lomus
2871 1169 3070 1236 horti,
3100 1164 3166 1227 id
3214 1172 3311 1227 est
3357 1182 3471 1246 per

1981 1267 2148 1331 viam
2198 1266 2539 1349 quamdam
2578 1266 2891 1330 occultam
2937 1266 3165 1328 domus
3213 1263 3465 1327 hortum

1979 1366 2277 1429 habentis
2308 1365 2651 1429 notabilem
2674 1390 2689 1441 3
2708 1374 3197 1443 persecutusque
3214 1371 3305 1423 est
3322 1382 3469 1421 eum

1977 1468 2169 1534 Jelzu,
2200 1473 2259 1525 et
2290 1466 2389 1525 ait
2409 1486 2431 1524 .·
2451 1466 2676 1526 Etiam
2706 1467 2880 1525 hunc
2899 1464 3217 1541 percutite
3237 1462 3309 1521 in
3330 1480 3471 1521 cur-

1979 1584 2063 1624 ru
2082 1584 2221 1635 suo,
2242 1581 2442 1645 quum
2475 1563 2557 1625 sit
2576 1563 2654 1625 de
2679 1561 2923 1625 semine
2941 1560 3157 1623 Achab
3187 1578 3263 1622 ex
3292 1566 3471 1640 parte

1977 1661 2227 1723 matris.
2260 1664 2347 1723 Et
2392 1670 2847 1739 percusserunt
2894 1680 3043 1720 eum
3086 1660 3159 1718 in.
3209 1676 3471 1718 ascensu

1988 1764 2218 1832 Gaver,
2256 1760 2317 1822 id
2369 1768 2465 1823 est
2505 1758 2631 1822 loci
2673 1758 2764 1822 sic
2796 1759 2974 1836 dicti,
3007 1760 3124 1839 qui
3161 1766 3251 1818 est
3261 1758 3471 1835 jumta

363 1868 430 1923 to
477 1860 672 1924 modo
711 1860 979 1937 resistiS,
1017 1860 1159 1922 ideo
1198 1879 1321 1942 pax
1361 1878 1512 1922 vera
1552 1877 1692 1921 esse
1739 1876 1864 1920 non
1908 1861 1955 1922 B
1979 1861 2285 1922 Jeblaam.
2338 1861 2466 1928 Qui
2507 1860 2685 1938 fuyit
2728 1860 2799 1919 in
2832 1860 3173 1934 Mayeddo,
3200 1865 3259 1916 et
3304 1875 3473 1917 mor-

363 1966 586 2041 potest
619 1958 742 2021 sub
777 1958 890 2021 tali
923 1957 1258 2041 regimine.
1297 1960 1620 2019 Convertit
1655 1966 1870 2018 autem

360 2062 598 2119 Joram
651 2078 923 2119 manum
970 2077 1158 2119 suam
1192 2079 1215 2118 .·
1267 2075 1460 2137 quam
1511 2054 1726 2120 forsan
1774 2074 1873 2118 ex-

363 2156 586 2219 tendit
628 2156 706 2218 ad
737 2156 897 2219 Jehu
941 2156 1020 2218 ad
1066 2154 1565 2236 contingendum
1613 2174 1872 2217 manum

363 2254 605 2337 ipsiuS,
640 2255 741 2317 vel
775 2254 1028 2334 signum
1071 2253 1450 2317 insidiarum
1481 2253 1873 2317 ostendendo

363 2353 509 2416 suis
543 2372 692 2417 cum
721 2372 952 2415 manus
983 2352 1380 2429 elevatione'3
1413 2362 1474 2414 et
1499 2354 1762 2431 suffiens
1779 2355 1876 2413 ait

365 2456 462 2513 ad
501 2454 848 2514 Ochoziam
881 2474 904 2512 .·
935 2454 1235 2522 Insidioe,
1267 2454 1564 2514 Ockozia.

467 2554 686 2613 Porro
733 2553 902 2613 Jehu
955 2554 1224 2612 tetendit
1273 2571 1502 2611 arcum
1547 2572 1766 2621 suum,
1816 2560 1875 2611 et

355 2652 692 2728 percussit
725 2648 957 2732 sagitta
986 2652 1210 2711 Joram
1229 2652 1402 2711 inter
1418 2653 1737 2727 scapulas,
1763 2648 1876 2711 sci-

361 2748 528 2811 licet
568 2767 608 2810 a
656 2757 837 2830 parte
883 2747 1080 2825 dorsi,
1115 2747 1268 2829 quia
1311 2756 1446 2810 erat
1499 2746 1565 2809 in
1608 2745 1779 2826 fuga,
1815 2758 1875 2808 et

363 2866 628 2925 egressa
671 2856 763 2908 est
791 2850 1032 2925 saqitta
1056 2867 1176 2925 per
1204 2866 1312 2906 cor
1338 2848 1479 2924 ejus
1509 2867 1533 2906 .·
1565 2846 1874 2909 sumendo

363 2964 484 3009 cor
538 2964 656 3028 pro
705 2946 994 3009 membro
1043 2946 1374 3027 corporali,
1411 2945 1582 3027 quod
1631 2944 1698 3008 in
1748 2944 1876 3007 ani-

1985 1969 2134 2019 tuus
2182 1967 2272 2018 est
2322 1960 2435 2019 ibi.
2469 1957 2679 2019 Primo
2726 1965 2937 2020 autem
2990 1955 3129 2037 ipse
3168 1952 3471 2017 Ochozias

1985 2055 2111 2119 fuit
2155 2056 2223 2117 in
2252 2056 2511 2133 Jezrael,
2548 2063 2611 2118 et
2648 2064 2937 2118 metuens
2982 2053 3072 2116 ibi
3119 2051 3397 2117 inveniri
3434 2070 3473 2115 a
3499 2072 3763 2121 neuram..

1982 2157 2014 2217 J
2025 2156 2177 2233 ehu,
2210 2153 2377 2234 fugit
2410 2154 2473 2217 in
2509 2154 2886 2228 Samariam;
2922 2170 2995 2215 ac
3025 2152 3115 2215 ibi
3148 2152 3467 2226 inventus,
3500 2138 3541 2179 ⁹·

1984 2256 2217 2318 ductus
2248 2263 2343 2316 est
2374 2254 2450 2317 ad
2472 2253 2631 2316 Jehu
2664 2252 2729 2315 in
2762 2271 3028 2315 ascensu
3048 2251 3270 2327 (laver,
3297 2258 3359 2313 et
3388 2248 3476 2313 le-

1995 2353 2209 2416 taliter
2240 2352 2611 2415 vulneratus
2647 2360 2743 2415 est
2781 2350 2865 2414 ibi
2893 2375 2909 2427 3
2943 2370 3015 2413 ac
3052 2350 3201 2413 inde
3228 2348 3482 2411 devenit

1997 2452 2064 2514 in
2093 2452 2395 2533 Mageddo
2429 2450 2675 2527 urbem,
2711 2448 2931 2531 ibique
2980 2448 3161 2525 obiit,
3196 2454 3386 2531 prout
3416 2446 3480 2509 in

1987 2550 2389 2632 expositione
2450 2548 2597 2612 libri
2648 2548 2911 2611 secundi
2959 2548 3481 2630 Paralipomenon

1984 2649 2236 2711 dictum
2288 2656 2383 2711 est
2428 2648 2704 2731 plenius.
2739 2649 2825 2709 Et
2864 2649 3311 2725 imposuerunt
3337 2666 3483 2705 eum

1983 2750 2157 2809 servi
2176 2749 2317 2825 ejus
2335 2768 2534 2826 super
2564 2768 2837 2807 currum
2862 2766 3082 2815 suum,
3101 2756 3161 2806 et
3194 2750 3483 2806 tulerunt

1987 2850 2060 2909 in
2111 2850 2497 2915 Jerusalem,
2534 2846 3044 2925 sepelieruntque
3084 2864 3231 2903 eum
3274 2845 3347 2903 in
3392 2864 3483 2903 se-

1975 2950 2211 3024 pulcro
2242 2965 2389 3005 cum
2401 2946 2729 3023 patribus,
2750 2945 2823 3005 in
2845 2946 3107 3005 civitate
3127 2945 3365 3004 David.
3390 2944 3477 3004 Et

361 3043 652 3107 malibus
696 3052 795 3107 est
844 3043 1122 3126 primum
1169 3044 1416 3121 vivenS‚
1468 3052 1531 3107 et
1573 3044 1870 3107 ultimum
1907 3044 1951 3109 C
1985 3048 2056 3106 in
2087 3065 2262 3106 anno
2291 3046 2630 3105 undecimo
2650 3047 2873 3106 Joram
2902 3045 3037 3121 filii
3055 3044 3278 3104 Achab
3307 3043 3474 3119 reqis

360 3142 658 3207 moriens
685 3166 700 3217 3
733 3144 1080 3223 statimque
1109 3145 1356 3203 corruit
1387 3145 1460 3203 in
1502 3164 1704 3203 curru
1733 3162 1867 3205 suc.

361 3245 694 3321 Diritque
741 3244 906 3304 Jelzu
950 3244 1042 3302 ad
1079 3245 1376 3303 Badaeer
1423 3245 1650 3302 ducem
1681 3263 1702 3301 .·
1741 3245 1797 3304 T
1787 3245 1873 3302 ol-

365 3347 448 3412 le,
467 3342 730 3419 projiee
756 3361 904 3400 eum
927 3342 1000 3401 in
1029 3360 1188 3417 ayro
1213 3342 1466 3403 Nabotk
1484 3342 1866 3402 Jezraelitoe.

365 3442 660 3503 *Memini
687 3442 866 3500 enim
891 3442 1152 3519 quando
1182 3460 1291 3517 eqo
1316 3451 1377 3501 et
1409 3450 1476 3499 tu
1497 3443 1778 3500 sedentes
1799 3442 1870 3502 in

361 3560 600 3609 curru,
633 3541 1058 3617 sequebamur
1087 3536 1310 3600 Achab
1344 3549 1605 3617 patrem
1646 3540 1868 3616 hujus,

363 3641 546 3717 quod
589 3639 913 3699 Dominus
961 3640 1270 3698 levaverit
1320 3658 1481 3697 onus
1523 3640 1639 3697 hoc
1679 3658 1873 3716 super

362 3758 546 3806 eum,
580 3735 648 3798 id
679 3744 799 3812 cst,
831 3754 948 3817 per
976 3735 1177 3797 Eliam
1213 3735 1504 3817 praedixit
1547 3736 1711 3799 hanc
1740 3754 1873 3818 poe-

365 3855 522 3897 nam
556 3832 984 3914 infligendam
1017 3834 1140 3917 ipsi
1173 3834 1410 3911 Achab,
1447 3835 1566 3897 hoc
1587 3842 1683 3897 est
1713 3834 1771 3895 ei
1805 3834 1870 3896 in

365 3934 518 3997 filio
549 3952 692 4009 suc,
719 3933 871 4013 quia
904 3931 1083 3995 filius
1113 3942 1210 3996 est
1238 3932 1483 4016 aliquid
1515 3932 1614 3995 sui
1646 3933 1867 4015 patris„

363 4034 816 4115 Congruenter
844 4040 1056 4095 autem
1109 4042 1320 4095 servat
1347 4032 1504 4095 Jehu
1549 4032 1874 4113 metapho-

369 4152 536 4207 ram,
561 4130 862 4207 dicend0,
887 4130 1150 4195 Levavit
1179 4149 1341 4194 onus
1363 4132 1482 4195 hoc
1519 4149 1533 4193 :
1567 4131 1872 4212 quoniam

1983 3148 2213 3215 Israel,
2266 3146 2565 3221 regnavit
2617 3145 2923 3205 ochozias
2969 3162 3161 3219 super
3204 3144 3468 3203 Judam.

1982 3243 2306 3318 Quomodo
2337 3261 2558 3306 verum
2599 3242 2682 3304 sit
2712 3241 3121 3322 istud‚quum
3162 3238 3467 3321 scriptum

1983 3343 2065 3404 sit
2111 3341 2495 3424 praecedenti
2543 3339 2845 3423 capitulo,
2870 3339 3053 3402 Anno
3093 3337 3469 3401 duodecimo
3512 3362 3560 3405 nv
3577 3363 3763 3417 necata,

1980 3442 2186 3505 Joram
2224 3439 2346 3502 filii
2379 3439 2616 3517 Achab,
2653 3439 2944 3519 regnavit
2982 3438 3326 3502 ochozias?
3355 3437 3470 3500 Re·
3499 3428 3565 3467 ²⁵·

1982 3542 2352 3623 spondetur,
2378 3540 2547 3621 quod
2580 3539 2719 3621 ipso
2738 3539 2945 3602 Joram
2984 3556 3131 3619 rege
3156 3538 3316 3600 Juda
3335 3556 3471 3620 gra·
3514 3559 3764 3611 neaman,

1983 3640 2244 3705 vissime
2303 3647 2668 3721 aegrotante‚
2723 3646 2912 3721 prout
2962 3637 3241 3701 secundo
3290 3636 3471 3700 Para·
3502 3626 3565 3673 ¹⁵·
3592 3625 3656 3673 ¹⁸⁹
3678 3625 3742 3665 ¹⁹·

1981 3738 2354 3821 lipomenon
2415 3738 2706 3814 habetur,
2761 3735 2955 3817 coepit
3001 3735 3301 3799 Ochozias
3351 3735 3471 3798 istc

1983 3837 2161 3900 filius
2192 3838 2331 3918 ejus
2363 3854 2576 3899 secum
2622 3854 2885 3917 regnare
2926 3854 2940 3897 :
2979 3834 3148 3916 quod
3192 3832 3316 3895 fuit
3357 3853 3472 3895 un-

1982 3936 2231 4001 decimo
2274 3952 2442 3999 anno
2488 3934 2666 4015 regni
2712 3934 2919 3996 Joram
2956 3932 3080 3995 filii
3122 3931 3359 3997 Achab.
3394 3933 3471 3994 Et

1984 4038 2072 4099 ita
2094 4035 2375 4117 loquitur
2397 4034 2564 4095 istud
2589 4032 2961 4115 capitulum.
2986 4031 3349 4095 Praecedens
3372 4052 3472 4095 vc-

1988 4156 2056 4200 ro
2087 4133 2437 4216 capitulum
2463 4131 2747 4213 loquitur
2768 4131 2847 4193 de
2869 4138 3172 4213 tempore,
3199 4149 3326 4211 quo
3347 4151 3472 4195 coe-

369 4230 543 4292 sicut
577 4247 840 4311 poenam
874 4230 958 4293 ob
993 4231 1133 4311 ejus
1168 4230 1546 4310 gravitatem
1590 4230 1875 4293 nominat
1905 4242 1955 4302 D
1985 4237 2083 4319 pit
2114 4251 2401 4313 regnare,
2424 4240 2602 4315 patre
2633 4249 2749 4293 suo
2780 4229 3313 4311 defunctozequod
3349 4230 3473 4294 fuit

369 4346 566 4404 onuS,
604 4328 699 4390 sic
743 4344 950 4409 poenae
1003 4325 1431 4391 inflictionem
1479 4336 1662 4391 vocat
1712 4328 1876 4391 leva-

109 4442 342 4501 manem,
371 4428 646 4491 tionem.
673 4430 907 4488 Dicens
929 4429 1053 4489 :Si
1084 4448 1216 4487 non
1241 4449 1362 4505 pro
1391 4430 1708 4505 sanquine
1742 4432 1876 4490 Na-

109 4512 162 4554 ¹‘·'‘
181 4514 242 4556 ²³·
373 4529 546 4597 both,
577 4536 638 4586 et
663 4545 786 4603 pro
815 4527 1136 4602 sanquine
1161 4528 1456 4603 filiorum
1485 4529 1650 4604 ejus,
1688 4548 1876 4606 quem

375 4626 526 4685 vidi
563 4625 740 4693 heri,
787 4624 884 4685 ait
931 4626 1273 4697 Dominus,
1321 4628 1591 4686 reddam
1641 4628 1760 4687 tibi
1801 4628 1874 4687 in

375 4742 534 4799 αρν-ο
569 4726 721 4791 isto,
747 4724 914 4783 dicit
943 4725 1287 4793 Dominus,
1321 4722 1384 4784 id
1414 4732 1530 4799 est,
1555 4723 1777 4805 utique
1809 4724 1873 4787 in

375 4820 688 4885 ultionem
739 4818 1086 4885 effusionis
1133 4822 1463 4902 sanguinis
1513 4821 1715 4905 ipsius
1763 4823 1876 4885 Na-

377 4920 533 4984 both
576 4919 996 5001 filiorumque
1025 4920 1167 5001 ejus
1209 4921 1564 4983 occisorum
1610 4922 1688 4985 de
1717 4940 1876 5004 prae-

379 5028 566 5102 cepto
616 5018 889 5095 lezabel,
925 5027 989 5083 et
1036 5037 1354 5083 consensu
1403 5020 1604 5101 ipsius
1637 5020 1871 5099 Achab,

376 5118 642 5202 puniam
699 5126 760 5180 te
807 5116 874 5179 in
919 5136 1072 5199 agro
1119 5118 1323 5199 ipsius
1371 5118 1639 5196 Naboth‚
1682 5140 1872 5201 quem

377 5218 510 5281 vidi
543 5215 708 5292 heri,
736 5215 802 5277 id
833 5224 950 5291 est,
978 5214 1327 5298 approbavi
1360 5217 1679 5299 praeterito
1719 5227 1874 5281 tem-

377 5335 532 5399 pore
561 5314 828 5397 quando
869 5312 1040 5388 vixit,
1075 5314 1229 5396 quia
1259 5315 1645 5397 complacuit
1685 5316 1866 5380 mihi.

1987 4332 2365 4399 duodecimo
2405 4349 2573 4393 anno
2616 4328 2795 4409 regni
2837 4327 3040 4391 Joram
3086 4328 3208 4391 filii
3230 4328 3467 4393 Achab.

2084 4433 2241 4493 Veni
2246 4440 2391 4509 tque
2433 4431 2598 4490 Jelzu
2638 4430 2711 4488 in
2739 4430 3012 4489 Jezrael.
3048 4430 3253 4489 Porro
3291 4431 3473 4490 Jeza-

1986 4536 2082 4593 bel
2131 4530 2409 4591 introitu
2459 4530 2619 4605 ejus,
2664 4526 2907 4589 scilicet
2950 4526 3151 4607 ipsius
3200 4527 3358 4589 Jehu
3404 4526 3468 4590 in

1983 4628 2244 4704 Jezrael‚
2296 4628 2550 4696 auditO,
2580 4627 2883 4703 depinoeit
2925 4629 3331 4687 oeulos·suos'
3360 4630 3474 4688 sti-

1983 4730 2110 4797 bio,
2144 4726 2209 4788 id
2243 4734 2339 4789 est
2380 4723 2490 4787 tali
2532 4733 2857 4804 unguento
2899 4743 3011 4787 seu
3040 4744 3316 4801 cerussa,
3348 4745 3475 4807 qua

1982 4825 2348 4888 meretrices
2389 4842 2507 4905 pro
2536 4821 2867 4886 oculorum
2910 4830 3178 4885 utuntur
3220 4833 3467 4900 ornatu,

1981 4934 2044 4985 et
2059 4925 2321 4985 ornavit
2338 4933 2535 5000 caput
2551 4942 2766 4994 suum,
2791 4921 2854 4984 id
2878 4930 2993 4998 est,
3019 4922 3263 4983 vultum
3288 4942 3469 4985 suum

1982 5021 2259 5103 compsit
2303 5040 2375 5083 ac
2414 5019 2758 5095 decoravit,
2794 5038 2867 5082 ac
2896 5027 3088 5101 caput
3118 5019 3251 5081 suis
3291 5037 3475 5084 orna-

1982 5121 2217 5185 mentis
2276 5119 2553 5184 fulcivit.
2586 5120 2740 5182 Nam
2790 5128 2853 5181 et
2902 5118 3095 5181 stibio
3146 5117 3342 5181 facies
3392 5118 3473 5182 fit

1981 5220 2201 5283 rubea.
2234 5220 2414 5283 Unde
2444 5228 2507 5282 ct
2539 5218 2603 5280 in
2633 5217 2901 5281 Jeremia
2936 5216 3206 5279 habetur
3230 5216 3466 5291 :Quum
3508 5238 3605 5283 aer.
3626 5240 3763 5289 nmo.

1981 5318 2277 5384 vestieris
2306 5326 2371 5382 te
2413 5316 2697 5396 coccin0,
2733 5324 2796 5381 et
2834 5323 3057 5381 ornata
3095 5314 3295 5379 fueris
3340 5336 3472 5382 mo-
