4309 6259
1216 506 1563 554 mantnano
1608 507 1669 552 IN
1712 506 1847 552 cal).
1894 506 2045 552 xxvl
2084 508 2210 553 JOB.
2255 526 2334 537 -·
2375 508 2518 553 ART.
2567 508 2644 552 LII

3351 490 3470 554 605

358 676 1011 760 proportionabiliter
1043 684 1273 739 terram
1304 672 1695 737 infundunt:
1728 693 1871 756 quae
1900 674 1953 737 A
1982 696 2062 739 ne
2107 676 2175 739 in
2224 684 2400 739 tanta
2449 675 2849 759 plenitudine
2891 696 2963 739 ac
3006 675 3398 738 sublimitate
3435 695 3473 738 a

358 778 616 858 pariter
654 783 1084 859 erumpenteS,
1126 783 1361 837 terram
1404 774 1868 850 subverterent,

356 883 423 939 et
473 876 611 939 vim
652 875 951 939 tollerent
980 872 1494 955 germinativam.
1530 870 1872 945 Qualitates

358 974 621 1056 quippe
669 973 1089 1036 elementares
1138 972 1216 1033 ad
1262 970 1507 1054 species
1556 978 1876 1051 generato-

358 1092 521 1135 rum
578 1092 693 1135 seu
754 1071 993 1135 formas
1050 1068 1515 1149 generabilium
1569 1086 1698 1131 non
1746 1086 1875 1154 mo·

362 1180 621 1248 verent,
678 1170 805 1232 nisi
854 1170 1123 1234 virtutes
1174 1168 1463 1239 coelestes
1511 1167 1869 1229 induerent.

359 1269 669 1331 Calidum
700 1286 979 1349 namque
1011 1267 1177 1347 ignis
1214 1273 1640 1341 consumeret,
1673 1272 1736 1327 et
1766 1262 1876 1325 fri-

358 1367 597 1447 gidum
658 1365 1041 1429 inferiorum
1102 1365 1565 1427 elementorum
1630 1371 1875 1425 motum

362 1465 785 1529 abscinderet
820 1472 885 1527 et
922 1463 1365 1527 mortificaret.
1399 1462 1741 1523 Humidum
1771 1480 1875 1523 ve-

362 1584 441 1627 ro
474 1561 788 1627 diffluere
831 1562 1089 1638 faceret,
1124 1569 1186 1625 et
1224 1560 1465 1623 siccum
1505 1577 1633 1621 non
1675 1558 1876 1621 conti-

366 1670 685 1725 nuaretur
734 1663 812 1724 ad
860 1660 1283 1743 quantitatem
1331 1667 1523 1740 atque
1574 1657 1869 1737 figuram.

366 1761 556 1823 Unde
587 1778 717 1822 non
750 1778 864 1841 per
894 1778 985 1835 se,
1021 1759 1131 1821 sed
1162 1756 1507 1821 virtutibus
1539 1754 1707 1832 coeli,
1748 1774 1877 1818 mo-

368 1868 533 1922 vent
596 1859 680 1920 ad
744 1857 991 1939 species
1051 1864 1499 1939 generatorum

368 1957 683 2032 declarat,
724 1955 1122 2036 subjungens
1158 1973 1172 2017 :

463 2058 595 2124 Qui
626 2064 791 2115 tenet
824 2059 1081 2115 vultum
1109 2054 1259 2113 solii
1296 2053 1424 2113 sui.
1460 2051 1703 2114 Solium
1742 2051 1872 2128 Dei,

370 2151 621 2217 coelum
652 2160 771 2228 est,
808 2152 873 2213 in
912 2169 1041 2232 quo
1080 2149 1255 2215 velut
1295 2149 1361 2211 in
1408 2149 1637 2212 throno
1678 2147 1873 2222 sedet,

220 2276 274 2310 vr.
326 2296 338 2305 -
370 2252 560 2332 juxta
593 2249 753 2312 illud
784 2249 957 2312 Isaiae
994 2266 1008 2309 :
1041 2248 1287 2311 Coelum
1318 2246 1474 2309 mihi
1509 2247 1711 2309 sedes,
1738 2243 1880 2308 Vul-

94 3739 350 3788 Pamisus.

128 3840 249 3884 Pau

98 3906 157 3943 ¹5.

102 4823 357 4874 Ecolisna.

373 2358 487 2411 tus
514 2357 730 2411 autem
761 2347 906 2410 solii
938 2347 1152 2429 hujuS,
1186 2354 1283 2409 est
1314 2344 1692 2428 superficies
1732 2341 1879 2407 coeli

372 2449 459 2510 ad
494 2446 769 2510 inferius
799 2464 998 2510 versa.
1016 2446 1254 2527 Estque
1276 2443 1656 2526 superficies
1678 2441 1882 2505 stella-

373 2555 467 2609 ta.
496 2546 609 2609 Per
638 2546 942 2609 virtutem
976 2564 1254 2626 namque
1286 2543 1627 2618 stellarum,
1659 2541 1881 2603 influit

374 2644 717 2709 elementis
748 2662 1003 2706 omnem
1035 2650 1414 2725 potestatem
1447 2640 1880 2722 generationis

373 2752 441 2807 et
473 2742 928 2825 corruptionis.
961 2741 1265 2821 Hancque
1292 2739 1727 2821 superficiem,
1754 2739 1883 2801 vul-

376 2852 518 2904 tum
550 2860 662 2904 seu
694 2840 923 2903 faciem
959 2839 1103 2902 solii
1134 2838 1251 2915 sui,
1266 2840 1428 2901 Deus
1459 2844 1645 2913 tenet,
1670 2856 1883 2918 quam-

375 2942 491 3003 diu
520 2940 788 3003 virtutes
817 2938 1217 3019 generativas
1246 2934 1759 3019 corruptivasque
1788 2935 1883 2996 in-

1980 775 2500 857 praedicatoribus
2549 774 2782 839 sanctis
2827 773 3106 858 praefatis
3156 773 3470 857 sapientia

1980 883 2440 957 proponeretur
2489 874 2883 939 audientium
2933 873 3258 950 cordibus,
3305 873 3472 937 sicut

1983 974 2110 1035 illis
2157 973 2277 1035 fuit
2317 973 2552 1050 infusa,
2587 973 2738 1055 quia
2777 972 3192 1056 capacitatem
3231 971 3474 1035 audito-

1982 1092 2123 1134 rum
2150 1072 2632 1135 transcenderet.
2647 1072 2952 1133 Paulatim
2973 1089 3123 1137 vero
3144 1069 3208 1134 ef
3212 1070 3239 1132 f
3241 1070 3474 1133 unden-

1982 1170 2062 1231 da
2108 1169 2765 1250 communicandaque
2805 1167 2835 1229 f
2839 1169 2950 1245 uit,
2993 1170 3171 1251 juxta
3210 1168 3474 1231 audien-

1983 1268 2143 1329 tium
2183 1268 2618 1350 capacitatem,
2656 1266 3013 1350 profectum
3053 1276 3116 1329 et
3155 1265 3466 1343 ordinem,

1982 1367 2518 1448 quemadmodum
2545 1365 2634 1428 ait
2652 1365 2996 1430 Corinthiis
3024 1365 3254 1428 Paulus
3287 1381 3302 1427 ι
3335 1364 3470 1427 Non
3503 1376 3766 1429 leor.211‚1.

1987 1464 2165 1546 potui
2205 1463 2385 1527 vobis
2426 1464 2601 1547 loqui
2640 1464 2825 1546 quasi
2866 1462 3327 1545 spiritualibus,
3361 1463 3471 1525 sed

1986 1564 2169 1645 quasi
2220 1564 2608 1627 carnalibus,
2655 1562 2772 1637 Qui
2820 1563 3030 1626 denuo
3077 1561 3467 1644 profitetur:

1987 1661 2376 1743 Sapientiam
2408 1662 2731 1743 loquimur
2770 1660 2934 1723 inter
2974 1659 3311 1744 perfectos.
3347 1660 3474 1727 Qui
3525 1675 3755 1733 matum.

1990 1771 2153 1821 tenet
2184 1765 2436 1821 vultum
2465 1762 2615 1820 soli-i
2641 1762 2767 1820 sai.
2803 1759 2916 1821 Per
2950 1758 3220 1835 vultum,
3262 1755 3480 1835 cogni-

1563 1871 1578 1915 :
1637 1862 1701 1917 et
1756 1855 1875 1918 hoc
1912 1860 1959 1922 B
1992 1859 2075 1921 tio
2106 1859 2495 1938 designatur.
2527 1857 2788 1919 Vultum
2822 1858 3036 1938 itaque
3067 1856 3212 1921 solii
3255 1855 3375 1931 sui,
3413 1854 3476 1917 id

1986 1965 2081 2019 est
2107 1955 2710 2039 contemplationem
2741 1955 3016 2018 coelestis
3049 1954 3291 2036 patriae,
3310 1953 3478 2016 Deus

1986 2062 2179 2131 tenet,
2214 2054 2276 2115 id
2308 2062 2424 2130 est,
2457 2052 2808 2115 viatoribus
2837 2071 2965 2116 non
2997 2051 3338 2134 impendit,
3365 2050 3476 2113 sed

1986 2152 2227 2215 detinet
2262 2170 2277 2214 ε
2311 2170 2425 2215 nec
2467 2151 2675 2233 qualis
2718 2159 2782 2214 et
2818 2159 3056 2234 quanta
3097 2151 3181 2212 sit
3209 2149 3371 2214 visio
3401 2148 3480 2210 il-

1987 2252 2047 2313 la
2092 2251 2296 2328 beata,
2340 2251 2508 2313 clare
2549 2250 2615 2311 in
2653 2250 2772 2313 hac
2810 2250 2912 2313 via
2956 2249 3120 2313 scire
3168 2249 3474 2325 valemuS‚

1986 2350 2238 2412 dicente
2285 2349 2608 2431 Apost010‚
2639 2349 2754 2411 Per
2803 2347 3000 2411 fidem
3049 2347 3770 2423 ambulamuS,1100,-‚v,·1,
3873 2344 3881 2351 ’

1988 2468 2115 2511 non
2149 2467 2261 2531 per
2291 2447 2592 2529 speciem.
2628 2447 2771 2509 ldeo
2815 2446 3070 2509 additur
3105 2464 3118 2507 :
3151 2456 3212 2507 et
3240 2466 3482 2522 carpan-

1986 2550 2087 2608 dit
2115 2566 2308 2625 super
2331 2549 2503 2606 illud
2532 2548 2834 2606 nebulam
2862 2566 3072 2614 suam,
3089 2544 3152 2606 id
3174 2552 3292 2619 est,
3313 2543 3481 2605 inter

1988 2646 2246 2709 coeleste
2292 2662 2560 2725 regnum
2609 2651 2672 2705 et
2719 2662 2834 2706 nos
2881 2642 3093 2726 posuit
3135 2641 3480 2705 obscurita—

1989 2751 2137 2821 tem,
2159 2744 2456 2807 videlicet
2485 2741 2904 2824 corruptibile
2932 2760 3160 2823 corpus
3191 2750 3478 2804 nostrum

1989 2852 2053 2906 et
2081 2843 2310 2905 animae
2337 2840 2910 2917 defectuositatem,
2929 2839 3482 2923 peregrinationis-

1989 2960 2115 3023 que
2158 2949 2412 3003 statum.
2446 2941 2710 3022 Propter
2753 2940 2924 3022 quod
2970 2938 3261 3003 videmus
3309 2938 3492 3000 nunc'
3533 2961 3775 3011 mamm,

378 3038 557 3115 fluit,
600 3038 724 3101 boc
771 3046 889 3113 est,
934 3036 1239 3117 quamdiu
1290 3042 1415 3096 stat
1464 3035 1763 3096 mundus,
1797 3036 1883 3095 Et
1916 3040 1961 3104 C
1990 3058 2105 3122 per
2153 3040 2482 3121 speculum
2533 3038 2602 3100 in
2645 3038 3002 3120 aenigmate,
3035 3038 3224 3119 quale
3263 3037 3346 3099 sit
3387 3055 3482 3099 re·
3513 3027 3576 3069 ¹²·

373 3138 709 3215 expandit
756 3155 951 3212 super
998 3136 1173 3193 illud
1218 3136 1521 3193 nebulam
1564 3153 1777 3203 suam,
1819 3131 1881 3193 id

378 3243 500 3313 est,
537 3234 838 3297 nebulam
880 3252 997 3295 sua
1034 3230 1275 3295 virtute
1308 3238 1669 3312 generatam
1703 3230 1886 3311 ponit

378 3334 553 3397 inter
595 3333 833 3395 coelum
875 3339 938 3394 et
982 3330 1191 3394 visum
1238 3337 1549 3405 nostrum,
1585 3328 1672 3391 ita
1713 3329 1883 3409 quod

380 3433 729 3497 secundum
761 3430 1199 3513 apparentiam
1229 3429 1457 3492 coelum
1486 3427 1719 3490 nebula
1747 3446 1888 3509 ope—

384 3532 576 3607 ritur,
608 3539 670 3593 et
712 3529 824 3591 illa
861 3547 1052 3610 super
1094 3528 1253 3589 illud
1287 3546 1402 3589 seu
1430 3544 1623 3607 super
1653 3524 1885 3589 faciem

384 3630 527 3711 ejus
567 3645 941 3691 conversam
980 3626 1058 3689 ad
1100 3642 1215 3687 nos
1255 3624 1438 3705 quasi
1480 3624 1882 3706 expanditur,

382 3729 569 3810 juxta
607 3726 769 3788 illud
810 3725 878 3785 in
915 3724 1163 3785 Psalmo
1197 3744 1210 3787 :
1245 3721 1363 3797 Qui
1404 3722 1611 3805 operit
1653 3721 1888 3783 coelum

252 3855 349 3891 uu.
386 3825 697 3889 nubibuS.
730 3824 807 3884 Et
845 3822 1077 3885 iterum
1115 3839 1129 3883 ε
1163 3820 1471 3883 Nebulam
1511 3820 1676 3882 sicut
1718 3820 1889 3882 cine-

388 3943 525 3987 rem
568 3922 831 4006 spargit.
864 3922 1077 3997 Porr0,
1122 3921 1275 3982 dum
1319 3918 1521 3981 nubes
1562 3918 1889 3982 resolvun-

388 4031 494 4084 tur
525 4022 592 4083 in
624 4019 925 4102 pluviam,
948 4025 1277 4080 remanent
1308 4016 1568 4098 quidam
1598 4034 1883 4097 vaporeS,

388 4140 465 4183 ex
495 4118 733 4201 quibus
764 4116 1002 4181 nebula
1030 4126 1393 4197 generatur,
1419 4122 1636 4177 nostro
1668 4114 1889 4196 adspe-

1989 3157 2188 3219 gnum
2235 3137 2537 3201 coeleste:
2581 3138 2886 3219 quoniam
2937 3136 3198 3219 quidem
3249 3154 3482 3217 corpus
3511 3152 3776 3209 Sap.=x,¹5.

1990 3238 2162 3319 quod
2218 3235 2666 3318 corrumpitur,
2719 3242 3019 3315 aggravat
3064 3235 3368 3311 animam,
3421 3242 3483 3296 et

1991 3336 2294 3418 deprimit
2325 3343 2572 3414 terrena
2597 3333 2976 3396 inhabitatio
2997 3352 3254 3395 sensum
3283 3332 3486 3395 multa

1994 3435 2396 3515 cogitantem.
2430 3434 2668 3497 Idcirco
2711 3432 2867 3496 dicit
2906 3432 3245 3514 Apostolus
3280 3450 3294 3493 ε
3328 3430 3483 3505 Quia
3515 3450 3776 3501 neonae.

1994 3536 2146 3598 dum
2195 3553 2410 3596 sumus
2464 3533 2530 3595 in
2582 3551 2867 3615 corpore,
2915 3530 3400 3614 peregrinamur
3447 3549 3484 3591 a

1995 3633 2284 3696 Domino.

2082 3734 2458 3793 Terminum
2484 3731 2910 3790 circumdedit
2939 3729 3144 3809 aquia,
3165 3727 3228 3789 id
3261 3734 3376 3802 est,
3397 3725 3488 3787 in·

1998 3828 2095 3891 fra
2132 3838 2337 3893 certos
2379 3827 2681 3890 terminos
2725 3846 2922 3908 aquas
2961 3826 3299 3903 conclusit,
3333 3843 3487 3887 con-

1994 3945 2262 4008 gregans
2284 3946 2389 3990 eas
2420 3926 2586 3987 intra
2616 3924 3012 4006 receptacula
3043 3932 3210 4006 apta,
3230 3942 3488 4005 praeser-

1996 4026 2109 4088 tim
2161 4024 2330 4087 infra
2379 4024 2548 4107 ripas
2591 4022 2845 4099 Oceani,
2879 4041 2961 4084 ne
3003 4029 3198 4084 totam
3251 4029 3486 4083 terram

1996 4125 2409 4207 cooperirent,
2423 4125 2602 4205 juxta
2622 4122 2777 4183 illud
2799 4120 3086 4185 Genesis:
3103 4120 3269 4182 Dixit
3288 4120 3482 4183 Deus:
3544 4144 3654 4188 Gen.
3669 4158 3697 4197 1,
3715 4147 3757 4189 ο,

388 4218 523 4283 ctui
574 4226 793 4297 tegens
841 4215 1097 4277 coelum.
1133 4213 1429 4276 Albe-rius
1478 4214 1735 4275 demum
1782 4212 1887 4275 hic
1917 4228 1966 4290 D
1998 4223 2472 4303 congregentur
2501 4240 2681 4304 aquoe
2711 4240 2853 4302 quae
2885 4220 3005 4282 sub
3033 4218 3194 4282 coelo
3226 4226 3396 4293 sunt,
3419 4219 3486 4279 in

388 4317 483 4380 ait
518 4334 531 4378 :
568 4314 811 4379 Nebula
847 4332 1046 4395 vapor
1087 4320 1203 4389 est,
1250 4312 1401 4393 quia
1444 4330 1641 4393 quum
1688 4310 1887 4372 virtus

388 4416 541 4480 coeli
584 4412 1005 4477 inferioribus
1049 4412 1433 4486 infunditur,
1470 4428 1727 4473 necesse
1766 4418 1881 4487 est,

390 4523 463 4578 ut
495 4512 806 4577 inferiora
833 4513 915 4574 ad
946 4512 1374 4593 receptionem
1414 4508 1782 4590 aperiantur
1815 4527 1887 4570 ac

390 4615 729 4677 eleventur
755 4630 769 4673 ε
802 4611 974 4693 quod
1008 4610 1083 4672 fit
1113 4629 1226 4692 per
1256 4607 1769 4690 evaporationem
1800 4605 1890 4668 fa—

390 4713 557 4777 ciem
588 4711 736 4775 coeli
768 4710 953 4773 nobis
985 4716 1323 4789 tegentem.

474 4810 753 4892 Mystice‚
788 4810 951 4871 Deus
990 4828 1194 4887 aquas
1232 4804 1561 4887 sapientiae
1596 4802 1890 4866 salutaris

389 4913 467 4970 in
498 4910 803 4979 nubibus,
839 4906 905 4968 id
942 4914 1038 4969 est
1071 4904 1390 4985 Apostolis
1422 4923 1495 4967 ac
1525 4902 1895 4985 praedicato-

392 5006 575 5069 ribus
624 5004 886 5081 sanctis,
923 5002 1167 5083 ligavit,
1203 5001 1267 5063 id
1309 5010 1427 5078 est,
1476 5002 1539 5062 in
1572 5001 1761 5063 corde
1792 5017 1896 5062 eo—

391 5125 537 5168 rum
569 5104 847 5166 firmiter
880 5101 1121 5177 statuit,
1158 5119 1229 5162 ac
1260 5100 1663 5162 moderanter
1694 5097 1774 5161 ab
1806 5096 1897 5160 ef-

394 5204 655 5267 fusione
703 5209 766 5266 et
816 5199 1394 5266 communicatione
1443 5196 1781 5273 continuit,
1826 5204 1897 5258 ut

396 5320 527 5365 non
577 5307 986 5383 erumperent
1029 5300 1284 5376 pariter
1322 5300 1639 5366 deorsum,
1673 5294 1738 5356 id
1770 5302 1887 5372 est,

2002 4322 2212 4385 locum
2247 4339 2464 4398 unum,
2501 4329 2562 4383 et
2600 4328 2902 4402 appareat
2937 4318 3137 4381 arida.
3177 4317 3335 4381 Dicit
3370 4317 3491 4379 hoc

2000 4420 2138 4483 loco
2170 4419 2439 4483 Thomas
2466 4436 2480 4480 z
2505 4419 2719 4499 Aquae,
2745 4419 3099 4481 secundum
3131 4417 3492 4480 naturalem

2000 4518 2289 4581 ordinem
2311 4518 2783 4593 elementorum,
2798 4515 3080 4596 undique
3100 4523 3331 4577 terram
3353 4534 3498 4597 ope·

2002 4618 2127 4681 rire
2177 4615 2519 4690 deberent3
2561 4616 2668 4678 sed
2709 4616 2880 4696 quod
2923 4616 3143 4696 aliqua
3183 4634 3329 4696 pars
3373 4622 3498 4677 ter-

2002 4735 2087 4779 rae
2112 4724 2328 4779 manet
2350 4714 2749 4796 discooperta
2775 4713 2857 4776 ab
2885 4713 3095 4794 aquiS‚
3119 4712 3357 4776 factum
3402 4721 3499 4775 est

2002 4815 2219 4877 divina
2249 4814 2506 4890 virtute,
2540 4832 2680 4894 quae
2721 4831 2925 4894 usque
2968 4813 3048 4875 ad
3089 4819 3331 4875 certum
3375 4819 3500 4874 ter-

2002 4913 2248 4977 minum
2299 4911 2454 4976 fecit
2503 4919 2729 4975 terram
2781 4911 2862 4975 ab
2912 4910 3098 4992 aquis
3150 4909 3492 4992 cooperiri.

2012 5018 2218 5092 Usque
2259 5016 2418 5073 dum
2456 5014 2787 5088 finiantur
2825 5014 2944 5070 lua>
2985 5020 3044 5069 ec
3090 5012 3385 5078 tenebrae,
3433 5008 3530 5070 id-

2002 5120 2119 5186 est,
2175 5109 2414 5173 tamdiu
2477 5109 2601 5172 hoc
2649 5108 2734 5170 ita
2793 5106 3102 5183 manebit,
3153 5125 3497 5189 quousque

2005 5209 2322 5275 successio
2369 5208 2497 5270 diei
2544 5214 2606 5270 et
2657 5205 2884 5283 noctiS,
2937 5205 3236 5269 videlicet
3293 5214 3496 5268 status

2003 5309 2198 5389 hujus
2227 5307 2466 5384 saeculi,
2502 5305 2790 5368 finiatur.
2824 5305 2955 5367 Lux
3005 5323 3257 5386 nempe,
3292 5304 3355 5367 id
3400 5312 3495 5368 est
