4309 6259
605 1475 692 1519 Job
705 1489 761 1527 ix,
779 1477 846 1528 27,

583 1540 649 1580 35.

879 484 1000 547 446

1737 500 2085 548 mannum
2127 502 2202 569 IN·
2232 501 2369 547 cn.
2416 501 2457 547 X
2496 500 2623 547 1013.
2668 519 2748 531 —
2788 501 2932 547 ΛΒΤ.
2978 502 3103 547 XXV

1940 910 2593 997 ARTICULUS
2669 914 2902 998 XXV

1153 1187 1507 1235 Summano
1552 1187 1902 1233 LlTTssnAms
1946 1185 2224 1232 CAPITULI
2266 1185 2473 1231 necuit
2518 1186 2532 1229 Ζ
2579 1185 2791 1231 TAEDET
2832 1187 3074 1234 amman
3117 1188 3289 1233 EEAH
3334 1188 3488 1233 vlTAE
3529 1189 3691 1234 ΗΒΕ.

1000 1470 1190 1533 IRCA
1228 1467 1643 1551 praecedentis
1687 1466 1950 1549 capituli
1999 1465 2198 1529 finem
2248 1463 2364 1527 ali·
2396 1463 2447 1526 A
2476 1465 2917 1547 aequanimiter
2938 1467 3289 1531 tolerantur
3312 1468 3547 1532 intuitu
3568 1469 3677 1532 Dei
3704 1478 3971 1551 propter

1017 1588 1144 1651 qua
1195 1568 1355 1630 dixit
1399 1566 1536 1645 Job,
1589 1586 1667 1629 ex
1719 1565 1955 1647 quibus
2011 1563 2365 1628 insinuavit

874 1686 1097 1730 causas
1123 1667 1447 1748 quasdam,
1470 1684 1546 1728 ex
1565 1665 1800 1746 quibus
1833 1662 2256 1726 inclinabatur
2282 1662 2361 1724 ad

875 1765 1266 1848 loquendum
1305 1766 1384 1827 de
1424 1764 1558 1827 suis
1600 1762 1949 1827 doloribuS.
1993 1762 2171 1825 Nunc
2212 1778 2362 1840 ergo

875 1874 1130 1948 sumpta
1148 1884 1224 1928 ex
1243 1863 1464 1929 divina
1495 1864 1728 1946 pietate
1757 1862 2060 1944 loquendi
2095 1861 2356 1939 fiducia,

875 1963 1284 2047 prosequitur
1324 1962 1693 2026 inchoatum
1722 1962 1802 2024 de
1840 1980 1956 2024 suo
1984 1960 2203 2024 dolore
2234 1979 2363 2023 ser-

873 2082 1150 2140 monem,
1185 2071 1248 2126 et
1287 2061 1773 2144 dispositionem
1805 2079 1984 2122 suam
2017 2060 2355 2135 internam,

873 2163 1360 2245 angustiamque
1399 2161 1700 2225 declarat.

960 2266 1017 2324 T
1008 2266 1168 2323 cedet
1211 2264 1508 2323 ani-mam
1544 2280 1752 2321 meam
1789 2262 1940 2321 υἱέα»
1967 2280 2122 2321 meae
2150 2258 2219 2320 in
2250 2276 2363 2319 sae-

873 2360 1018 2424 culo
1064 2360 1187 2423 isto
1233 2370 1295 2423 et
1335 2356 1739 2440 corruptibili
1787 2376 2052 2440 corpore
2097 2375 2263 2431 meo,
2299 2356 2361 2419 id

874 2468 992 2536 est,
1027 2462 1211 2523 taedet
1250 2478 1352 2521 me
1389 2458 1604 2521 vivere
1647 2456 1711 2518 in
1757 2456 1877 2519 hoc
1921 2456 2183 2518 mundo.
2226 2454 2361 2517 Non

872 2568 1085 2622 autem
1133 2557 1376 2641 optavit
1423 2556 1637 2619 anima
1686 2554 1891 2618 sancti
1935 2553 2054 2618 Job
2103 2572 2363 2637 prorsus

2477 1564 2849 1629 felicitatem
2880 1566 3181 1645 futuram,
3200 1588 3392 1651 quam
3425 1588 3686 1651 prorsus
3714 1588 3843 1631 non
3876 1588 3973 1631 es-

2474 1685 2542 1729 se
2573 1683 2690 1729 nec
2720 1666 2957 1743 vivere,
2994 1666 3122 1730 imo
3152 1676 3215 1730 et
3236 1687 3435 1749 ,quam
3468 1687 3607 1731 esse
3636 1667 3701 1729 in
3734 1686 3971 1750 purga-

2475 1763 2657 1841 torio,
2694 1765 2917 1828 saltem
2950 1784 3025 1829 eo
3055 1767 3243 1829 modo
3274 1784 3403 1847 quo
3431 1765 3631 1847 aliqui
3664 1766 3753 1827 ibi
3784 1776 3963 1841 sunt,

2475 1880 2747 1942 quorum
2775 1882 2965 1945 poena
2992 1882 3247 1927 omnem
3287 1864 3432 1928 vitae
3466 1864 3659 1945 hujus
3698 1882 3961 1946 poenam

2475 1962 2864 2024 transcendit
2906 1986 2921 2037 3
2982 1982 3099 2027 nec
3156 1963 3423 2025 dubium
3480 1962 3639 2045 quin
3698 1963 3961 2038 meliuS,

2473 2078 2665 2141 quam
2713 2060 2777 2123 in
2830 2061 3103 2125 inferno.
3162 2062 3243 2125 De
3292 2062 3409 2125 hac
3455 2080 3523 2125 re
3571 2061 3811 2125 dietum
3865 2070 3967 2124 est

2471 2159 2723 2242 plenius
2757 2160 2823 2223 in
2854 2161 3253 2243 expositione
3280 2161 3546 2243 capituli
3580 2160 3775 2224 tertii.

2537 2261 2886 2321 Dimittam
2904 2264 3247 2321 adversum
3268 2281 3363 2321 me
3380 2262 3703 2341 eloquium
3724 2280 3965 2330 meum,

2474 2357 2537 2419 id
2560 2366 2676 2434 est,
2696 2358 2891 2421 verba
2920 2357 3250 2422 effundam
3279 2377 3424 2440 quae
3452 2368 3602 2423 sunt
3628 2360 3775 2423 vitae
3806 2378 3967 2422 meae

2472 2456 2809 2533 contraria,
2847 2458 3151 2538 quoniam
3180 2457 3325 2521 dico
3354 2478 3457 2522 me
3486 2466 3757 2523 mortem
3786 2460 3965 2540 (quae

2472 2556 2619 2618 vitae
2666 2556 2982 2620 contraria
3028 2559 3153 2637 est)
3178 2557 3561 2621 desiderare.
3594 2561 3858 2638 Loquar
3890 2561 3967 2617 in

873 2677 1001 2720 non
1034 2675 1193 2731 esse,
1231 2674 1346 2720 nee
1377 2654 1616 2717 alicubi
1650 2653 1885 2729 vivere,
1909 2653 2062 2735 quia
2093 2654 2215 2716 hoc
2248 2652 2364 2714 im·
2399 2652 2445 2713 B
2472 2657 2921 2716 amaritudine
2948 2658 3189 2717 animae
3218 2678 3395 2726 meoe,
3428 2656 3491 2719 id
3521 2665 3637 2733 est,
3665 2657 3967 2719 amaritu-

872 2756 1196 2839 patientiae
1227 2763 1290 2817 et
1317 2753 1783 2835 desperationis
1815 2751 2042 2815 fuisset
2071 2777 2085 2826 3
2129 2755 2239 2816 sed
2280 2753 2362 2815 ob

872 2873 1205 2939 poenarum
1236 2872 1493 2915 suarum
1525 2860 1588 2913 et
1618 2852 2068 2915 adversitatum
2091 2851 2365 2933 gravita-

875 2960 1002 3014 tem
1033 2972 1106 3015 ac
1136 2950 1697 3032 multiplicitatem,
1734 2950 2017 3032 itemque
2045 2948 2363 3014 desiderio

874 3050 1209 3132 quietioris
1240 3048 1385 3111 vitae
1427 3048 1491 3110 in
1535 3048 1733 3111 limbo
1773 3056 2048 3130 patrum,
2083 3056 2146 3111 et
2176 3067 2257 3111 ne
2287 3067 2361 3111 cx

873 3147 1315 3229 magnitudine
1373 3146 1806 3210 tribulationis
1861 3148 2116 3209 tandem
2164 3166 2201 3209 a
2249 3165 2361 3228 pa-

875 3246 1101 3309 tientia
1141 3247 1392 3309 caderet
1430 3265 1500 3309 ae
1540 3246 1738 3309 Deum
1778 3244 2161 3322 offenderet,
2196 3244 2362 3308 desi-

873 3344 1119 3408 deravit
1151 3344 1425 3427 separari
1454 3364 1491 3406 a
1517 3362 1782 3426 corpore
1811 3351 1873 3406 et
1901 3362 2040 3407 esse
2060 3343 2127 3405 in
2162 3344 2361 3407 limbo

875 3443 1162 3527 praefato,
1197 3443 1262 3505 in
1311 3442 1781 3525 exspectatione
1831 3451 2002 3506 certa
2051 3444 2361 3507 adventus

872 3541 1106 3606 Christi
1134 3542 1679 3623 beatitudinisque
1706 3560 2017 3624 supernae.
2056 3542 2159 3605 Sic
2190 3560 2363 3603 nam-

875 3660 1000 3724 que
1044 3640 1300 3703 taedium
1345 3640 1581 3703 habere
1619 3640 1698 3703 de
1733 3640 1867 3701 vita
1911 3640 2232 3721 praesenti,
2266 3647 2364 3703 est

875 3740 1119 3803 licitum
1154 3748 1217 3803 et
1247 3739 1590 3820 aliquando
1627 3737 1970 3801 laudabile.
2003 3737 2159 3799 Nam
2190 3746 2252 3801 et
2284 3738 2362 3801 de

875 3948 938 4002 et
968 3938 1220 4000 taedere.
1240 3936 1357 4010 Qui
1389 3936 1516 3998 alio
1548 3936 1685 3999 loeo
1717 3935 2019 3998 disseruit
2051 3951 2066 3996 ε
2101 3934 2149 3999 Ο
2177 3953 2363 4015 gene·

877 4036 1036 4099 ratio
1079 4035 1428 4111 incredula,
1464 4034 1767 4115 quamdiu
1816 4034 1984 4116 apud
2035 4051 2148 4097 vos
2198 4037 2360 4097 ero?

874 4134 1183 4217 quamdiu
1224 4132 1430 4215 patiar
1481 4135 1638 4195 vost
1669 4132 2011 4214 Apostolus
2049 4151 2308 4214 quoque
2342 4150 2355 4194 :

607 4252 844 4304 neon-‚a
875 4233 1078 4317 Supra
1123 4233 1378 4295 modum
1411 4231 1680 4313 (inquit)
1704 4232 1948 4311 gravati
1996 4251 2239 4309 sumus,
2275 4232 2361 4295 ita

876 4340 944 4396 ut
993 4331 1183 4396 etiam
1227 4331 1485 4393 taederet
1528 4349 1642 4393 nos
1686 4330 1939 4405 vivere3
1983 4332 2092 4394 sed
2133 4340 2196 4393 et
2236 4330 2359 4412 ipsi

875 4430 1043 4493 intra
1071 4448 1187 4492 nos
1218 4447 1594 4511 responsum
1633 4429 1854 4492 mortis
1893 4429 2257 4491 habuimus,
2295 4428 2358 4492 Si

873 4528 1018 4611 quis
1065 4536 1275 4591 autem
1326 4535 1585 4610 propter
1624 4528 1888 4592 adversa
1937 4528 2028 4590 sic
2078 4528 2361 4591 tristare-

871 4636 989 4703 tur,
1013 4627 1183 4708 quod
1217 4626 1506 4689 absolute
1536 4634 1598 4688 et
1628 4626 1836 4689 solum
1867 4645 1942 4689 ex
1973 4626 2234 4689 tristitia
2262 4628 2359 4690 de-

870 4726 1176 4789 sideraret
1223 4724 1414 4787 etiam
1459 4725 1809 4787 secundum
1861 4724 2171 4787 rationem
2227 4743 2357 4788 non

869 4826 1124 4891 vivere:
1160 4824 1279 4887 hoc
1309 4824 1727 4906 impatientiae
1755 4832 1941 4899 esset,
1966 4841 2167 4904 quum
2201 4824 2358 4906 pati-

867 4924 1056 4989 entiae
1083 4923 1168 4986 sit
1195 4922 1557 5005 passionem
1599 4921 1870 4985 tristitiae
1901 4922 2239 4999 moderari,
2278 4942 2357 4986 ne

869 5022 1106 5086 limites
1146 5029 1327 5085 exeat
1376 5020 1663 5096 rationiS,
1711 5019 1810 5082 vel
1853 5019 2179 5083 hominem
2220 5021 2361 5082 vin·
2390 5017 2441 5080 D
2468 5020 2618 5083 stari
2669 5020 2998 5102 permittas
3046 5038 3059 5082 :

869 5131 990 5185 cat.
1025 5120 1328 5183 Absolute
1369 5118 1610 5201 quippe
1646 5118 1985 5199 loquendo,
2024 5118 2257 5181 melius
2295 5126 2359 5182 et

869 5217 1356 5283 desiderabilius
1387 5225 1485 5280 est
1513 5235 1650 5279 esse
1692 5224 1754 5279 et
1790 5216 2006 5281 vivere
2049 5216 2112 5278 in
2154 5217 2359 5280 tribu-

871 5318 1216 5383 lationibus
1248 5316 1395 5379 vitae
1422 5316 1777 5398 praesentiS‚
1801 5316 2152 5379 secundum
2183 5317 2355 5398 quod

2472 2751 2622 2814 dine
2652 2771 2793 2815 mea
2822 2753 3111 2829 durante,
3129 2761 3191 2815 et
3212 2753 3519 2817 exsistens
3542 2754 3607 2816 in
3630 2774 3719 2828 ea,
3736 2754 3971 2836 loquar

2473 2857 2543 2910 ut
2571 2850 2749 2932 loqui
2780 2850 2986 2913 solent
3014 2850 3273 2913 afflicti.
3308 2850 3559 2933 Loquar
3595 2870 3851 2933 quoque
3896 2853 3967 2913 in

2472 2948 2895 3011 amaritudine
2924 2948 3153 3011 animae
3180 2966 3359 3025 meae,
3380 2948 3443 3011 id
3466 2958 3583 3027 est,
3604 2951 3962 3013 secundum

2471 3046 2642 3127 quod
2700 3046 3055 3109 amaritudo
3102 3047 3238 3110 haec
3284 3066 3386 3110 me
3432 3049 3510 3110 ad
3562 3047 3965 3129 loquendum

2472 3144 2760 3222 inclinat,
2788 3146 3126 3228 dicamque
3159 3146 3352 3209 verba
3390 3165 3546 3209 meae
3589 3146 3965 3211 amaritudi-

2470 3244 2570 3305 nis
2600 3244 2940 3321 ostensiva,
2974 3263 3103 3308 non
3142 3253 3353 3308 tamen
3397 3244 3754 3328 passionem
3804 3247 3965 3309 irre-

2472 3342 2718 3406 frenate
2764 3345 3108 3424 sequendo,
3159 3345 3266 3407 sed
3318 3344 3437 3407 sub
3484 3345 3747 3409 rationis
3793 3346 3963 3409 dire-

2469 3442 2679 3505 ctione
2736 3443 3073 3505 manendo.
3128 3443 3255 3506 Hoc
3311 3452 3407 3506 est
3452 3444 3622 3525 quod
3682 3444 3961 3527 septimo

2469 3540 2629 3603 dixit
2655 3540 2937 3623 capitulo
2963 3557 2977 3602 :
3009 3540 3260 3621 Loquar
3288 3540 3353 3603 in
3386 3541 3795 3605 tribulatione
3824 3544 3964 3626 spi-

2470 3638 2629 3700 ritus
2668 3638 2816 3713 mei,
2852 3637 3314 3703 confabulabor
3341 3659 3487 3702 cum
3528 3641 3961 3705 amaritudine

2470 3737 2698 3800 animae
2741 3756 2918 3801 meae.
2957 3736 3059 3801 Sie
3096 3746 3161 3800 et
3206 3738 3410 3821 primo
3454 3740 3691 3819 Regum
3735 3750 3962 3804 sancta

607 3858 844 3908 mrem.
872 3838 1122 3902 Christo
1151 3838 1458 3919 scriptum
1489 3847 1587 3901 est
1622 3856 1634 3899 :
1670 3838 1876 3919 Coepit
1912 3837 2090 3899 Jesus
2129 3855 2361 3920 pavere
2396 3838 2440 3902 C
2469 3838 2651 3899 Anna
2696 3835 2949 3899 dicebat
2981 3853 2995 3898 z
3032 3836 3120 3898 Ex
3166 3837 3575 3901 multitudine
3616 3840 3849 3903 doloris
3896 3850 3963 3903 et

582 3924 650 3965 33.

598 3984 626 4027 1
627 3984 844 4036 bid.1x,18.

2471 3935 2763 3998 moeroris
2808 3934 2934 3998 mei
2985 3935 3197 3998 locuta
3237 3955 3381 3998 sum
3428 3956 3631 4019 usque
3679 3938 3744 4000 in
3791 3958 3963 4021 prae-

2470 4054 2639 4097 senS.

2548 4136 2780 4195 Dicam
2810 4137 2964 4203 Deo,
2994 4133 3371 4216 suppliciter
3396 4136 3714 4199 exorando
3746 4153 3763 4197 :
3798 4138 3965 4199 Noli

2474 4253 2569 4293 me
2596 4235 3042 4302 condemnare,
3077 4250 3157 4295 ne
3194 4233 3276 4295 de
3318 4234 3526 4315 poenis
3574 4233 3673 4297 his
3716 4243 3963 4317 tempo—

2469 4329 2709 4393 ralibus
2747 4330 3023 4393 deducar
3050 4330 3129 4393 ad
3159 4347 3381 4413 poenas
3410 4332 3731 4412 graviores
3774 4342 3961 4395 aiter-

2472 4448 2605 4490 nas.
2639 4429 3114 4510 Consequenter
3144 4448 3399 4492 causam
3440 4450 3568 4495 suae
3600 4431 3961 4514 punitionis

2470 4526 2757 4609 inquirit,
2787 4527 3117 4608 alloquens
3148 4528 3368 4589 Deum.
3400 4532 3635 4590 Indica
3666 4532 3855 4599 mihi,
3890 4530 3961 4593 id

2469 4634 2585 4703 est,
2619 4644 2732 4707 per
2772 4625 3227 4689 revelationem
3270 4626 3586 4689 internam
3630 4647 3741 4691 seu
3784 4638 3963 4692 exte-

2468 4723 2723 4801 riorem,
2757 4743 2869 4786 seu
2920 4723 3047 4787 alio
3096 4724 3285 4787 modo
3335 4724 3452 4787 tibi
3495 4726 3805 4808 placente,
3849 4726 3959 4791 fac

2470 4841 2571 4885 me
2600 4839 3002 4902 cognoscere,
3038 4844 3156 4883 cur
3187 4844 3286 4884 me
3313 4825 3407 4884 ita
3420 4825 3707 4901 judice-9,
3739 4824 3801 4887 id
3830 4836 3955 4904 est,

2468 4931 2576 4984 tuo
2617 4921 2859 5004 judicio
2895 4922 3088 4984 tantis
3120 4921 3328 5004 poenis
3361 4922 3617 4985 addicas
3656 4932 3765 4987 aut
3794 4923 3963 4988 infe-

3114 5019 3234 5083 hoc
3284 5028 3403 5097 est,
3454 5040 3709 5084 causam
3758 5022 3961 5104 hujus

2468 5136 2673 5202 poenae
2719 5118 2911 5201 cupio
2959 5118 3145 5195 scire,
3186 5138 3264 5181 an
3312 5119 3557 5183 scilicet
3602 5139 3718 5203 pro
3763 5120 3961 5204 culpa

2466 5217 2815 5299 purganda,
2867 5237 2947 5279 an
2998 5236 3113 5299 pro
3164 5218 3397 5281 virtute
3447 5218 3796 5301 probanda,
3841 5230 3959 5283 aut

2467 5316 2611 5378 aliis
2636 5317 3029 5380 ostendenda
3056 5336 3395 5399 percussus
3426 5317 3570 5380 sim.

4019 2078 4231 2124 Art-:wir-

3992 2153 4043 2181 ea
4058 2141 4185 2181 finem.

4001 3560 4085 3603 Job
4100 3562 4229 3608 vlidi.

3994 3856 4009 3899 Ι
4028 3856 4123 3910 Rq.
4138 3870 4161 3902 ι,
4176 3858 4227 3894 lt3.
