4309 6259
855 526 1206 572 manuario
1249 526 1311 571 IN
1354 526 1490 571 CAP.
1538 525 1667 570 XXX
1709 526 1866 570 LIBRI
1910 524 2163 571 saeuum
2205 526 2737 573 PARALIrouuNON.
2782 546 2862 557 —-
2903 529 3046 573 An'r.
3092 528 3221 574 XXX
3461 509 3577 573 257

449 696 582 759 via
615 696 1076 779 purificatione
1104 698 1186 761 ab
1229 697 1404 761 omni
1451 695 1861 759 immunditia
1891 695 1980 758 le·
2008 694 2058 757 A
2088 696 2341 758 duravit
2378 697 2694 778 paschalis
2728 696 3039 761 festivitas
3072 698 3202 775 illa,
3238 700 3581 759 immolari·
3632 717 3873 773 Lamum.

451 796 632 875 gali,
686 803 758 858 ut
805 803 944 859 erat
991 804 1320 859 contactus
1372 795 1708 871 immundi,
1764 793 1978 856 fluxus
2091 804 2177 854 tes
2208 796 2505 855 victimas
2529 797 2980 875 pacificorum,
3000 807 3059 857 et
3089 800 3427 857 laudantes
3459 800 3579 856 Do·
3607 783 3695 830 ⁵⁴³·

459 893 773 968 seminiS‚
799 894 1237 974 irregularitas
1257 913 1334 956 ex
1363 892 1701 975 praesentia
1720 892 1975 967 mortui,
2091 895 2345 953 minum
2374 896 2581 953 Deum
2604 906 2873 971 patrum
2898 916 3187 956 suorum.

64 1002 416 1055 lens-‚2³0³
459 999 548 1053 et
577 990 948 1053 consimilia
987 1008 1000 1052 :
1036 992 1116 1053 de
1145 992 1384 1073 quibus
1414 991 1481 1052 iu
1513 990 1792 1052 Levitico
1834 1008 1984 1051 con·
2172 993 2557 1071 Placuitque
2586 995 2903 1053 universae
2927 996 3369 1063 multitudini,
3399 1004 3471 1054 ut
3490 1014 3580 1053 ce-

51 1080 222 1117 ¹³‘¹⁷'
245 1082 372 1112 ¹¹¹·
463 1088 748 1165 tinetur,
776 1098 840 1152 et
871 1090 964 1153 ibi
993 1110 1071 1153 ex
1099 1090 1290 1153 dictis
1319 1088 1658 1151 Alexandri
1689 1088 1768 1150 de
1797 1087 1982 1149 Hales
2095 1088 2413 1149 lebrarent
2439 1092 2635 1150 etiam
2657 1092 2819 1150 alios
2839 1100 3071 1165 septem
3090 1094 3229 1152 dies
3248 1113 3271 1151 .·
3293 1099 3355 1153 et
3387 1092 3475 1154 ita
3503 1110 3580 1154 ex

460 1206 680 1269 super
728 1188 990 1251 tertium
1043 1188 1508 1250 Sententiarum
1562 1194 1625 1248 et
1672 1205 1748 1248 ex
1794 1186 1981 1247 dictis
2091 1186 2429 1249 devotione
2459 1188 2947 1269 duplicaverunt
2966 1189 3459 1252 celebrationem
3493 1189 3581 1251 fc-

461 1286 744 1350 Thomae
784 1287 852 1349 in
883 1287 1092 1369 prima
1132 1287 1445 1362 secundae,
1482 1294 1672 1366 atque
1712 1303 1788 1347 ex
1830 1283 1984 1346 scri·
2092 1284 2173 1345 sti
2204 1284 2558 1366 paschalis3
2594 1290 2767 1365 quod
2783 1297 2841 1347 et
2860 1289 3152 1365 fecerunt
3180 1309 3325 1348 cum
3356 1291 3583 1365 inqen-

461 1386 616 1468 ptis
643 1384 970 1449 Guillelmi
998 1384 1398 1461 ParisiensiS,
1433 1383 1598 1446 libro
1629 1384 1708 1445 de
1737 1383 1888 1445 Fide
1920 1390 1984 1444 et
2094 1385 2146 1443 ti
2188 1386 2431 1460 gaudio
2479 1383 2818 1465 spirituali,
2872 1385 3206 1448 recolendo
3260 1386 3581 1449 beneficia

461 1484 760 1565 legibuS‚
808 1485 1170 1569 expositum
1219 1484 1453 1547 recolo,
1489 1486 1573 1545 Et
1613 1483 1826 1543 oravit
1859 1502 1982 1559 pro
2093 1482 2224 1558 Dei,
2251 1482 2602 1564 praesertim
2632 1482 3074 1547 liberationem
3102 1484 3486 1565 exAEgypto,
3511 1484 3577 1547 in

461 1586 576 1645 eis
607 1588 946 1657 Ezechias,
977 1573 1200 1645 dicens
1222 1584 1586 1644 :Dominus
1613 1584 1812 1641 bonus
1830 1600 1984 1658 pro·
2092 1581 2277 1662 cujus
2324 1582 2697 1643 memoriam
2754 1582 3042 1644 instituta
3089 1581 3215 1643 fuit
3262 1583 3577 1664 paschalis
3634 1607 3867 1660 amam,

447 1684 838 1760 pitiabitur
864 1685 1137 1753 cunctis,
1169 1684 1287 1762 qui
1315 1684 1533 1742 inloto
1562 1683 1748 1739 corde
1775 1680 1986 1757 requi·
2093 1678 2449 1741 celebritas,
2486 1682 2795 1741 Ezechias
2826 1690 3039 1742 autem
3068 1702 3185 1741 rea>
3210 1684 3385 1743 ,Iuda
3416 1702 3581 1760 pra·-
3609 1673 3674 1714 ¹⁴·

461 1790 648 1841 runt
673 1783 1030 1841 Dominum
1065 1782 1275 1840 Deum
1295 1789 1566 1855 patrum
1605 1798 1898 1847 suorum,
1925 1785 1985 1836 et
2093 1780 2318 1838 buerat
2352 1779 2771 1839 multitudini
2802 1782 2976 1839 mille
3018 1790 3235 1841 tauros
3261 1792 3321 1842 et
3347 1791 3579 1859 septem

461 1900 620 1941 non
672 1880 1016 1957 imputabit
1065 1881 1178 1951 eis,
1221 1882 1392 1957 quod
1439 1883 1656 1938 minus
1699 1878 1986 1953 sanctifi-
2020 1883 2067 1946 Β
2099 1879 2311 1937 millia
2338 1880 2595 1951 ovium,·
2615 1881 2947 1957 principes
2970 1900 3113 1940 vero
3134 1884 3445 1942 dederant
3466 1901 3581 1958 po-
3690 1926 3693 1929 ⁴

461 1981 620 2039 cati
646 1989 822 2040 sunt.
850 1978 939 2039 Ex
970 1976 1070 2039 his
1089 1976 1304 2041 verbis
1339 1975 1650 2052 innuitur,
1673 1975 1846 2055 quod
1878 1974 1982 2035 isti
2085 1980 2272 2054 pulc,
2302 1976 2545 2039 scilicet
2566 1976 2989 2055 multitudini,
3013 1979 3115 2042 cui
3146 1979 3321 2041 dedit
3351 1988 3413 2041 et
3434 1980 3579 2042 Eze-

461 2096 616 2140 non
667 2075 994 2159 purificati
1043 2074 1406 2139 habuerunt
1447 2072 1920 2136 excusationem
1965 2088 1978 2132 :
2091 2077 2290 2154 chias,
2326 2088 2541 2137 tauros
2588 2080 2764 2138 mille
2800 2088 2859 2138 et
2899 2099 3039 2138 oves
3082 2082 3293 2139 decem
3338 2082 3574 2141 millia.

459 2177 644 2257 quia
672 2176 790 2238 etsi
823 2174 1126 2239 exteriori
1169 2172 1577 2236 immunditia
1616 2171 1770 2252 legis
1803 2178 1984 2233 erant
2092 2174 2213 2235 Ista
2242 2193 2471 2256 pecora
2490 2175 2801 2237 dederunt
2821 2175 3010 2256 vulgo
3032 2177 3097 2238 in
3126 2196 3303 2239 esum
3328 2185 3390 2239 et
3410 2196 3581 2238 sum-

459 2274 754 2351 dctenti,
805 2274 978 2356 intus
1035 2283 1246 2335 tamen
1295 2272 1507 2334 devoti
1561 2278 1762 2345 erant,
1797 2277 1861 2331 et
1909 2288 1983 2330 ex
2092 2282 2319 2354 ptuum
2358 2272 2765 2338 relevamen:
2818 2294 2893 2336 ex
2932 2274 3161 2355 quibus
3214 2284 3422 2337 tamen
3464 2274 3581 2337 fic·

461 2374 738 2453 integro
769 2372 962 2434 corde
992 2370 1332 2433 Dominum
1374 2366 1806 2450 requirebant.
1841 2367 1982 2428 Ideo
2095 2372 2247 2434 hant
2286 2372 2576 2453 quaedam
2618 2371 2991 2449 oblationeS,
3038 2392 3305 2454 quarum
3348 2373 3579 2454 aliquae

459 2470 762 2535 exterior
795 2467 1208 2532 immunditia
1231 2466 1583 2547 legiS,quae
1615 2463 1984 2546 frequenter
2093 2480 2304 2552 partes
2350 2471 2664 2533 cedebant
2708 2470 2774 2531 in
2822 2490 3001 2533 esum
3049 2472 3470 2548 sacerdotum,
3518 2480 3581 2533 et,

461 2570 696 2633 caruit
725 2569 939 2651 culpa,
976 2585 1104 2630 non
1139 2566 1573 2648 imputabatur
1613 2564 1705 2627 eis
1736 2565 1804 2625 in
1835 2583 1986 2627 casu
2094 2570 2326 2650 aliquae
2365 2570 2430 2631 in
2470 2568 2885 2633 offerentium
2915 2589 3122 2631 usum.
3156 2573 3581 2648 Sanctificata

465 2671 634 2743 iste,
674 2668 772 2731 vel
808 2666 1088 2729 faciliter
1119 2665 1212 2729 eis
1253 2664 1701 2745 indulgebatur
1731 2663 1809 2724 ad
1843 2680 1987 2744 pre·
2093 2680 2183 2729 est
2220 2690 2367 2745 erqo
2398 2673 2802 2731 sacerdotum
2842 2671 3136 2745 plurima
3178 2672 3527 2731 multitudo
3560 2690 3580 2730 .·

462 2786 590 2831 ees
621 2765 929 2842 Ezecbiae,
974 2764 1130 2846 quia
1157 2782 1286 2826 non
1332 2762 1694 2825 habuerunt
1739 2770 1984 2842 tempus
2094 2766 2246 2846 quia
2286 2765 2453 2827 infra
2493 2765 2607 2828 hos
2650 2774 2893 2848 septem
2936 2768 3071 2829 dies
3110 2767 3378 2843 additos,
3412 2786 3581 2829 com-

461 2886 553 2929 se.
593 2864 992 2948 purificandi
1035 2870 1184 2925 ante
1226 2880 1404 2924 esum
1448 2861 1596 2941 agni
1643 2858 1982 2941 paschalis.
2097 2864 2266 2945 pleta
2304 2882 2523 2926 eorum
2566 2863 2991 2928 sanctificatio
3034 2885 3145 2928 seu
3188 2864 3579 2928 consecratio

463 2965 650 3028 Hine
683 2962 979 3026 subditur
1005 2980 1019 3023 ε
1047 2965 1250 3031 Quem
1274 2960 1617 3020 exaudivit
1645 2960 1987 3026 Dominus,
2098 2960 2241 3023 fuit.

464 3074 550 3127 et
570 3066 882 3143 placatus
910 3070 1000 3121 est
1021 3063 1287 3137 populo,
1323 3058 1477 3119 Nam
1508 3056 1687 3138 pium
1729 3065 1792 3118 et
1822 3053 1990 3116 fidu·
2021 3059 2064 3121 C
2180 3064 2265 3122 Ec
2306 3063 2643 3122 hilaritate
2675 3062 2953 3139 perfusa
2999 3064 3207 3122 omnis
3250 3065 3435 3123 turba
3472 3066 3585 3124 Ju-

469 3162 658 3227 ciale
702 3158 1092 3223 desiderium
1133 3158 1272 3238 ejus
1318 3154 1541 3217 habuit
1585 3155 1714 3219 vim
1760 3152 1990 3216 oratio-
2097 3163 2211 3229 da,
2243 3168 2375 3219 tam
2413 3162 2813 3220 sacerdotum
2854 3170 2912 3218 et
2940 3163 3345 3231 Leuitarum,
3384 3182 3583 3240 quam

471 3261 620 3337 niS,
659 3268 724 3321 et
772 3259 932 3321 illud
974 3255 1280 3319 Dominus
1310 3252 1706 3335 adimplevit,
1743 3252 1822 3314 de
1860 3270 1988 3332 quo
2101 3259 2419 3318 universae
2462 3258 3026 3337 frequentioedquoe
3074 3271 3333 3321 veneral
3378 3282 3460 3320 ex
3496 3263 3587 3321 Is-

129 3389 328 3433 au,
351 3384 432 3424 ιτ.
471 3360 582 3423 ait
610 3352 1389 3420 PsalmistazDesiderium
1411 3370 1762 3433 pauperum
1781 3350 1876 3430 (id
1897 3357 1993 3412 est
2098 3360 2281 3417 rael:
2318 3355 2403 3417 ita
2444 3357 2613 3437 quod
2654 3356 2917 3419 interior
2956 3376 3172 3419 eorum
3211 3358 3581 3439 jucunditas

469 3455 874 3535 humilium)
922 3452 1247 3516 exaudivit
1301 3448 1626 3526 DominuS,
1680 3468 1994 3530 praepara-
2103 3454 2481 3517 redundavit
2508 3474 2581 3517 ac
2611 3454 2863 3517 refulsit
2892 3455 2956 3517 in
2985 3474 3250 3537 corpore
3270 3466 3333 3519 et
3356 3458 3421 3519 in
3454 3457 3587 3523 vul-

471 3557 736 3619 tionem
770 3552 982 3616 cordis
1011 3570 1252 3621 eorum,
1289 3548 1587 3611 videlicet
1616 3566 1744 3610 non
1783 3547 1991 3609 solum
2100 3561 2167 3615 tu
2194 3577 2209 3629 ;
2233 3556 2707 3631 proselytorum
2734 3574 3004 3633 quoque,
3036 3555 3100 3617 id
3129 3565 3225 3618 est
3254 3574 3589 3619 converso-

465 3652 876 3727 orationem,
937 3650 1050 3713 Sed
1114 3648 1305 3711 etiam
1364 3645 1850 3728 dispositionem
1911 3646 1989 3707 ad
2101 3672 2243 3714 rum
2297 3653 2374 3714 ad
2427 3651 2845 3729 Iudaismum,
2896 3654 3009 3734 qui
3057 3663 3237 3717 erant
3282 3658 3360 3715 de
3410 3666 3582 3717 terra

465 3752 830 3827 orandum,
885 3748 1135 3812 audivit
1194 3746 1366 3809 auris
1423 3756 1548 3807 tua.
1602 3744 1707 3807 lsti
1771 3745 1988 3827 itaque
2103 3753 2327 3823 Israel,
2353 3750 2415 3811 id
2445 3758 2561 3827 est,
2587 3750 2697 3831 qui
2731 3751 2796 3811 in
2830 3770 3024 3830 regno
3053 3753 3268 3815 decem
3304 3752 3586 3815 tribuum

467 3851 611 3917 etsi
645 3855 1075 3931 peccaverunt
1115 3845 1360 3909 edendo
1391 3844 1627 3925 pascha
1656 3862 1783 3906 uon
1820 3843 1992 3926 puri·
2102 3849 2533 3925 morabantur,
2584 3860 2643 3909 et
2688 3852 3129 3911 habitanti-um
3174 3854 3243 3911 in
3272 3854 3473 3921 Juda,
3523 3851 3589 3913 id

477 3948 702 4025 ficati,
736 3966 864 4010 non
899 3955 1111 4009 tamen
1143 3964 1220 4007 ex
1248 3951 1640 4024 contemptu.
2101 3955 2199 4009 est
2239 3966 2458 4010 eorum
2495 3948 2609 4027 qui
2652 3948 2717 4009 in
2767 3964 2960 4027 regno
3008 3948 3169 4009 Juda
3212 3949 3577 4011 manebant.

573 4050 1020 4125 Feceruntque
1035 4044 1172 4120 filii
1186 4045 1414 4113 Israel,
1437 4043 1553 4120 qui
1577 4043 1992 4101 inventisunl
2101 4050 2425 4125 Factaque
2451 4056 2539 4107 est
2567 4048 2840 4123 qrandae's
2877 4049 3205 4106 celebritas
3237 4048 3307 4107 in
3334 4051 3589 4109 Jerusa-

475 4152 570 4209 in
593 4148 990 4212 Jerusalem,
1015 4142 1466 4201 solennitatem
1486 4142 1890 4216 Azymorum
1906 4160 1992 4198 se·
2103 4148 2252 4213 lem,
2278 4146 2493 4222 qualis
2520 4166 2561 4203 a
2585 4146 2809 4204 diebus
2826 4147 3192 4205 Salomonis
3216 4147 3351 4223 filii
3370 4147 3589 4205 David

469 4256 671 4326 ptem
709 4244 936 4304 diebus
979 4243 1054 4300 in
1092 4240 1324 4301 laetitia
1357 4258 1617 4313 maana,
1653 4241 1989 4298 laudantes
2021 4242 2069 4303 D
2102 4244 2270 4319 reyis
2299 4246 2505 4303 Israel
2533 4245 2604 4303 in
2644 4264 2719 4303 ea
2767 4246 2922 4303 urbe
2970 4264 3101 4303 non
3127 4244 3348 4320 fuerat
3374 4262 3397 4303 .·
3436 4244 3593 4324 quia

481 4344 854 4408 Dominum
883 4361 1006 4419 per
1031 4340 1320 4415 sz'nyulos
1347 4339 1484 4398 dies
1515 4358 1538 4397 .·
1565 4339 1807 4398 Levitoe
1837 4358 1990 4415 quo·
2103 4358 2231 4402 non
2277 4340 2481 4403 solum
2517 4340 2878 4420 gaudebant
2905 4340 3006 4403 his
3037 4340 3261 4404 diebus
3304 4342 3382 4405 de
3428 4341 3590 4406 l'esto

479 4464 618 4525 que
643 4451 705 4502 et
735 4442 1110 4509 sacerdotes,
1133 4458 1256 4516 per
1285 4456 1531 4513 oryana
1569 4457 1712 4515 quae
1747 4456 1860 4495 suo
1897 4438 1993 4514 os·
2103 4438 2421 4520 paschali3
2468 4439 2577 4500 sed
2626 4446 2687 4501 et
2734 4439 2811 4501 de
2861 4440 3081 4521 templi
3132 4441 3465 4522 repentina
3516 4462 3589 4505 ac

477 4543 644 4623 ficio
675 4540 1136 4616 conqruebant.
1176 4538 1263 4596 Et
1293 4538 1537 4597 locutus
1564 4544 1653 4595 est
1679 4536 1992 4596 Ezechias
2103 4556 2407 4619 prospera
2434 4538 2907 4616 emundatione,
2930 4539 3008 4601 de
3036 4538 3239 4601 divini
3269 4540 3479 4602 cultus
3502 4560 3594 4603 re-

483 4644 584 4704 ad
608 4658 720 4701 cor
761 4639 1061 4697 omnium
1089 4636 1500 4703 Levitarum,
1533 4633 1728 4697 verba
1768 4651 1992 4696 conso·
2103 4636 2455 4717 paratione,
2489 4636 2567 4697 de
2596 4634 3048 4699 reformatione
3078 4637 3270 4700 totius
3305 4638 3480 4717 regni
3524 4638 3589 4700 in

486 4738 729 4803 latoria
757 4744 824 4799 et
854 4732 1342 4816 beneplacentia
1379 4732 1470 4794 eis
1504 4732 1844 4814 loquendo,
1880 4734 1997 4811 qui
2105 4733 2363 4811 melius·‚
2416 4742 2479 4797 et
2524 4735 2675 4816 quia
2723 4754 2799 4797 ex
2845 4735 3063 4797 decem
3116 4735 3409 4797 tribubus
3462 4746 3590 4799 tam

485 4839 818 4899 habebant
857 4833 1363 4908 intelligentiam
1399 4834 1630 4892 bonam
1662 4852 1854 4908 super
1880 4834 1998 4891 Do-
2105 4832 2292 4894 multi
2332 4842 2798 4908 convenerant3
2829 4834 2908 4896 de
2947 4833 3397 4915 purificatione
3437 4853 3589 4915 quo·

491 4939 696 5005 mino,
715 4934 832 4996 hoc
853 4940 1100 5013 est,per
1117 4928 1445 4992 scientiam
1468 4929 1755 5011 sapidam
1777 4928 2000 4993 forma·
2106 4948 2233 5011 que
2261 4938 2323 4991 et
2352 4931 2763 4995 innovatione
2797 4930 3158 4994 Levitarum
3200 4940 3263 4994 et
3301 4932 3590 4995 sacerdo·

493 5046 652 5111 tam,
678 5030 1158 5117 practicamque
1189 5027 1585 5104 notitiam,et
1617 5047 1729 5109 per
1759 5030 2000 5112 sapien·
2111 5035 2266 5105 tum,
2304 5037 2366 5091 et
2405 5029 2557 5109 quia
2597 5028 2935 5111 sperabant
2964 5028 3086 5092 sibi
3118 5030 3196 5092 de
3241 5038 3453 5092 cetero
3490 5029 3599 5091 ad-

189 5158 420 5209 1·.1n‚2.
497 5135 662 5198 tiam
709 5131 1081 5204 salutarem,
1114 5146 1258 5208 quae
1306 5134 1402 5189 est
1447 5128 1686 5189 donum
1728 5127 2000 5209 Spiritus
2110 5124 2397 5188 futurum
2426 5126 2775 5208 gratiosum
2804 5126 2911 5188 Dei
2943 5126 3271 5189 auxilium.

495 5231 744 5307 Sancti,
798 5226 1142 5291 Dominum
1191 5234 1644 5305 cognoverunt.
1681 5229 1767 5288 Et
1806 5250 2004 5290 come-
2190 5228 2639 5286 Sui-rexerunt
2664 5235 2879 5285 autem
2905 5230 3255 5287 sacerdotes
3272 5236 3463 5306 atque
3489 5230 3599 5291 Le·

491 5336 744 5393 derunt
771 5335 1010 5405 septem
1035 5326 1261 5385 diebus
1287 5326 1711 5399 solennitatis,
1761 5326 1998 5406 quibus
2115 5330 2287 5396 vitae,
2318 5326 2744 5386 benedicentes
2763 5326 3025 5401 populo,
3048 5326 3137 5386 Et
3162 5328 3476 5387 exaudita
3504 5334 3594 5388 est

759 5460 828 5513 T.
861 5460 914 5510 4.
3290 5460 3352 5511 17
