4309 6259
112 4306 210 4358 Sap.
228 4320 281 4355 ix
299 4310 363 4347 10.

1215 533 1559 583 ENARRA'mo
1605 539 1664 583 ΙΝ
1708 536 1843 583 cAP.
1892 532 2088 583 XXVIII
2128 532 2254 583 1013.
2301 559 2382 569 —
2423 534 2564 585 ΛΒΤ.
2613 532 2682 585 LV

3367 525 3484 587 627

374 708 619 783 vimuS,
647 706 971 788 sapimus3
1010 707 1153 767 huic
1188 708 1240 768 si
1274 726 1737 788 comparamur,
1764 728 1877 770 nec
1908 708 1959 769 A
1990 716 2107 783 est,
2142 728 2180 770 a
2227 709 2404 771 nullo
2457 710 2821 772 mortalium
2869 710 2933 771 in
2980 711 3096 773 hac
3149 710 3276 773 vita
3321 712 3492 775 clare

374 806 693 887 sapimuS,
722 824 839 867 nee
870 805 1148 868 vivimus
1182 806 1464 881 omnino,
1488 826 1603 869 nec
1636 826 1875 868 sumus.

376 906 539 967 Hinc
574 903 789 967 Sancti
820 921 1064 978 omneS‚
1102 905 1357 983 quando
1400 904 1463 965 in
1497 905 1740 967 visione
1770 906 1879 966 Dei

376 1003 764 1084 proficiunt,
792 1010 1033 1082 quanto
1066 1001 1267 1081 magis
1298 1002 1663 1065 Divinitatis
1696 1003 1882 1065 inter-

380 1120 466 1163 na
514 1100 947 1183 conspiciunt,
986 1108 1159 1161 tanto
1202 1100 1403 1179 magis
1442 1120 1509 1161 sc
1549 1100 1709 1162 nihil
1744 1120 1881 1163 esse

378 1208 805 1279 cognoscunt..
848 1202 1161 1261 Trahitur
1200 1209 1417 1259 aute-m
1453 1201 1775 1277 sapientia
1805 1202 1883 1259 de

381 1301 707 1359 occultis:
747 1299 899 1379 quia
947 1297 1295 1359 invisibilis
1342 1298 1673 1373 exsistens,
1721 1298 1884 1359 invi-

381 1396 665 1459 sibiliter
723 1396 1051 1458 invenitur
1101 1404 1290 1477 atque
1345 1396 1743 1477 percipitur3
1807 1415 1883 1458 ex

383 1495 1027 1577 incomprehensibili
1078 1513 1335 1575 quoque
1380 1495 1485 1557 Dei
1532 1495 1765 1576 pietate
1814 1513 1886 1556 ac

380 1612 657 1656 censura
701 1592 1090 1667 infunditur,
1143 1602 1203 1655 et
1255 1592 1574 1655 interdum
1626 1612 1737 1674 pro
1786 1612 1889 1655 oc-

382 1691 765 1756 cultissimis
826 1691 1070 1753 meritis
1126 1692 1261 1773 ipsa
1316 1711 1427 1772 per
1483 1691 1699 1770 gratiae
1759 1710 1888 1753 suae

383 1790 1036 1853 communicationem
1078 1808 1145 1852 se
1186 1798 1461 1871 praestat.
1498 1791 1588 1851 Ad
1628 1790 1765 1871 ejus
1797 1789 1888 1851 in-

1991 824 2104 888 per
2136 807 2418 888 speciem
2449 810 2754 871 cernitur.
2777 808 2953 881 Quod
2986 809 3039 871 si
3061 810 3385 891 aliquibus
3421 812 3486 872 in

1990 906 2107 967 hac
2138 906 2270 967 vit-a
2309 906 2527 967 datum
2569 916 2665 968 est
2696 908 2892 968 Deum
2936 907 3152 971 videre
3193 926 3305 989 per
3361 928 3492 990 spe-

1990 1002 2180 1080 ciem,
2215 1004 2379 1065 sicut
2432 1004 2751 1087 praeeipue
2801 1006 2878 1067 de
2932 1006 3138 1087 Moyse
3189 1014 3252 1067 et
3299 1006 3491 1069 Paulo

1992 1102 2218 1162 asserit
2259 1102 2695 1183 Augustinus;
2733 1112 2942 1165 tamen
2995 1122 3110 1185 pro
3159 1113 3312 1166 tune
3361 1122 3491 1167 non

1994 1199 2296 1263 vivebant
2353 1201 2485 1263 vita
2537 1202 2841 1265 sensitiva
2904 1203 3203 1278 humana,
3261 1204 3372 1266 sed
3424 1204 3490 1265 in

1998 1299 2274 1359 maxima
2303 1308 2482 1361 erant
2511 1300 2934 1363 abstractione
2964 1309 3024 1362 et
3058 1301 3306 1363 ecstasi.
3330 1301 3488 1364 Hinc

1994 1396 2084 1457 ait
2113 1396 2452 1477 Gregorius
2489 1416 2502 1459 :
2539 1397 2850 1471 Quamdiu
2879 1398 2984 1461 hic
3016 1399 3366 1461 mortaliter
3398 1399 3491 1463 vi-

1994 1494 2187 1569 vitur,
2227 1495 2425 1557 videri
2468 1514 2581 1577 per
2619 1498 2927 1577 quasdam
2967 1496 3280 1579 imagines
3312 1504 3374 1559 et
3415 1496 3490 1557 fi-

1995 1611 2184 1671 guras
2216 1594 2382 1655 Deus
2422 1602 2653 1674 potest,
2685 1596 2792 1655 sed
2840 1614 2954 1676 per
3001 1594 3204 1676 ipsam
3249 1604 3490 1657 naturae

1996 1710 2125 1753 suae
2176 1692 2454 1773 speciem
2505 1711 2631 1754 non
2682 1701 2911 1773 potest.
2971 1692 3185 1755 Refert
3235 1712 3492 1775 quoque

1996 1788 2334 1867 Gregorius
2366 1791 2675 1869 quosdam
2714 1790 2932 1866 fuisse,
2957 1791 3068 1871 qui
3093 1791 3284 1853 Deum
3319 1792 3492 1854 dixe·-

384 1908 580 1971 super
625 1888 969 1969 aliqualem
1012 1888 1461 1966 cognitionem,
1507 1907 1582 1949 ex
1622 1888 1887 1951 occultis
1925 1887 1970 1947 B
2000 1895 2149 1948 runt
2181 1888 2247 1948 in
2280 1889 2508 1968 patria,
2553 1907 2680 1951 non
2724 1890 2789 1950 in
2834 1897 3060 1951 natura
3099 1910 3234 1965 sua,
3280 1890 3490 1951 sedin

384 2007 601 2050 rerum
654 1986 1176 2068 proprietatibus,
1228 1986 1471 2047 naturis
1531 1994 1593 2048 et
1640 1984 1887 2047 actibus

386 2085 714 2148 subtiliter
773 2084 1189 2147 consideratis
1251 2103 1701 2165 promovemur
1752 2101 1765 2144 z
1823 2084 1886 2143 in

386 2185 521 2247 suis
552 2184 796 2265 quippe
830 2184 1067 2246 relucet
1101 2182 1467 2245 effectibus.

468 2285 618 2345 AVon
654 2284 1109 2360 adaequabitur
1128 2286 1189 2341 ei
1212 2284 1505 2360 topazius
1540 2284 1618 2340 de
1637 2284 1889 2341 ΛΕΜ-ἰο-

377 2384 525 2459 pia.
542 2381 657 2444 Per
679 2380 1015 2462 topazium,
1041 2380 1315 2462 lapidem
1336 2379 1885 2461 pretiosissimum,

385 2478 563 2541 omni
607 2479 821 2541 colore
854 2488 1147 2542 ornatum
1184 2498 1255 2541 ac
1289 2478 1710 2559 splendidum,
1744 2477 1888 2558 qui-

386 2598 671 2659 cumque
719 2578 818 2641 vir
860 2578 1185 2659 perfectus
1230 2597 1305 2639 ex
1352 2576 1708 2656 gentilitate
1748 2578 1891 2657 (per

387 2676 781 2757 :Ethiopiam
826 2675 1179 2754 designata)
1214 2693 1579 2750 conversuS‚
1622 2673 1891 2736 diversis

392 2775 705 2836 virtutum
729 2782 920 2854 atque
940 2775 1249 2836 donorum
1276 2772 1761 2836 charismatibus
1785 2772 1893 2833 ‚mi-

390 2892 571 2948 canS,
605 2872 1010 2954 significatur
1039 2890 1051 2934 :
1088 2872 1199 2952 qui
1232 2872 1699 2952 quantumlibet
1732 2890 1894 2933 com-

392 2971 758 3047 mendatur,
780 2970 1121 3051 Sapientiae
1151 2990 1294 3051 quae
1313 2969 1599 3032 Christus
1620 2979 1736 3045 est,
1763 2986 1889 3033 non

1998 1984 2285 2047 claritate
2317 2004 2430 2047 sua
2459 1986 2661 2048 videri
2698 2004 2712 2047 ε
2747 1987 2930 2069 cujus
2963 1988 3328 2069 oppositum
3352 2006 3492 2069 pro-

1997 2082 2105 2145 bat
2151 2082 2490 2165 Gregorius
2551 2104 2663 2165 per
2711 2086 3099 2147 certissimas
3150 2086 3490 2168 Scripturae

1998 2182 2427 2258 auctoritateS‚
2453 2192 2516 2245 et
2550 2184 2812 2260 ratione,
2837 2184 3140 2264 quoniam
3179 2185 3301 2247 Deo
3322 2184 3490 2246 idem

1999 2288 2093 2341 est
2132 2300 2248 2341 sua
2291 2289 2536 2357 natura,
2577 2300 2818 2363 suaque
2857 2282 3132 2344 claritas,
3162 2283 3492 2345 Verumta-

1999 2397 2143 2440 men
2168 2378 2306 2440 istis
2337 2379 2596 2443 obviare
2627 2381 2879 2443 videtur
2909 2382 3078 2462 quod
3113 2381 3378 2462 Sapiens
3401 2382 3492 2443 in-

2000 2476 2175 2538 ducit
2211 2494 2224 2537 :
2261 2477 2581 2558 Sapientia
2623 2478 2809 2541 facile
2842 2480 3094 2541 videtur
3134 2479 3215 2541 ab
3246 2478 3345 2541 his
3377 2480 3490 2560 qui

2000 2574 2277 2655 diligunt
2303 2575 2500 2651 illam,
2522 2584 2584 2638 et.
2615 2576 2938 2639 invenitur
2958 2577 3037 2638 ab
3057 2576 3158 2639 his
3190 2577 3302 2658 qui
3325 2596 3490 2659 quae-

2004 2683 2149 2734 runt
2182 2674 2355 2736 illam
2384 2699 2398 2751 ;
2433 2684 2832 2758 praeoccupat
2863 2695 2969 2738 eos
3007 2676 3118 2757 qui
3162 2696 3230 2738 se
3259 2695 3492 2740 concu-

2002 2772 2277 2853 piscunt.
2300 2774 2374 2834 Et
2406 2775 3120 2855 respondendum,quod
3151 2775 3272 2837 hoc
3301 2784 3492 2856 atque

2002 2871 2260 2947 similia,
2297 2872 2374 2933 de
2421 2872 2788 2952 cognitione
2830 2873 2998 2935 clara
3049 2892 3161 2954 per
3209 2872 3488 2954 speciem

2003 2987 2128 3031 non
2165 2969 2507 3050 profertur,
2542 2971 2650 3033 scd
2692 2971 2770 3032 de
2804 2970 3177 3052 imperfecta
3217 2971 3492 3051 quadam

390 3076 704 3151 aequatur.
734 3071 864 3131 Nec
888 3071 1185 3129 tincturoe
1217 3070 1681 3140 mundissimae,
1706 3068 1768 3130 id
1800 3076 1894 3130 est
1927 3068 1971 3131 C
2004 3066 2250 3143 notitia,
2276 3086 2403 3147 qua
2434 3066 2626 3129 etiam
2650 3068 2810 3129 Deus
2845 3068 3151 3131 facillime
3181 3089 3218 3130 a
3247 3068 3493 3131 cunctis

390 3166 799 3247 quibuslibet
852 3166 1199 3229 virtutibus
1252 3167 1609 3229 eminenter
1657 3167 1887 3241 ornati,

392 3286 505 3329 seu
558 3266 829 3328 virtutes
879 3274 1125 3341 creatae,
1180 3266 1473 3346 quamvis
1522 3265 1893 3327 clarissimas

395 3365 461 3426 in
507 3384 627 3427 suo
669 3363 916 3440 ordine,
953 3375 1437 3441 componentur,
1481 3364 1543 3424 id
1574 3372 1691 3439 est,
1729 3363 1895 3444 sapi-

394 3462 587 3525 entiae
626 3462 821 3543 hujus
865 3461 1425 3543 comparabuntur,
1461 3479 1605 3542 quae
1640 3470 1735 3523 est
1768 3462 1894 3523 vir-

393 3570 498 3622 tus
531 3570 591 3623 et
625 3560 929 3622 sanctitas
965 3578 1080 3641 per
1110 3559 1473 3635 essentiam,
1510 3578 1893 3639 omnemque

395 3659 861 3741 perfectionem
907 3658 1099 3720 habet
1139 3677 1253 3739 per
1292 3658 1701 3720 eminentiam
1750 3656 1894 3718 infi-

396 3760 621 3820 nitam.

504 3860 685 3917 Unde
732 3876 879 3933 erqo
928 3856 1250 3932 sapientia
1303 3857 1475 3914 venit
1498 3858 1526 3914 ‚2
1573 3853 1893 3935 Sapientia

398 3956 521 4017 ista
564 3954 868 4029 increata,
904 3953 1071 4014 sicut
1111 3972 1147 4013 a
1180 3952 1360 4013 Patre
1403 3960 1638 4014 aeterno
1677 3970 1894 4032 proce-

396 4053 511 4129 dit,
551 4052 641 4115 ita
670 4052 753 4114 ab
785 4070 861 4114 eo
896 4050 1067 4113 venit
1100 4070 1172 4112 ac
1206 4050 1501 4122 mittitur,
1540 4058 1729 4131 prout
1761 4068 1895 4131 pro-

124 4181 366 4229 ΛΜΗ...
400 4160 707 4215 testatur:
733 4149 913 4211 Exivi
936 4169 973 4210 a
1000 4149 1199 4225 Patre,
1220 4158 1279 4210 et
1300 4168 1445 4210 veni
1476 4148 1541 4209 in
1564 4149 1887 4209 mundum.

2002 3165 2426 3244 cognoscitur,
2445 3173 2752 3245 quantum
2782 3167 2858 3227 ad
2883 3166 3034 3246 quia
3063 3175 3180 3243 est,
3202 3175 3264 3229 et
3284 3167 3493 3248 quoad

2002 3264 2247 3343 aliquas
2279 3282 2424 3325 suas
2455 3263 2886 3345 proprietateS,
2910 3283 3051 3344 quae
3082 3284 3156 3325 cx
3187 3264 3493 3328 creat-uris

2001 3362 2079 3423 de
2114 3359 2285 3424 facili
2319 3363 2823 3443 perpenduntur.

2100 3463 2389 3521 Vol-acres
2426 3481 2674 3539 qaoque
2712 3462 2857 3519 coelt'
2886 3464 3061 3531 latet,
3109 3460 3173 3522 id
3214 3469 3310 3523 est
3358 3461 3496 3524 ani-

2004 3576 2137 3618 mas
2183 3556 2706 3638 contemplativas
2749 3576 2860 3619 seu
2909 3557 3169 3635 angelos
3213 3567 3486 3636 sanctOS‚

2006 3654 2164 3737 [qui]
2226 3655 2310 3715 ita
2371 3655 2710 3717 increatam
2759 3655 3147 3737 Sapientiam.
3208 3674 3493 3737 compre-

2002 3754 2266 3815 hensive
2300 3772 2424 3815 non
2458 3753 2689 3830 sciunt,
2712 3772 2828 3815 nec
2863 3753 3101 3829 vident,
3138 3753 3203 3815 id
3235 3762 3332 3815 est
3363 3762 3488 3815 tam

2006 3851 2283 3933 perfecte
2313 3860 2377 3913 et
2415 3852 2605 3927 clare,
2641 3852 2804 3913 sicut
2846 3852 2982 3932 ipsa
3015 3862 3089 3912 ex
3121 3870 3188 3913 se
3229 3870 3494 3931 cognos-

2002 3950 2214 4013 cibilis
2243 3950 2653 4011 exstat.Sicut
2672 3950 2846 4011 enim
2869 3948 3144 4012 infinitae
3167 3957 3261 4011 est
3290 3958 3495 4012 actua·

2003 4048 2326 4122 litatis‚ita
2356 4056 2450 4110 est
2483 4057 2545 4109 et
2577 4046 2852 4110 infinitae
2883 4046 3488 4127 cognoscibilitatis:

2006 4147 2240 4209 idcirco
2289 4167 2326 4208 a
2371 4147 2547 4209 nullo
2598 4146 2924 4209 inttllectu
2967 4145 3491 4227 comprehensive

400 4251 668 4333 Sapiens
700 4268 957 4331 quoque
988 4248 1247 4329 quidam
1274 4248 1481 4329 petit:
1515 4248 1686 4309 Mitte
1718 4247 1893 4309 illam
1926 4253 1975 4313 D
2002 4245 2418 4326 conspicitur,
2466 4244 2588 4306 nisi
2632 4244 2742 4326 qui
2787 4244 3058 4307 infinitae
3100 4253 3195 4305 est
3244 4244 3490 4325 perspi-

398 4370 435 4411 a
463 4351 615 4412 sede
648 4347 1109 4428 magnitudinis
1143 4356 1286 4421 tum,
1324 4355 1391 4407 ut
1424 4366 1669 4408 mecum
1704 4346 1807 4420 sit,
1833 4355 1894 4407 et

398 4467 652 4511 mecum
705 4446 969 4509 laboret.
1004 4448 1091 4506 Ec
1135 4447 1279 4524 quis
1317 4456 1406 4504 est
1447 4449 1615 4505 locus
1657 4446 1896 4505 intelli-

392 4546 633 4631 ,qente'ce
656 4546 685 4603 ,2
722 4542 1151 4621 Intelligentia
1182 4542 1315 4605 haec
1356 4550 1417 4604 et
1449 4541 1769 4622 Sapientia
1802 4542 1895 4603 in-

112 4660 365 4713 ammas.
400 4650 632 4718 creat-a,
667 4648 763 4704 est
795 4642 860 4702 in
892 4639 1036 4702 sinu
1067 4640 1286 4715 Patris,
1324 4649 1393 4701 ut
1425 4641 1490 4701 in
1520 4641 1759 4702 Joanne
1786 4639 1894 4701 ha-

399 4740 586 4803 betur
638 4758 653 4801 :
709 4740 838 4801 imo
889 4738 1187 4819 quaelibet
1239 4738 1457 4801 divina
1504 4746 1567 4799 et
1617 4738 1895 4799 increata

398 4838 673 4901 Persona
705 4844 801 4899 est
832 4836 898 4897 in
932 4835 1056 4896 alia
1078 4834 1775 4897 circuminccssibilitcr
1800 4855 1895 4898 ve-

400 4956 467 4999 re
498 4944 561 4999 et
594 4933 1160 4998 inconfusibiliter.
1182 4932 1391 4995 Nihilo
1423 4934 1658 5007 minuS,
1685 4934 1893 4996 omnis

397 5054 581 5098 mens
612 5042 845 5109 ereata,
882 5032 1117 5095 divinae
1138 5031 1477 5112 Sapientiae
1506 5033 1893 5114 contempla-

400 5135 529 5197 tiva
579 5131 872 5207 amatrix,
909 5131 1107 5206 locuS,
1145 5129 1453 5211 templum
1498 5138 1560 5191 et
1598 5130 1888 5207 thronuS,

398 5231 1006 5313 receptaculumque
1058 5228 1259 5309 ipsius
1312 5236 1593 5289 vocatur.
1628 5230 1894 5289 Abscon-

397 5334 543 5392 dita
582 5340 671 5390 est
708 5332 787 5389 ab
829 5330 1031 5388 oculis
1072 5328 1366 5386 omniu-m
1414 5328 1792 5398 viventium,
1827 5328 1887 5388 id

2002 4344 2286 4406 cacitatis
2327 4352 2390 4405 et
2429 4342 2861 4424 perfectionis
2897 4342 3072 4404 Unde
3112 4344 3284 4406 solus
3323 4343 3486 4405 Deus

2002 4442 2486 4524 comprehendit
2527 4460 2594 4503 sc
2637 4442 2869 4523 ipsum.
2905 4442 2980 4501 Et
3018 4442 3096 4503 de
3133 4442 3242 4503 tali
3273 4440 3489 4521 cogni-

2003 4542 2176 4604 tione
2212 4541 2417 4621 accipi
2459 4548 2662 4621 potest
2705 4539 2862 4602 illud
2898 4540 3181 4620 Apostoli
3219 4558 3232 4601 :
3265 4541 3488 4602 Beatus

2001 4648 2063 4701 ct
2097 4640 2269 4701 solus
2316 4647 2542 4719 potens
2575 4639 2700 4699 Rex
2736 4657 2976 4717 regum,
3011 4637 3121 4719 qui
3171 4639 3342 4701 solus
3380 4639 3489 4700 ha-

2001 4737 2106 4799 bet
2151 4736 2714 4812 immortalitatem,
2748 4744 2811 4797 et
2862 4737 3064 4798 lucem
3106 4736 3349 4798 habitat
3394 4736 3488 4797 in-

1998 4835 2475 4907 accessibilem3
2521 4854 2709 4915 quem
2763 4833 2975 4894 nullus
3024 4833 3355 4896 hominum
3396 4834 3487 4897 vi-

1998 4935 2110 5009 dit,
2148 4935 2258 4996 sed
2294 4954 2406 4997 nec
2441 4934 2657 4996 videre
2687 4940 2913 5015 potest.
2941 4931 3199 4995 Divinus
3230 4950 3485 5014 quoque

2000 5032 2333 5113 Dionysius
2364 5033 2453 5093 ait
2483 5041 2658 5093 sexto
2679 5030 2966 5092 Coelestis
2998 5029 3369 5092 hierarchiae
3389 5049 3486 5092 ca·

1999 5130 2224 5212 pitulo,
2261 5130 2428 5211 quod
2479 5128 2687 5207 angeli
2739 5128 2992 5191 divinos
3039 5136 3297 5190 ornatus
3346 5146 3486 5209 per-

2002 5228 2165 5291 fecte
2213 5246 2339 5289 non
2384 5228 2618 5301 sciunt,
2670 5226 2778 5288 sed
2838 5225 2971 5287 sola
3019 5225 3235 5286 divina
3283 5226 3485 5288 virtus

1998 5328 2296 5409 princeps
2339 5327 2532 5389 totius
2572 5324 3080 5387 illuminationis

3538 2502 3640 2558 Sap.
3655 2504 3782 2553 v1‚l3,

3524 2567 3586 2606 14.

3553 4566 3566 4608 l
3594 4568 3700 4611 Tim.
3719 4582 3756 4610 vt
3771 4606 3780 4621 ,

3521 4632 3583 4681 ¹5,
3609 4633 3672 4671 ¹6.
