4309 6259
883 470 1003 533 450
1757 486 2103 533 ansanum
2145 487 2208 531 ιΝ
2250 487 2387 531 car.
2434 485 2475 531 x
2515 486 2643 532 soa.
2686 505 2768 517 —
2808 487 2951 533 aar.
2996 487 3119 533 xxv

885 654 1154 717 infantia
1211 655 1414 718 crevit
1471 674 1720 717 mecum
1782 656 2128 733 miseratiO,
2184 664 2247 718 et
2296 657 2373 718 de
2404 655 2453 717 A
2484 656 2655 717 niam
2690 656 2877 719 tertio
2906 657 3143 737 Regum
3176 656 3471 719 Salomon
3503 654 3806 736 loquitur,
3834 654 3971 717 Non
4005 670 4215 723 mamm.

885 762 1065 815 utero
1097 772 1350 833 egressa
1379 762 1477 815 est
1505 772 1776 816 mecum.
1801 757 1888 815 Ec
1917 756 2205 814 visitatio
2240 765 2374 823 cua,
4003 735 4073 777 ⁴⁶2
4102 734 4215 775 Set-'e-

2484 762 2581 816 est
2612 754 2804 817 homo
2844 774 3035 837 super
3078 762 3328 830 terram,
3362 754 3473 835 qui
3509 752 3699 814 faciat
3727 751 3969 813 bonum
4004 796 4137 845 mn„

885 852 948 913 id
991 859 1084 913 est
1125 850 1590 914 beneficiorum
1633 860 1882 913 tuorum
1925 851 2201 932 largitio,
2235 870 2377 931 gra-
2484 860 2547 914 et
2580 870 2704 914 non
2737 861 2991 933 peccet3
3022 856 3198 913 etad
3225 856 3449 913 horam
3470 852 3820 929 pepercisti
3850 853 3977 909 mi-

2484 951 2573 1020 hi,
2600 950 2662 1011 id
2694 958 2805 1026 est,
2832 968 2959 1012 non
2991 949 3204 1011 statim
3235 967 3432 1029 quum
3463 966 3848 1030 peccassem,
3871 966 3975 1007 me

2485 1048 2819 1129 punivisti,
2848 1049 2957 1110 sed
2990 1047 3403 1130 paternaliter
3431 1045 3736 1108 distulisti
3767 1047 3973 1108 donec

2484 1145 2726 1207 correxi
2754 1169 2769 1219 3
2802 1166 2920 1205 cm·
2948 1149 3029 1206 ab
3060 1147 3409 1224 iniquitate
3436 1164 3575 1205 mea
3606 1144 3763 1206 olim
3802 1162 3977 1205 com-

2482 1244 2699 1319 missa,
2735 1244 2921 1325 cujus
2952 1244 3149 1306 dilata
3180 1242 3386 1305 fuerat
3416 1260 3625 1325 poena,
3654 1245 3977 1302 mundum

2486 1362 2584 1402 me
2612 1363 2739 1401 esse
2768 1363 2895 1402 non
2924 1344 3215 1419 pateris?
3251 1342 3314 1403 id
3354 1349 3473 1417 est,
3506 1359 3619 1403 cur
3658 1360 3763 1402 me
3803 1358 3977 1401 nunc

2488 1448 2789 1522 tanquam
2829 1439 3067 1520 justum
3109 1441 3236 1501 non
3278 1438 3519 1503 desinis
3558 1438 3975 1520 impunitum,

2487 1540 2597 1601 sed
2639 1548 2897 1619 peccata
2934 1558 3076 1619 quae
3106 1556 3222 1617 ego
3254 1536 3490 1600 deflevi
3522 1546 3582 1600 et
3614 1537 3976 1612 emendavi,

2488 1636 2647 1698 mihi
2678 1638 2868 1699 modo
2902 1636 3201 1717 imponiS,
3240 1644 3301 1699 et
3340 1655 3442 1698 me
3480 1636 3664 1718 quasi
3702 1635 3983 1697 maculo-

2489 1753 2627 1795 sum
2661 1753 2776 1815 per
2805 1742 3043 1796 tantam
3075 1733 3325 1815 plagam
3358 1734 3685 1797 ostendis?
3709 1733 3827 1795 Per
3857 1732 3981 1795 hoc

884 950 1118 1011 tiarum
1160 948 1455 1025 influxio,
1491 949 1770 1011 clemens
1810 950 2234 1026 conservatiO,
2268 971 2375 1009 cu-

884 1050 1149 1107 stodivit
1186 1049 1492 1125 spiritum
1535 1068 1774 1117 meum,
1816 1047 1879 1108 id
1930 1056 2046 1123 est,
2095 1048 2373 1109 animam

884 1164 1090 1207 meam
1124 1145 1528 1208 conservavit
1559 1146 1624 1206 in
1658 1144 1787 1207 vita
1818 1146 2147 1226 hucusque
2179 1155 2241 1208 et
2274 1164 2377 1208 ne-

885 1244 1159 1305 cessaria
1191 1243 1389 1306 victui
1430 1243 1694 1317 tribuit3
1737 1262 1840 1305 me
1878 1262 2134 1324 quoque
2166 1263 2203 1306 a
2231 1263 2376 1325 pec-

885 1340 1044 1403 catis
1106 1340 1383 1415 retraxit,
1437 1350 1500 1403 et
1561 1341 1626 1402 in
1683 1341 1886 1421 gratia
1945 1342 2368 1405 conservavit.

887 1438 1062 1511 Quod
1113 1439 1301 1501 etiam
1353 1438 1516 1500 Deus
1568 1437 1798 1520 partim
1847 1459 1958 1520 per
2001 1440 2375 1519 angelorum

890 1535 1044 1598 facit
1073 1536 1452 1599 custodiam.
1487 1536 2028 1609 Quemadmodum
2062 1546 2275 1599 autem
2310 1538 2377 1599 in

889 1634 1230 1716 Scripturis
1258 1634 1494 1697 dicitur
1524 1636 1688 1697 Deus
1728 1654 1765 1697 a
1796 1635 2181 1715 quibusdam
2214 1654 2379 1698 recc-

887 1733 1057 1808 dere,
1105 1732 1404 1812 quoniam
1454 1732 1722 1812 gratiam
1770 1732 2080 1794 abstrahit
2129 1734 2245 1810 eiS,
2285 1735 2377 1797 sic

889 1829 1093 1893 fertur
1142 1830 1402 1893 visitare
1453 1840 1643 1912 atque
1692 1833 1990 1894 accedere
2040 1832 2207 1895 dona
2264 1852 2377 1896 sua
2414 1831 2460 1893 B
2490 1831 2735 1912 probat,
2773 1833 2942 1912 quod
2974 1850 3089 1914 pro
3122 1832 3253 1893 suis
3285 1830 3559 1913 peccatis
3590 1849 3720 1893 non
3764 1831 3850 1893 sit
3890 1831 3983 1892 ita

887 1931 1266 2011 praestandO.

965 2026 1190 2089 Omnia
1239 2027 1372 2089 haec
1423 2037 1680 2091 sanctus
1720 2027 1836 2091 Job
1882 2029 2250 2105 introduxit,
2295 2031 2374 2092 ad

887 2124 1342 2187 insinuandum
1373 2127 1546 2206 quod
1578 2126 1795 2188 omnia
1826 2145 1968 2207 quae
2008 2127 2074 2188 in
2114 2128 2375 2190 homine

887 2231 1056 2298 sunt,
1101 2223 1228 2284 Deo
1277 2222 1405 2284 sint
1455 2232 1626 2301 nota,
1675 2232 1738 2286 et
1782 2226 1860 2287 ad
1905 2224 2371 2306 impetrandum

885 2320 1387 2383 misericordiam
1421 2322 1559 2402 ejus
1591 2341 1666 2384 ex
1699 2323 1971 2404 propriae
2011 2321 2375 2402 fragilitatis

885 2426 949 2481 et
980 2418 1484 2500 imperfectionis
1516 2418 1938 2483 confessione.
1965 2421 2269 2501 Itemque,
2295 2423 2373 2484 ad

886 2516 1283 2579 innuendum
1329 2517 1501 2598 quod
1553 2517 1742 2579 homo
1793 2526 1922 2579 tam
1968 2517 2193 2597 fragile
2237 2539 2372 2596 vaS‚

885 2614 1200 2678 sustinere
1233 2634 1357 2678 non
1391 2615 1559 2677 valet
1591 2615 1868 2695 regulam
1902 2616 2374 2679 indeclinabilis

883 2713 1186 2795 justitioe3
1232 2715 1365 2789 sed,
1409 2721 1480 2774 ut
1517 2713 1742 2793 quinto
1781 2714 2148 2776 Ethicorum
2192 2716 2375 2778 docet

883 2811 1324 2893 Philosophus,
1369 2810 1710 2873 Hominum
1763 2820 2066 2875 rectorem
2114 2833 2373 2877 necesse

883 2920 978 2973 est
1017 2911 1110 2973 uti
1151 2910 1372 2990 regula
1417 2907 1865 2973 aedificationis
1906 2911 2148 2974 Lesbiae
2180 2931 2194 2974 ε
2231 2931 2373 2993 quae

2487 1948 2847 2011 percussus.
2901 1928 3079 2003 Quod
3127 1930 3319 1993 etiam
3371 1930 3597 2011 probat
3645 1929 3975 2010 deinceps,

2485 2027 2635 2108 quia
2663 2028 2853 2108 justis
2880 2036 3073 2109 atque
3104 2027 3361 2109 injustis
3402 2027 3830 2090 communiter
3861 2028 3975 2088 ad-

2483 2144 2668 2188 versa
2710 2126 2855 2189 vitae
2899 2126 3232 2208 praesentis
3275 2125 3600 2189 eveniunt.
3635 2127 3723 2186 Ec
3760 2127 3820 2185 si
3858 2128 3979 2184 im-

2476 2226 2633 2300 pius
2658 2225 2866 2301 fuero,
2888 2246 2982 2286 voe
3012 2227 3179 2284 mihi
3203 2234 3291 2284 est
3312 2242 3335 2284 .·
3356 2223 3506 2305 quia
3539 2231 3688 2285 tunc
3716 2223 3979 2285 damna-

2486 2321 2723 2384 tionem
2755 2340 3141 2404 promereor,
3177 2330 3241 2385 et
3267 2322 3437 2403 juste
3468 2322 3601 2383 haec
3631 2321 3876 2403 patior3
3912 2332 3979 2382 et

2481 2422 2541 2479 si
2561 2421 2788 2497 justus
2828 2419 3031 2497 fuerO,
3065 2440 3195 2481 non
3238 2422 3452 2479 levabo
3496 2428 3715 2496 caput,
3747 2419 3811 2480 id
3852 2427 3974 2495 est,

2484 2517 2975 2579 adversitatibus
3028 2517 3165 2579 istis
3210 2536 3338 2580 non
3388 2516 3710 2593 sublevor,
3764 2525 3830 2579 et
3874 2518 3979 2596 (ut

2484 2618 2775 2697 apparet)
2807 2634 2934 2678 non
2968 2615 3319 2691 relevabor,
3357 2615 3481 2677 nisi
3514 2614 3681 2678 forte
3711 2615 3779 2676 in
3810 2633 3983 2677 mor-

2486 2720 2568 2774 te.
2606 2713 2739 2789 Vel,
2775 2714 2909 2776 Non
2942 2713 3167 2777 levabo
3196 2722 3409 2794 caput,
3448 2713 3511 2775 id
3542 2720 3659 2789 est,
3694 2732 3801 2775 me
3830 2732 3979 2775 con·

2485 2819 2583 2872 tra
2614 2819 2786 2873 tuam
2816 2812 3181 2892 aequitatem
3224 2819 3286 2873 et
3326 2811 3811 2893 dispositionem
3844 2830 3977 2874 non

2484 2910 2743 2989 erigam,
2782 2929 2883 2971 me
2912 2909 3330 2991 justificando
3361 2910 3426 2970 in
3459 2916 3569 2973 tuo
3598 2918 3973 2990 conspectu,

883 3018 978 3072 est
1007 3018 1197 3085 terra,
1234 3008 1300 3070 in
1334 3027 1458 3089 qua
1491 3008 1708 3071 nullus
1749 3008 1910 3090 lapis
1950 3009 2247 3073 dolahilis
2278 3020 2373 3073 est
2407 3011 2452 3075 C
2485 3015 2672 3088 teque
2702 3008 3242 3089 reprehendendo
3262 3010 3608 3068 Saturam-s·
3626 3010 3977 3085 afflictione

881 3109 960 3170 ad
996 3107 1276 3187 regulam
1311 3114 1572 3169 rectam.
1609 3107 1833 3170 Incolae
1868 3127 2017 3171 vero
2057 3109 2255 3185 illius,
2292 3129 2372 3172 ne

881 3213 1138 3269 careant
1167 3204 1484 3280 aedificiis,
1518 3204 1764 3267 faciunt
1796 3207 2162 3288 plumbeam
2195 3229 2373 3290 regu-

875 3302 1032 3379 ·lam,
1067 3310 1139 3364 ut
1167 3301 1277 3364 ubi
1311 3302 1474 3384 lapis
1506 3321 1634 3365 non
1665 3304 1914 3366 dolatur
1945 3306 2022 3367 ad
2059 3307 2365 3387 regulam,

885 3399 1102 3480 regula
1146 3408 1444 3465 curvetur
1494 3402 1569 3463 ad
1626 3402 1941 3483 lapidem3
1986 3412 2049 3466 et
2093 3405 2201 3466 ubi
2242 3423 2367 3468 non

885 3496 1081 3560 fuerit
1127 3498 1406 3561 enormis
1455 3499 1756 3577 curvitaS,
1801 3501 2213 3563 sustineatur.
2270 3501 2371 3563 Sic

883 3597 1051 3659 inter
1083 3596 1372 3660 homines
1405 3606 1654 3679 oportet
1695 3599 1865 3679 leges
1907 3600 2235 3679 regiminis
2268 3618 2372 3662 -re-

881 3696 1050 3757 mitti
1091 3696 1169 3758 ad
1209 3694 1654 3757 infirmitatem
1697 3696 2061 3774 humanam,
2099 3706 2161 3760 et
2200 3698 2369 3779 quod

883 3793 1230 3856 enormiter
1262 3794 1601 3855 distortum
1636 3812 1763 3856 non
1795 3803 1910 3870 est,
1949 3795 2239 3857 tolerare.

959 3891 1198 3954 Deinde
1241 3890 1475 3953 fatetur
1519 3890 1586 3953 in
1630 3891 1758 3953 Deo
1797 3892 2185 3956 oblivionem
2229 3914 2372 3975 pro-

882 3990 1020 4072 prie
1069 3989 1302 4051 dictam
1345 4007 1473 4050 non
1519 4008 1678 4051 esse.
1715 3992 1894 4049 Licet
1933 3994 2066 4052 koec
2102 3997 2257 4051 celes
2297 3996 2370 4054 in

880 4090 1065 4148 corde
1091 4098 1218 4159 cuc,
1244 4087 1309 4149 id
1341 4096 1458 4163 est,
1485 4087 1776 4149 notitiam
1809 4088 2034 4150 horum
2067 4108 2209 4170 quae
2238 4091 2367 4172 jam

2480 3117 2539 3167 et
2569 3108 2860 3175 miseria,
2891 3105 2955 3168 id
2986 3114 3083 3167 est
3122 3105 3329 3187 poenis
3372 3114 3435 3168 et
3472 3104 3835 3169 calamitate
3880 3125 3975 3169 re-

2479 3203 2687 3285 pletus
2720 3203 3083 3285 multiplici,
3106 3204 3259 3283 quia
3287 3204 3620 3285 despectus
3650 3203 3731 3266 ab
3761 3205 3973 3267 omni-

2478 3300 2620 3377 buS,
2656 3310 2719 3363 et
2748 3301 2938 3363 rebus
2972 3302 3245 3363 nudatus
3278 3321 3352 3364 ac
3382 3302 3621 3365 sobole.

2559 3403 2642 3461 Ec
2664 3409 2931 3478 propter
2959 3403 3329 3477 superbiam
3358 3418 3587 3477 meam,
3620 3400 3677 3462 si
3714 3420 3821 3464 me
3858 3420 3972 3484 op-

2479 3515 2750 3578 posuero
2796 3506 2903 3559 tuo
2940 3497 3204 3578 judicio,
3240 3501 3429 3577 quasi
3458 3502 3727 3560 leaenam
3758 3503 3974 3577 capies

2480 3616 2601 3664 me,
2635 3595 2695 3657 id
2728 3604 2844 3671 est,
2873 3595 3194 3657 retiaculis
3225 3595 3687 3678 suppliciorum
3720 3616 3824 3659 me
3854 3617 3973 3659 un-

2477 3693 2670 3773 dique
2690 3693 3059 3774 angustabis
3080 3701 3271 3775 atque
3290 3694 3742 3771 circumdabis,
3757 3714 3974 3777 quem-

2477 3793 2813 3855 admodum
2846 3792 3043 3855 leaena
3073 3792 3139 3854 in
3172 3792 3415 3856 foveam
3439 3793 3629 3875 lapsa,
3646 3812 3761 3874 per
3792 3794 3973 3857 indu-

2479 3890 2665 3952 strias
2696 3890 2965 3971 capitur.
2992 3890 3149 3963 Quia
3168 3892 3265 3971 (ut
3286 3899 3501 3953 narrat
3518 3890 3889 3971 Gregorius)
3902 3892 3969 3953 in

2478 3988 2618 4069 ejus
2650 3988 2754 4052 via
2786 3986 2866 4049 fit
2898 3987 3105 4065 fovea,
3147 3990 3215 4050 in
3252 4007 3380 4069 qua
3418 4008 3611 4070 pecus
3652 3990 3915 4071 ponitur
3948 4011 3964 4053 :

2479 4087 2647 4167 quod
2690 4086 2916 4149 videns
2966 4087 3189 4163 leaena,
3235 4087 3549 4150 desiderio
3594 4087 3735 4168 ejus
3780 4107 3850 4149 se
3898 4087 3969 4149 in

880 4185 1394 4260 commemoravi,
1437 4186 1622 4266 quasi
1667 4186 1832 4248 intra
1880 4195 1944 4249 te
1990 4188 2363 4267 abscondaS,
2402 4189 2449 4250 D
2482 4183 2731 4246 foveam
2792 4184 3070 4266 projicit.
3120 4184 3324 4247 Fovea
3381 4193 3589 4246 autem
3652 4184 3821 4247 facta
3870 4194 3969 4247 est

881 4284 1033 4345 dum
1065 4302 1203 4345 eam
1237 4282 1448 4345 verbis
1482 4302 1608 4346 non
1645 4284 1890 4365 pandiS,
1927 4304 2044 4347 nec
2075 4306 2189 4368 per
2224 4306 2369 4369 ope-

883 4400 954 4443 ra
991 4388 1306 4442 monstras
1333 4404 1348 4455 3
1393 4382 1502 4443 scd
1536 4382 1624 4443 ita
1652 4400 1754 4443 me
1784 4381 1992 4462 affligi
2024 4385 2363 4465 permittiS,

880 4477 1063 4559 quasi
1109 4486 1396 4540 creatura
1439 4488 1548 4541 tua
1593 4497 1721 4542 non
1767 4500 1993 4557 essem,
2035 4491 2145 4543 aut
2182 4484 2366 4565 quasi

882 4576 1020 4638 dire
1048 4594 1424 4657 peccassem,
1438 4578 1538 4639 vel
1563 4578 1746 4659 quasi
1780 4586 1968 4641 tantae
1999 4578 2367 4661 fragilitatis

881 4674 1255 4737 naturaliter
1304 4693 1430 4737 non
1481 4675 1934 4750 consisterem3
1988 4687 2195 4740 tamen
2239 4685 2369 4742 scio

879 4772 1040 4849 quia
1070 4774 1524 4832 unt-‘versorum
1555 4774 1951 4843 memineriS,
1983 4774 2044 4836 id
2088 4785 2205 4852 est,
2242 4795 2371 4840 om-

877 4865 1057 4927 nium
1102 4866 1416 4929 actualem
1462 4868 1752 4929 notitiam
1797 4868 2016 4947 habes,
2058 4891 2175 4934 nec
2216 4892 2370 4954 prae-

881 4964 1212 5026 teritorum
1244 4964 1578 5026 immemor
1609 4984 1876 5046 usquam
1912 4966 2222 5032 efficeriS.

958 5063 1037 5121 Si
1057 5064 1323 5139 peccavi
1353 5083 1374 5121 .·
1415 5063 1584 5142 quod
1631 5062 1741 5139 ait,
1777 5064 1879 5127 vel
1921 5066 1999 5128 ad
2040 5067 2371 5130 insinuan-

878 5158 1029 5219 dum
1060 5160 1230 5240 quod
1271 5161 1616 5223 enormiter
1647 5180 1773 5224 non
1805 5164 2112 5244 peccavit,
2145 5166 2247 5228 vel
2291 5167 2369 5228 ad

883 5254 1212 5319 fatendum
1236 5259 1407 5338 quod
1429 5258 1787 5322 venialibus
1810 5280 1937 5323 non
1959 5263 2200 5326 caruit:
2222 5282 2373 5344 quo·

2480 4282 2797 4364 profunda
2834 4290 2899 4343 et
2936 4288 3224 4363 angusta,
3261 4289 3328 4343 ut
3364 4282 3428 4344 in
3466 4300 3607 4344 eam
3642 4282 3841 4344 leaena
3873 4301 3970 4345 ca-

2476 4382 2624 4443 dere
2654 4388 2867 4461 queat,
2895 4380 3004 4442 sed
3033 4379 3288 4443 exsilire
3322 4398 3447 4443 non
3480 4380 3705 4443 valeat.
3732 4380 3967 4462 Sicque

2478 4478 2887 4543 venatoribus
2925 4496 3061 4541 eam
3110 4478 3383 4560 desuper
3425 4478 3656 4541 ictibus
3698 4479 3969 4542 lanceis-

2477 4596 2601 4659 que
2632 4577 3031 4654 vexantibuS,
3058 4577 3195 4658 ipsa
3223 4577 3291 4637 in
3324 4596 3532 4639 arcam
3564 4596 3675 4639 seu
3706 4596 3965 4640 caveam

2481 4692 2677 4756 prope
2710 4674 2961 4737 foveam
2986 4693 3023 4735 a
3044 4673 3424 4736 venantibus
3457 4673 3685 4737 factam
3718 4694 3829 4737 seu
3862 4692 3969 4757 po-

2479 4773 2688 4848 sitam,
2724 4771 3011 4836 vectibus
3043 4771 3411 4835 fortissimis
3448 4772 3967 4854 circumpositam

2480 4891 2551 4934 ac
2611 4870 2889 4949 ligatam,
2944 4870 3191 4949 cogitur
3241 4869 3461 4951 fugere
3512 4879 3575 4933 et
3632 4890 3700 4933 se
3758 4870 3969 4952 ipsam

2478 4969 2919 5049 comprimere,
2940 4967 3092 5049 quia
3122 4968 3416 5030 resistere
3444 4969 3666 5049 nequit
3702 4986 3716 5029 :
3744 4968 3969 5049 sicque

2479 5067 2799 5143 conclusa,
2846 5086 2991 5129 cum
3030 5068 3320 5130 vectibus
3370 5068 3651 5131 elevatur
3694 5076 3760 5130 et
3798 5066 3973 5148 capi-

2480 5174 2602 5227 tur.
2644 5168 3103 5245 Reum-mque,
3140 5183 3267 5228 non
3312 5184 3425 5246 per
3466 5173 3635 5227 tuam
3676 5163 3973 5227 mutatio-

2480 5281 2651 5338 nem,
2694 5263 2805 5324 sed
2846 5280 2957 5343 per
2994 5281 3329 5343 poenarum
3378 5282 3662 5325 mearum
3700 5262 3983 5326 innova-
