4309 6259
1252 533 1599 581 mannum
1643 535 1702 580 IN
1746 534 1882 579 cAP.
1931 534 1952 579 1
1991 532 2118 580 ³013.
2162 552 2243 563 --
2283 534 2425 579 ART.
2473 534 2533 578 lv

3314 512 3426 576 311

333 700 398 763 in
439 710 739 777 mortem,
771 702 918 763 aliis
950 721 1100 766 vero
1139 704 1296 766 odor
1325 703 1472 767 vitae
1511 702 1578 766 in
1607 702 1828 767 vitam.
1863 702 1913 763 A
1946 702 2187 765 nedixit
2221 702 2334 764 tibi
2378 721 2504 765 non
2546 722 2694 767 vere
2737 704 2799 764 in
2829 702 3040 777 corde,
3075 702 3184 764 sed
3225 700 3291 763 in
3341 700 3432 762 fa-

330 800 512 863 Unde
539 799 838 864 diabolus
867 802 1087 865 audito
1107 822 1141 863 a
1169 803 1290 865 Deo
1313 802 1514 865 sancti
1532 802 1649 865 101)
1680 820 1836 883 praa-

332 899 547 976 conio,
571 899 788 962 acrius
819 900 1016 981 coepit
1050 900 1260 964 furere
1289 920 1363 963 ac
1393 901 1636 965 saevire.
1665 903 1837 963 Non-

331 1020 412 1059 ne
443 1008 518 1059 tu
547 1001 840 1070 vallasti,
875 998 937 1061 id
977 1008 1095 1075 est,
1132 1008 1237 1061 tua
1277 999 1674 1082 protectione
1720 999 1837 1062 cir-

331 1097 746 1173 cumdedisti,
771 1120 916 1159 eum
941 1119 1018 1161 ac
1035 1102 1322 1169 domum,
1350 1099 1412 1160 id
1435 1107 1531 1161 est
1551 1098 1834 1161 sobolem

329 1216 404 1259 ac
447 1195 764 1259 familiam
803 1198 967 1275 ejus,
1005 1200 1506 1277 universamque
1541 1201 1836 1258 substan—

333 1296 500 1355 tiam
523 1315 648 1372 per
675 1297 1030 1357 circuitum
1052 1299 1081 1356 ?
1111 1296 1174 1358 id
1223 1304 1338 1371 est,
1374 1295 1658 1378 undique
1687 1314 1832 1358 eum

332 1394 879 1471 circummunisti,
914 1402 982 1457 ut
1025 1395 1202 1457 nulla
1233 1414 1308 1457 ex
1349 1403 1528 1477 parte
1555 1394 1834 1459 adversi-

332 1501 428 1555 tas
461 1492 522 1557 ei
553 1502 869 1556 occurrat.
897 1495 1208 1573 Operibus
1235 1515 1556 1555 manuum
1583 1496 1748 1573 ejuS,
1769 1493 1832 1555 id

331 1601 432 1654 est
460 1592 660 1654 rebus
686 1612 760 1654 ac
793 1592 1024 1674 opibus
1053 1612 1196 1673 quae
1219 1591 1545 1655 laboribus
1576 1592 1834 1673 conqui-

333 1698 594 1766 runtur,
655 1693 1068 1753 benedioeisti.
1127 1690 1492 1754 Benedictio
1546 1690 1680 1767 Dei,
1740 1700 1835 1753 est

333 1789 600 1853 collatio
633 1788 1102 1853 beneficiorum
1133 1808 1420 1867 suorum,
1451 1790 1835 1870 multiplica-

1945 801 2062 877 cie,
2077 801 2153 891 ‘id
2184 810 2281 864 est
2302 802 2649 863 secundum
2670 800 3107 883 apparentiam
3128 808 3191 863 et
3219 817 3429 863 coram

1943 900 2145 962 oculis
2167 900 2521 963 hominum.

2011 999 2129 1061 Sed
2151 1018 2351 1080 quum
2372 999 2662 1062 diabolus
2684 998 3036 1062 certissime
3058 998 3215 1061 sciat
3235 998 3431 1061 Deum

1944 1116 2082 1160 esse
2112 1116 2423 1175 veracem,
2450 1118 2567 1161 nec
2597 1117 2781 1179 posse
2802 1097 3079 1171 mentiri,
3114 1097 3430 1178 quomodo

1945 1196 2381 1259 contradicere
2429 1197 2639 1278 potuit
2686 1195 2897 1259 verbis
2938 1195 3183 1277 ipsius?
3221 1195 3297 1257 Et
3336 1214 3431 1257 re-

1944 1295 2411 1376 spondendum,
2446 1296 2616 1376 quod
2648 1313 2774 1358 non
2816 1294 3063 1376 putavit
3093 1292 3286 1355 verba
3319 1293 3428 1355 Dei

1942 1412 2079 1455 csse
2125 1394 2450 1469 mendosa,
2484 1394 2593 1456 scd
2641 1393 3008 1455 stimulante
3058 1392 3267 1473 ipsum
3315 1410 3427 1453 sua

1943 1490 2206 1568 invidia,
2242 1510 2369 1555 non
2420 1492 2633 1554 timuit
2679 1489 2967 1574 proferre
3000 1489 3423 1565 mendacium,

1942 1610 2137 1671 quum
2160 1591 2240 1653 ab
2257 1590 2441 1654 initio
2461 1591 2544 1653 sit
2564 1592 2923 1665 mendax‚et
2943 1598 3120 1671 pater
3138 1590 3284 1669 ejus.
3300 1589 3428 1651 Pos-

1943 1699 2089 1752 sunt
2129 1690 2321 1753 etiam
2365 1690 2757 1771 praeinducta
2795 1689 2881 1751 ita
2930 1688 3223 1768 intelligi,
3258 1688 3426 1769 quod

1943 1789 2239 1852 diabolus
2280 1788 2467 1851 scivit
2506 1808 2583 1851 ex
2621 1788 2878 1869 propria
2925 1787 3432 1850 consideratione

335 1888 424 1951 tio
453 1888 852 1964 eorumdem,
878 1888 1228 1950 secundum
1257 1888 1650 1966 Gregorium.
1675 1888 1836 1951 Tho·
1873 1885 1918 1949 B
1945 1897 2008 1951 et
2053 1888 2256 1967 magis
2304 1906 2378 1949 ex
2410 1886 2623 1950 verbis
2654 1886 2763 1948 Dei
2814 1894 3103 1949 sanctum
3132 1885 3247 1947 Job
3294 1904 3433 1947 csse

333 2006 474 2049 mas
504 2004 767 2067 quoque
791 1984 1123 2049 affirmat:
1147 1986 1352 2060 Quum
1375 1988 1536 2049 Deus
1567 1987 1835 2050 dicendo

332 2083 554 2147 omnia
607 2083 822 2161 faciat,
868 2084 1246 2149 benedicere
1291 2086 1426 2163 Dei,
1455 2094 1551 2149 est
1595 2085 1838 2149 bonita-

337 2194 464 2247 tem
501 2182 696 2247 rebus
725 2183 987 2246 donare.
1030 2183 1402 2246 Inanimatis
1429 2192 1644 2247 autem
1673 2184 1837 2246 Deus

335 2281 724 2345 benedicere
769 2281 1028 2357 dicitur,
1061 2283 1318 2363 quando
1365 2282 1837 2364 possessoribus

335 2382 472 2443 suis
523 2400 634 2444 eas
681 2382 978 2461 adauget.
1011 2384 1096 2443 Et
1117 2384 1422 2458 possessio
1459 2383 1600 2459 ejus
1639 2382 1839 2442 crevit

337 2484 408 2541 iu
447 2490 654 2550 terra,
683 2478 918 2561 opibus
947 2480 1089 2561 ejus
1117 2479 1585 2561 multiplicatis.

417 2582 558 2641 Sed
584 2582 857 2639 amende
865 2582 1226 2656 paululum
1249 2600 1518 2640 manum
1548 2590 1750 2650 tuam,
1777 2578 1839 2640 id

335 2688 454 2756 est,
495 2684 880 2760 potestatem
912 2685 1084 2739 tuam
1115 2696 1457 2759 parumper
1496 2677 1665 2740 circa
1695 2696 1840 2739 eum

335 2796 570 2841 exerce
597 2795 674 2839 ac
703 2782 988 2838 monstra
1027 2774 1330 2839 effective
1359 2795 1470 2838 seu
1519 2775 1844 2858 permissi-

335 2894 460 2955 ve3
506 2886 568 2937 et
611 2884 802 2952 tanye
836 2884 1070 2935 cuncta
1108 2896 1251 2953 quoe.
1281 2878 1587 2952 possidet,
1619 2875 1682 2937 id
1722 2883 1837 2951 est,

337 2992 568 3037 omnes
619 2972 958 3035 facultates
1004 2991 1080 3035 ac
1127 2971 1410 3035 sobolem
1460 2974 1599 3054 ejus
1647 2981 1842 3036 totam

1945 1987 2256 2051 veraciter
2277 1986 2665 2062 timoratum,
2690 1993 2755 2047 et
2782 1986 2954 2065 quod
2985 1984 3431 2065 temporalium

1943 2085 2289 2148 affluentia
2327 2092 2493 2147 esset
2532 2084 2589 2145 ei
2636 2083 2886 2146 occasio
2925 2082 3127 2162 magis
3170 2082 3431 2145 timendi

1945 2186 2187 2263 Deum3
2238 2202 2357 2247 nec
2402 2192 2612 2245 tamen
2662 2181 2911 2263 putavit
2958 2200 3107 2243 eum
3162 2189 3291 2243 tam
3334 2182 3435 2261 ju-

1946 2293 2137 2359 stum,
2165 2282 2321 2364 quin
2352 2301 2427 2344 ex
2449 2280 2891 2363 temporalium
2917 2280 3279 2343 sublatione
3300 2287 3435 2341 ten-

1946 2382 2172 2445 tationi
2214 2381 2655 2445 succumberet
2693 2388 2756 2442 et
2804 2388 3115 2462 peccaret.
3151 2379 3435 2461 Denique

1948 2482 2136 2545 Satan
2169 2500 2295 2543 non
2334 2480 2512 2562 prius
2546 2498 2582 2540 a
2616 2478 2882 2541 Domino
2922 2478 3187 2559 expetiit
3223 2478 3433 2560 ipsum

1945 2581 2061 2643 101)
2107 2581 2187 2642 ad
2236 2579 2630 2655 tentandum,
2666 2586 2735 2639 ut
2778 2577 2871 2638 ait
2915 2575 3293 2657 Gregorius;
3326 2576 3435 2637 sed

1950 2698 2149 2760 quum
2180 2676 2485 2740 Dominus
2526 2676 2591 2737 in
2630 2676 2999 2757 despectum
3031 2674 3273 2737 Satanae
3304 2675 3438 2736 lau-

1951 2778 2162 2840 dasset
2205 2775 2343 2851 Job,
2386 2784 2541 2838 tunc
2587 2774 2873 2836 irritatus
2918 2772 3211 2835 diabolus
3254 2772 3441 2854 petiit

1953 2876 2238 2939 tentandi
2270 2874 2616 2937 licentiam.
2648 2872 2853 2946 Quum
2892 2871 3189 2952 equidem
3220 2890 3438 2952 super-

1952 2974 2259 3037 bissimus
2306 2972 2409 3049 sit,
2444 2972 2671 3034 metuit
2710 2990 2746 3032 a
2777 2969 2932 3034 viris
2981 2970 3293 3032 virtutum
3332 2968 3440 3030 de-

339 3072 648 3156 permitte
673 3090 712 3132 a
741 3090 846 3133 me
875 3069 997 3133 sibi
1026 3070 1270 3133 auferri
1290 3090 1364 3133 ac
1393 3071 1689 3153 dissipari
1709 3090 1724 3151 3
1747 3073 1845 3132 m·-
1880 3071 1925 3137 C
1953 3073 2125 3139 vinci
2162 3091 2176 3134 ε
2210 3080 2273 3135 et
2303 3071 2368 3133 in
2412 3071 2530 3134 hoc
2559 3069 3019 3133 consideranda
3048 3066 3439 3149 dispensatio

337 3176 398 3233 si
425 3174 504 3230 in
543 3172 746 3248 facie,
776 3169 842 3231 id
880 3178 974 3231 est
1015 3168 1378 3245 manifeste,
1423 3172 1844 3239 benedioeerit,

341 3271 405 3333 id
465 3279 567 3333 est
614 3267 1038 3344 maledixerit,
1091 3270 1231 3339 cibi,
1283 3268 1534 3351 supple,
1586 3268 1846 3331 Mendax

344 3368 644 3432 inveniar
671 3375 737 3429 et
765 3366 1020 3449 puniar,
1053 3386 1164 3429 seu
1205 3366 1372 3429 male
1411 3366 1568 3428 mihi
1599 3366 1847 3429 contin-

339 3476 472 3547 gat.
495 3467 615 3529 Per
646 3466 767 3529 hoc
789 3465 978 3528 Satan
1010 3463 1333 3527 nitebatur
1360 3465 1650 3548 probare,
1676 3466 1845 3545 quod

341 3574 612 3649 propter
633 3562 1010 3645 temporalia
1027 3562 1146 3625 101)
1167 3564 1363 3625 Deum
1396 3563 1668 3638 timeret,
1696 3582 1846 3643 quo-

343 3666 522 3727 niam
553 3662 686 3725 illis
715 3662 968 3732 ablatiS‚
997 3661 1062 3723 in
1089 3669 1376 3743 apertam
1406 3662 1850 3725 murmuratio-

345 3781 496 3825 nem
545 3767 1015 3843 prorumperet.
1049 3760 1126 3821 Et
1165 3759 1278 3834 ait,
1311 3758 1592 3822 Extende
1633 3760 1850 3840 paulu-

347 3862 504 3937 lum,
539 3858 695 3940 quia
737 3857 1055 3938 quidquid
1092 3856 1385 3920 diabolus
1425 3858 1642 3919 damni
1682 3857 1850 3920 intu-

349 3958 496 4021 lerit
545 3955 820 4032 homini,
853 3954 1156 4036 quamdiu
1205 3954 1484 4016 animam
1533 3956 1672 4036 ejus
1720 3975 1847 4019 non

348 4056 588 4119 laeserit
633 4062 830 4134 atque
876 4053 1222 4135 deceperit,
1257 4071 1481 4135 parum
1532 4072 1601 4116 se
1647 4056 1850 4135 egisse

345 4155 724 4217 arbitratur.
757 4151 974 4215 Voluit
1021 4170 1278 4233 quoque
1321 4150 1510 4213 Satan
1554 4152 1844 4234 probare,

1953 3172 2209 3255 pietatis
2252 3190 2325 3233 ac
2369 3169 2698 3252 sapientiae
2741 3168 2875 3244 Dei,
2920 3166 3262 3249 praebentis
3308 3165 3441 3227 dia-

1953 3271 2100 3335 bolo
2130 3269 2529 3349 occasionem
2573 3266 2988 3350 impugnandi
3016 3266 3243 3347 justoS‚
3278 3283 3440 3345 quos

1953 3373 2116 3434 Deus
2147 3367 2488 3451 praenoscit
2513 3366 2819 3442 victurOS,
2844 3373 2904 3426 et
2934 3384 3011 3426 ex
3042 3362 3264 3445 praelio
3295 3382 3440 3425 cum

1955 3469 2182 3532 Satana
2212 3465 2487 3547 amplius
2517 3464 2932 3528 coronandos,

2035 3568 2225 3629 Dioeic
2274 3584 2421 3641 erqo
2459 3566 2777 3625 Dominus
2822 3564 2911 3621 ad
2948 3564 3186 3630 Satan,
3237 3559 3298 3621 id
3348 3568 3444 3621 est

1954 3662 2387 3729 adversarium
2437 3661 2661 3723 salutis
2710 3662 3003 3723 humanae
3046 3662 3256 3721 :Ecce
3294 3660 3444 3719 uni-

1957 3783 2136 3823 versa
2165 3782 2307 3841 quoe
2337 3764 2542 3832 habet,
2568 3763 2641 3821 in
2664 3780 2864 3821 manu
2896 3769 3009 3819 tua
3027 3767 3201 3827 sunt,
3228 3756 3291 3819 id
3322 3764 3439 3831 est,

1956 3860 2252 3943 potestati
2286 3859 2402 3921 tibi
2432 3878 2468 3920 a
2498 3877 2600 3921 me
2639 3858 2883 3921 collatae
2912 3856 3230 3937 tangenda
3259 3854 3444 3917 dissi-

1957 3959 2293 4040 pandaque
2321 3957 2500 4020 trado
2528 3956 2664 4018 sive
2693 3954 3013 4036 permitto.
3038 3952 3441 4017 Voluntatem

1955 4066 2169 4119 autem
2219 4056 2487 4118 nocendi
2538 4053 2754 4130 11011οε,
2788 4071 2825 4115 0
2867 4052 3078 4128 Satan,
3110 4070 3147 4112 a
3190 4058 3250 4114 te
3286 4068 3299 4112 :
3333 4051 3441 4112 sed

1957 4164 2235 4238 potestas
2264 4154 2471 4217 omnis
2492 4172 2527 4215 a
2549 4171 2653 4216 me
2680 4160 2775 4215 cst
2801 4170 2816 4231 ;
2847 4150 3073 4214 abusio
3100 4157 3312 4212 autem
3334 4167 3445 4231 po-

349 4253 522 4335 quod
551 4251 672 4314 Job
702 4249 881 4311 nullo
919 4250 1109 4313 modo
1148 4250 1358 4331 justus
1389 4250 1720 4313 exsisteret
1748 4271 1851 4313 ve·
1883 4250 1932 4312 D
1959 4253 2227 4329 testatiS,
2261 4273 2337 4316 ex
2368 4262 2473 4315 tua
2506 4260 2603 4315 est
2632 4249 3067 4334 perversitate.
3100 4248 3260 4311 Hinc
3289 4248 3445 4311 dicit

349 4372 438 4429 rc,
473 4352 590 4414 sed
633 4348 1032 4411 simulatorie
1075 4356 1342 4424 tantum,
1377 4368 1490 4431 per
1529 4350 1650 4412 hoc
1680 4351 1849 4431 quod

349 4452 460 4528 ait,
487 4448 776 4511 Extende
803 4446 1160 4529 paululum.
1187 4446 1340 4509 Nam
1370 4466 1446 4509 ex
1475 4448 1722 4510 modica
1749 4448 1855 4509 ad-

353 4549 658 4613 versitate
688 4566 802 4609 seu
831 4545 1216 4608 exteriorum
1239 4544 1560 4609 ablatione
1583 4546 1847 4621 turbari,

353 4657 450 4711 est
481 4647 638 4709 ficte
668 4645 990 4725 justorum
1025 4660 1038 4704 :
1073 4641 1343 4725 perfecti
1375 4644 1544 4705 enim
1577 4663 1854 4724 vereque

355 4745 534 4828 justi,
571 4762 692 4806 nee
735 4750 996 4824 propter
1044 4741 1287 4823 proprii
1327 4742 1612 4823 corporis
1662 4741 1857 4805 110510-

361 4863 504 4907 nem
553 4843 636 4904 ad
680 4839 1144 4921 impatientiam
1178 4838 1616 4921 prolabuntur.
1649 4840 1856 4903 Potest

365 4950 670 5025 praeterea
720 4939 1072 5002 secundum
1122 4938 1424 5001 Thomam
1484 4938 1737 5021 exponi,
1790 4947 1858 5000 ut

365 5038 769 5113 benedicere,
829 5036 1088 5118 proprie
1141 5035 1494 5117 accipiatur
1545 5053 1558 5098 :
1611 5036 1858 5117 eritque

367 5158 614 5213 sensus,
649 5137 862 5215 Tange
892 5154 1036 5215 quae
1085 5135 1387 5217 possidet,
1423 5135 1547 5196 nisi
1588 5135 1654 5195 in
1697 5135 1860 5197 facie

371 5236 764 5299 benedixerit
797 5234 934 5307 tibi,
973 5233 1032 5295 id
1063 5242 1181 5309 est,
1209 5233 1374 5295 male
1402 5234 1642 5296 aecidat
1677 5234 1856 5310 mihi,

373 5336 491 5397 nisi
523 5342 738 5418 pateat
767 5333 941 5413 quod
983 5340 1268 5413 tempore
1298 5332 1736 5413 prosperitatis
1766 5332 1866 5395 be-

1956 4349 2296 4430 Gregorius
2322 4368 2335 4411 :
2362 4349 2605 4411 Satanae
2635 4347 2929 4410 voluntas
2952 4365 3202 4428 semper
3224 4344 3445 4425 iniqua

1958 4458 2075 4524 est,
2110 4449 2219 4510 sed
2270 4455 2546 4529 potestas
2586 4445 2725 4525 ejus
2776 4462 3105 4524 nunquam
3154 4443 3438 4524 injusta:

1961 4546 2110 4627 quia
2137 4566 2175 4607 a
2218 4545 2559 4626 semetipso
2598 4543 2990 4605 voluntatem
3022 4541 3210 4604 habet
3235 4541 3329 4621 (id
3350 4549 3446 4603 cst

1963 4645 2224 4727 impiam
2266 4643 2573 4705 ultionem
2596 4643 2641 4717 *,
2688 4659 2812 4703 non
2854 4639 3181 4703 volitivam
3226 4648 3447 4720 poten-

1965 4744 2167 4821 tiam),
2202 4741 2311 4804 sed
2342 4760 2377 4802 a
2418 4740 2685 4803 Domino
2726 4746 3127 4819 potestatem.
3168 4742 3449 4799 Tantum

3471 1598 3722 1648 domnam,

3456 1664 3523 1704 4-1.

3476 4667 3493 4685 ·
3506 4664 3751 4708 volitionem

1965 4844 2032 4901 in
2065 4862 2211 4901 eum
2240 4861 2319 4899 ne
2346 4841 2655 4898 emendas
2686 4857 2955 4897 manum
2988 4845 3191 4907 tuam,
3226 4834 3287 4897 id
3328 4843 3444 4910 est,
3533 4828 3546 4841 ⁸

1967 4939 2180 5020 ipsum
2211 4938 2277 4999 in
2308 4937 2563 5020 propria
2604 4953 2875 5017 persona
2914 4952 3041 4996 non
3084 4941 3303 5012 tangas
3333 4951 3449 4995 nec

1968 5038 2180 5100 laedas.
2214 5035 2345 5108 Quo
2386 5035 2608 5115 liquet,
2646 5040 2887 5094 tantum
2919 5038 2983 5093 et
3022 5049 3147 5093 non
3176 5030 3451 5112 amplius

1971 5154 2154 5217 posse
2203 5132 2527 5195 diabolum
2583 5132 2650 5193 in
2707 5149 2844 5205 1105,
2889 5137 3198 5210 quantum
3242 5148 3277 5189 a
3325 5129 3454 5192 Deo

1971 5232 2380 5316 permittitur.
2414 5231 2672 5310 Propter
2721 5228 2891 5308 quod
2938 5228 3027 5289 ait
3066 5226 3400 5308 Apostolus
3436 5246 3449 5288 :

1973 5330 2204 5393 Fidelis
2226 5327 2552 5404 DominuS,
2580 5326 2690 5407 qui
2723 5343 2851 5388 non
2882 5324 3156 5406 patietur
3183 5345 3295 5389 vos
3326 5335 3461 5389 ten·
3490 5347 3748 5396 icor-‚ma
