<?xml version="1.0" encoding="UTF-8"?>
<!DOCTYPE html PUBLIC "-//W3C//DTD XHTML 1.0 Transitional//EN"
    "http://www.w3.org/TR/xhtml1/DTD/xhtml1-transitional.dtd">
<html xmlns="http://www.w3.org/1999/xhtml" xml:lang="en" lang="en">
 <head>
  <title>
</title>
<meta http-equiv="Content-Type" content="text/html;charset=utf-8" />
  <meta name='ocr-system' content='tesseract 3.04.00' />
  <meta name='ocr-capabilities' content='ocr_page ocr_carea ocr_par ocr_line ocrx_word'/>
</head>
<body>
  <div class='ocr_page' id='page_1' title='image "./doctorisecstati06unkngoog_0578.png"; bbox 0 0 4309 6259; ppageno 0'>
   <div class='ocr_carea' id='block_1_1' title="bbox 869 484 988 547">
    <p class='ocr_par' dir='ltr' id='par_1_1' title="bbox 869 484 988 547">
     <span class='ocr_line' id='line_1_1' title="bbox 869 484 988 547; baseline 0.008 -1"><span class='ocrx_word' id='word_1_1' title='bbox 869 484 988 547; x_wconf 74' lang='lat'><strong>544</strong></span> 
     </span>
    </p>
   </div>
   <div class='ocr_carea' id='block_1_2' title="bbox 1719 500 3119 549">
    <p class='ocr_par' dir='ltr' id='par_1_2' title="bbox 1719 500 3119 549">
     <span class='ocr_line' id='line_1_2' title="bbox 1719 500 3119 549; baseline 0.001 -1"><span class='ocrx_word' id='word_1_2' title='bbox 1719 500 2065 548; x_wconf 71' lang='lat' dir='ltr'>ENARRATIO</span> <span class='ocrx_word' id='word_1_3' title='bbox 2107 502 2171 547; x_wconf 77' lang='lat' dir='ltr'><strong>IN</strong></span> <span class='ocrx_word' id='word_1_4' title='bbox 2213 501 2347 547; x_wconf 70' lang='lat' dir='ltr'><strong>CAP-</strong></span> <span class='ocrx_word' id='word_1_5' title='bbox 2394 500 2522 547; x_wconf 73' lang='lat' dir='ltr'><strong>xvu</strong></span> <span class='ocrx_word' id='word_1_6' title='bbox 2560 502 2687 548; x_wconf 78' lang='lat'><strong>1013.</strong></span> <span class='ocrx_word' id='word_1_7' title='bbox 2732 522 2813 532; x_wconf 93' lang='lat'><strong>—</strong></span> <span class='ocrx_word' id='word_1_8' title='bbox 2854 505 2995 549; x_wconf 71' lang='grc' dir='ltr'><strong>ΛΒΤ.</strong></span> <span class='ocrx_word' id='word_1_9' title='bbox 3040 503 3119 549; x_wconf 78' lang='lat' dir='ltr'><strong>xi.</strong></span> 
     </span>
    </p>
   </div>
   <div class='ocr_carea' id='block_1_3' title="bbox 869 671 3959 756">
    <p class='ocr_par' dir='ltr' id='par_1_3' title="bbox 869 671 3959 756">
     <span class='ocr_line' id='line_1_3' title="bbox 869 671 3959 756; baseline -0 -23"><span class='ocrx_word' id='word_1_10' title='bbox 869 680 931 733; x_wconf 84' lang='lat' dir='ltr'><strong>ta</strong></span> <span class='ocrx_word' id='word_1_11' title='bbox 950 681 1045 733; x_wconf 92' lang='lat' dir='ltr'><strong>est</strong></span> <span class='ocrx_word' id='word_1_12' title='bbox 1065 671 1258 749; x_wconf 90' lang='lat' dir='ltr'><strong>enim,</strong></span> <span class='ocrx_word' id='word_1_13' title='bbox 1276 674 1450 754; x_wconf 89' lang='lat' dir='ltr'><strong>quod</strong></span> <span class='ocrx_word' id='word_1_14' title='bbox 1483 675 1737 736; x_wconf 88' lang='lat' dir='ltr'><strong>tandem</strong></span> <span class='ocrx_word' id='word_1_15' title='bbox 1759 673 2067 756; x_wconf 79' lang='lat' dir='ltr'><strong>eripietur</strong></span> <span class='ocrx_word' id='word_1_16' title='bbox 2086 691 2125 734; x_wconf 88' lang='lat' dir='ltr'><strong>a</strong></span> <span class='ocrx_word' id='word_1_17' title='bbox 2145 672 2354 755; x_wconf 88' lang='lat' dir='ltr'><strong>poenis</strong></span> <span class='ocrx_word' id='word_1_18' title='bbox 2388 671 2440 734; x_wconf 82' lang='lat' dir='ltr'>A</span> <span class='ocrx_word' id='word_1_19' title='bbox 2470 681 2533 735; x_wconf 91' lang='lat' dir='ltr'><strong>et</strong></span> <span class='ocrx_word' id='word_1_20' title='bbox 2562 673 2823 752; x_wconf 88' lang='lat' dir='ltr'><strong>malum,</strong></span> <span class='ocrx_word' id='word_1_21' title='bbox 2846 674 2951 736; x_wconf 88' lang='lat' dir='ltr'><strong>vix</strong></span> <span class='ocrx_word' id='word_1_22' title='bbox 2982 684 3174 755; x_wconf 82' lang='lat' dir='ltr'><strong>queat</strong></span> <span class='ocrx_word' id='word_1_23' title='bbox 3204 674 3586 749; x_wconf 89' lang='lat' dir='ltr'><strong>discernere,</strong></span> <span class='ocrx_word' id='word_1_24' title='bbox 3606 672 3733 735; x_wconf 90' lang='lat' dir='ltr'><strong>imo</strong></span> <span class='ocrx_word' id='word_1_25' title='bbox 3762 690 3959 733; x_wconf 91' lang='lat' dir='ltr'><strong>unam</strong></span> 
     </span>
    </p>
   </div>
   <div class='ocr_carea' id='block_1_4' title="bbox 577 770 2360 1840">
    <p class='ocr_par' dir='ltr' id='par_1_4' title="bbox 867 770 2360 850">
     <span class='ocr_line' id='line_1_4' title="bbox 867 770 2360 850; baseline 0 -19"><span class='ocrx_word' id='word_1_26' title='bbox 867 777 1058 850; x_wconf 84' lang='lat' dir='ltr'><strong>atque</strong></span> <span class='ocrx_word' id='word_1_27' title='bbox 1107 770 1478 833; x_wconf 82' lang='lat' dir='ltr'><strong>salvabitur.</strong></span> <span class='ocrx_word' id='word_1_28' title='bbox 1513 775 1599 833; x_wconf 78' lang='lat' dir='ltr'><strong>Ec</strong></span> <span class='ocrx_word' id='word_1_29' title='bbox 1633 776 1842 832; x_wconf 76' lang='lat' dir='ltr'><strong>solum</strong></span> <span class='ocrx_word' id='word_1_30' title='bbox 1884 774 2048 832; x_wconf 72' lang='lat' dir='ltr'><strong>mihi</strong></span> <span class='ocrx_word' id='word_1_31' title='bbox 2075 781 2360 849; x_wconf 77' lang='lat' dir='ltr'><em>superest</em></span> 
     </span>
    </p>

    <p class='ocr_par' dir='ltr' id='par_1_5' title="bbox 865 870 2359 947">
     <span class='ocr_line' id='line_1_5' title="bbox 865 870 2359 947; baseline 0.004 -20"><span class='ocrx_word' id='word_1_32' title='bbox 865 874 1252 947; x_wconf 78' lang='lat' dir='ltr'><strong>sepulcrum,</strong></span> <span class='ocrx_word' id='word_1_33' title='bbox 1279 870 1342 933; x_wconf 91' lang='lat' dir='ltr'><strong>id</strong></span> <span class='ocrx_word' id='word_1_34' title='bbox 1366 878 1481 947; x_wconf 91' lang='lat' dir='ltr'><strong>est,</strong></span> <span class='ocrx_word' id='word_1_35' title='bbox 1502 870 1756 933; x_wconf 90' lang='lat' dir='ltr'><strong>interim</strong></span> <span class='ocrx_word' id='word_1_36' title='bbox 1783 889 1908 933; x_wconf 92' lang='lat' dir='ltr'><strong>non</strong></span> <span class='ocrx_word' id='word_1_37' title='bbox 1932 871 2130 932; x_wconf 92' lang='lat' dir='ltr'><strong>alium</strong></span> <span class='ocrx_word' id='word_1_38' title='bbox 2154 870 2359 933; x_wconf 88' lang='lat' dir='ltr'><strong>habeo</strong></span> 
     </span>
    </p>

    <p class='ocr_par' dir='ltr' id='par_1_6' title="bbox 868 966 2360 1150">
     <span class='ocr_line' id='line_1_6' title="bbox 868 966 2360 1050; baseline 0.002 -22"><span class='ocrx_word' id='word_1_39' title='bbox 868 966 1079 1029; x_wconf 88' lang='lat' dir='ltr'><strong>locum</strong></span> <span class='ocrx_word' id='word_1_40' title='bbox 1110 968 1244 1031; x_wconf 89' lang='lat' dir='ltr'><strong>sive</strong></span> <span class='ocrx_word' id='word_1_41' title='bbox 1273 968 1637 1046; x_wconf 84' lang='lat' dir='ltr'><strong>latibulum,</strong></span> <span class='ocrx_word' id='word_1_42' title='bbox 1675 970 1800 1031; x_wconf 90' lang='lat' dir='ltr'><strong>nisi</strong></span> <span class='ocrx_word' id='word_1_43' title='bbox 1831 968 1952 1032; x_wconf 92' lang='lat' dir='ltr'><strong>hoc</strong></span> <span class='ocrx_word' id='word_1_44' title='bbox 1984 968 2236 1050; x_wconf 88' lang='lat' dir='ltr'><strong>poenale</strong></span> <span class='ocrx_word' id='word_1_45' title='bbox 2270 988 2360 1031; x_wconf 92' lang='lat' dir='ltr'><strong>re-</strong></span> 
     </span>
     <span class='ocr_line' id='line_1_7' title="bbox 869 1066 2355 1150; baseline 0.001 -23"><span class='ocrx_word' id='word_1_46' title='bbox 869 1066 1270 1147; x_wconf 89' lang='lat' dir='ltr'><strong>ceptaculum</strong></span> <span class='ocrx_word' id='word_1_47' title='bbox 1293 1087 1419 1149; x_wconf 93' lang='lat' dir='ltr'><strong>quo</strong></span> <span class='ocrx_word' id='word_1_48' title='bbox 1441 1067 1716 1148; x_wconf 84' lang='lat' dir='ltr'><strong>affligor,</strong></span> <span class='ocrx_word' id='word_1_49' title='bbox 1743 1088 1860 1131; x_wconf 90' lang='lat' dir='ltr'><strong>nec</strong></span> <span class='ocrx_word' id='word_1_50' title='bbox 1878 1068 2123 1150; x_wconf 86' lang='lat' dir='ltr'><strong>aliquid</strong></span> <span class='ocrx_word' id='word_1_51' title='bbox 2145 1086 2355 1129; x_wconf 90' lang='lat' dir='ltr'><strong>rerum</strong></span> 
     </span>
    </p>

    <p class='ocr_par' dir='ltr' id='par_1_7' title="bbox 873 1166 2357 1248">
     <span class='ocr_line' id='line_1_8' title="bbox 873 1166 2357 1248; baseline 0.001 -23"><span class='ocrx_word' id='word_1_52' title='bbox 873 1172 1265 1227; x_wconf 90' lang='lat' dir='ltr'><strong>terrenarum</strong></span> <span class='ocrx_word' id='word_1_53' title='bbox 1299 1167 1616 1248; x_wconf 80' lang='lat' dir='ltr'><strong>possideo.</strong></span> <span class='ocrx_word' id='word_1_54' title='bbox 1645 1166 1970 1240; x_wconf 88' lang='lat' dir='ltr'><strong>Quomodo</strong></span> <span class='ocrx_word' id='word_1_55' title='bbox 2001 1174 2214 1229; x_wconf 88' lang='lat' dir='ltr'><strong>autem</strong></span> <span class='ocrx_word' id='word_1_56' title='bbox 2250 1166 2357 1228; x_wconf 89' lang='lat' dir='ltr'><strong>tali</strong></span> 
     </span>
    </p>

    <p class='ocr_par' dir='ltr' id='par_1_8' title="bbox 870 1262 2357 1345">
     <span class='ocr_line' id='line_1_9' title="bbox 870 1262 2357 1345; baseline 0.002 -20"><span class='ocrx_word' id='word_1_57' title='bbox 870 1262 1010 1325; x_wconf 93' lang='lat' dir='ltr'><strong>loco</strong></span> <span class='ocrx_word' id='word_1_58' title='bbox 1036 1265 1386 1345; x_wconf 87' lang='lat' dir='ltr'><strong>purgatorii</strong></span> <span class='ocrx_word' id='word_1_59' title='bbox 1408 1274 1470 1328; x_wconf 92' lang='lat' dir='ltr'><strong>et</strong></span> <span class='ocrx_word' id='word_1_60' title='bbox 1491 1264 1752 1343; x_wconf 89' lang='lat' dir='ltr'><strong>inferni,</strong></span> <span class='ocrx_word' id='word_1_61' title='bbox 1767 1266 2102 1329; x_wconf 81' lang='lat' dir='ltr'><strong>conveniat</strong></span> <span class='ocrx_word' id='word_1_62' title='bbox 2123 1283 2357 1328; x_wconf 87' lang='lat' dir='ltr'><strong>nomen</strong></span> 
     </span>
    </p>

    <p class='ocr_par' dir='ltr' id='par_1_9' title="bbox 617 1361 2356 1543">
     <span class='ocr_line' id='line_1_10' title="bbox 628 1361 2356 1447; baseline 0 -23"><span class='ocrx_word' id='word_1_63' title='bbox 628 1381 712 1425; x_wconf 65' lang='lat'><strong>³01&gt;</strong></span> <span class='ocrx_word' id='word_1_64' title='bbox 731 1392 815 1422; x_wconf 74' lang='lat' dir='ltr'><strong>m.</strong></span> <span class='ocrx_word' id='word_1_65' title='bbox 872 1361 1160 1442; x_wconf 90' lang='lat' dir='ltr'><strong>ratioque</strong></span> <span class='ocrx_word' id='word_1_66' title='bbox 1199 1362 1500 1444; x_wconf 76' lang='lat' dir='ltr'><strong>sepulcri,</strong></span> <span class='ocrx_word' id='word_1_67' title='bbox 1534 1364 1774 1426; x_wconf 91' lang='lat' dir='ltr'><strong>dictum</strong></span> <span class='ocrx_word' id='word_1_68' title='bbox 1816 1373 1912 1426; x_wconf 90' lang='lat' dir='ltr'><strong>est</strong></span> <span class='ocrx_word' id='word_1_69' title='bbox 1957 1384 2169 1447; x_wconf 88' lang='lat' dir='ltr'><strong>supra.</strong></span> <span class='ocrx_word' id='word_1_70' title='bbox 2204 1364 2356 1426; x_wconf 90' lang='lat' dir='ltr'><strong>Nam</strong></span> 
     </span>
     <span class='ocr_line' id='line_1_11' title="bbox 617 1459 2322 1543; baseline -0.003 -17"><span class='ocrx_word' id='word_1_71' title='bbox 617 1483 728 1525; x_wconf 73' lang='lat' dir='ltr'><strong>Luc.</strong></span> <span class='ocrx_word' id='word_1_72' title='bbox 756 1494 840 1532; x_wconf 72' lang='lat' dir='ltr'><strong>m,</strong></span> <span class='ocrx_word' id='word_1_73' title='bbox 871 1466 932 1519; x_wconf 89' lang='lat' dir='ltr'><strong>et</strong></span> <span class='ocrx_word' id='word_1_74' title='bbox 963 1459 1142 1522; x_wconf 88' lang='lat' dir='ltr'><strong>dives</strong></span> <span class='ocrx_word' id='word_1_75' title='bbox 1173 1460 1362 1541; x_wconf 91' lang='lat' dir='ltr'><strong>epulo</strong></span> <span class='ocrx_word' id='word_1_76' title='bbox 1394 1460 1598 1523; x_wconf 82' lang='lat' dir='ltr'><strong>fertur</strong></span> <span class='ocrx_word' id='word_1_77' title='bbox 1628 1462 1913 1543; x_wconf 90' lang='lat' dir='ltr'><strong>scpultus</strong></span> <span class='ocrx_word' id='word_1_78' title='bbox 1947 1462 2011 1523; x_wconf 90' lang='lat' dir='ltr'><strong>in</strong></span> <span class='ocrx_word' id='word_1_79' title='bbox 2044 1460 2322 1524; x_wconf 84' lang='lat' dir='ltr'><strong>inferno.</strong></span> 
     </span>
    </p>

    <p class='ocr_par' dir='ltr' id='par_1_10' title="bbox 577 1548 2359 1642">
     <span class='ocr_line' id='line_1_12' title="bbox 577 1548 2359 1642; baseline 0.001 -24"><span class='ocrx_word' id='word_1_80' title='bbox 577 1548 646 1590; x_wconf 73' lang='lat'><strong>²²·</strong></span> <span class='ocrx_word' id='word_1_81' title='bbox 954 1562 1100 1619; x_wconf 81' lang='lat' dir='ltr'><strong>Non</strong></span> <span class='ocrx_word' id='word_1_82' title='bbox 1122 1561 1407 1636; x_wconf 79' lang='lat' dir='ltr'><strong>peccavi,</strong></span> <span class='ocrx_word' id='word_1_83' title='bbox 1441 1560 1504 1622; x_wconf 91' lang='lat' dir='ltr'><strong>id</strong></span> <span class='ocrx_word' id='word_1_84' title='bbox 1537 1568 1651 1637; x_wconf 90' lang='lat' dir='ltr'><strong>est,</strong></span> <span class='ocrx_word' id='word_1_85' title='bbox 1681 1561 1748 1622; x_wconf 92' lang='lat' dir='ltr'><strong>in</strong></span> <span class='ocrx_word' id='word_1_86' title='bbox 1781 1568 2040 1642; x_wconf 88' lang='lat' dir='ltr'><strong>peccato</strong></span> <span class='ocrx_word' id='word_1_87' title='bbox 2073 1558 2359 1621; x_wconf 87' lang='lat' dir='ltr'><strong>finaliter</strong></span> 
     </span>
    </p>

    <p class='ocr_par' dir='ltr' id='par_1_11' title="bbox 871 1658 2356 1840">
     <span class='ocr_line' id='line_1_13' title="bbox 872 1658 2356 1740; baseline 0.002 -23"><span class='ocrx_word' id='word_1_88' title='bbox 872 1675 998 1720; x_wconf 91' lang='lat' dir='ltr'><strong>non</strong></span> <span class='ocrx_word' id='word_1_89' title='bbox 1049 1658 1396 1739; x_wconf 81' lang='lat' dir='ltr'><strong>permansi,</strong></span> <span class='ocrx_word' id='word_1_90' title='bbox 1432 1658 1560 1722; x_wconf 90' lang='lat' dir='ltr'><strong>imo</strong></span> <span class='ocrx_word' id='word_1_91' title='bbox 1611 1659 1904 1740; x_wconf 90' lang='lat' dir='ltr'><strong>poenitui.</strong></span> <span class='ocrx_word' id='word_1_92' title='bbox 1939 1661 2122 1721; x_wconf 82' lang='lat' dir='ltr'><strong>Juxta</strong></span> <span class='ocrx_word' id='word_1_93' title='bbox 2165 1678 2356 1740; x_wconf 90' lang='lat' dir='ltr'><strong>quem</strong></span> 
     </span>
     <span class='ocr_line' id='line_1_14' title="bbox 871 1756 2352 1840; baseline 0.002 -24"><span class='ocrx_word' id='word_1_94' title='bbox 871 1774 1128 1818; x_wconf 89' lang='lat' dir='ltr'><strong>sensum</strong></span> <span class='ocrx_word' id='word_1_95' title='bbox 1158 1756 1362 1840; x_wconf 78' lang='lat' dir='ltr'>accipi</span> <span class='ocrx_word' id='word_1_96' title='bbox 1395 1766 1604 1839; x_wconf 87' lang='lat' dir='ltr'><strong>potest</strong></span> <span class='ocrx_word' id='word_1_97' title='bbox 1634 1758 1795 1820; x_wconf 93' lang='lat' dir='ltr'><strong>illud</strong></span> <span class='ocrx_word' id='word_1_98' title='bbox 1829 1759 2048 1839; x_wconf 85' lang='lat' dir='ltr'><strong>primae</strong></span> <span class='ocrx_word' id='word_1_99' title='bbox 2067 1757 2352 1834; x_wconf 84' lang='lat' dir='ltr'><strong>Joannis,</strong></span> 
     </span>
    </p>
   </div>
   <div class='ocr_carea' id='block_1_5' title="bbox 2460 771 3961 1836">
    <p class='ocr_par' dir='ltr' id='par_1_12' title="bbox 2460 771 3961 1738">
     <span class='ocr_line' id='line_1_15' title="bbox 2470 771 3959 853; baseline -0.002 -21"><span class='ocrx_word' id='word_1_100' title='bbox 2470 771 2687 834; x_wconf 90' lang='lat' dir='ltr'><strong>horam</strong></span> <span class='ocrx_word' id='word_1_101' title='bbox 2732 773 2975 853; x_wconf 87' lang='lat' dir='ltr'><strong>judicet</strong></span> <span class='ocrx_word' id='word_1_102' title='bbox 3026 774 3259 836; x_wconf 88' lang='lat' dir='ltr'><strong>multos</strong></span> <span class='ocrx_word' id='word_1_103' title='bbox 3308 791 3533 835; x_wconf 89' lang='lat' dir='ltr'><strong>annos.</strong></span> <span class='ocrx_word' id='word_1_104' title='bbox 3570 775 3652 833; x_wconf 83' lang='lat' dir='ltr'><strong>E&#39;t</strong></span> <span class='ocrx_word' id='word_1_105' title='bbox 3690 790 3959 831; x_wconf 76' lang='lat' dir='ltr'><strong>rursum</strong></span> 
     </span>
     <span class='ocr_line' id='line_1_16' title="bbox 2460 868 3959 955; baseline -0.002 -24"><span class='ocrx_word' id='word_1_106' title='bbox 2460 880 2604 947; x_wconf 81' lang='lat' dir='ltr'><strong>post</strong></span> <span class='ocrx_word' id='word_1_107' title='bbox 2635 874 2942 944; x_wconf 75' lang='lat' dir='ltr'><strong>tenebras,</strong></span> <span class='ocrx_word' id='word_1_108' title='bbox 2977 872 3039 933; x_wconf 91' lang='lat' dir='ltr'><strong>id</strong></span> <span class='ocrx_word' id='word_1_109' title='bbox 3080 879 3179 935; x_wconf 89' lang='lat' dir='ltr'><strong>cst</strong></span> <span class='ocrx_word' id='word_1_110' title='bbox 3221 890 3442 955; x_wconf 89' lang='lat' dir='ltr'><strong>poenas</strong></span> <span class='ocrx_word' id='word_1_111' title='bbox 3481 868 3851 953; x_wconf 85' lang='lat' dir='ltr'><strong>purgatorii,</strong></span> <span class='ocrx_word' id='word_1_112' title='bbox 3888 868 3959 929; x_wconf 90' lang='lat' dir='ltr'><strong>in</strong></span> 
     </span>
     <span class='ocr_line' id='line_1_17' title="bbox 2468 966 3959 1051; baseline -0.001 -22"><span class='ocrx_word' id='word_1_113' title='bbox 2468 987 2597 1049; x_wconf 90' lang='lat' dir='ltr'><strong>quo</strong></span> <span class='ocrx_word' id='word_1_114' title='bbox 2648 977 2744 1032; x_wconf 90' lang='lat' dir='ltr'><strong>est</strong></span> <span class='ocrx_word' id='word_1_115' title='bbox 2792 970 3073 1032; x_wconf 85' lang='lat' dir='ltr'><strong>carentia</strong></span> <span class='ocrx_word' id='word_1_116' title='bbox 3122 970 3285 1033; x_wconf 90' lang='lat' dir='ltr'><strong>lucis</strong></span> <span class='ocrx_word' id='word_1_117' title='bbox 3332 969 3572 1051; x_wconf 79' lang='lat' dir='ltr'><strong>gloriae,</strong></span> <span class='ocrx_word' id='word_1_118' title='bbox 3608 986 3720 1031; x_wconf 86' lang='lat' dir='ltr'><strong>seu</strong></span> <span class='ocrx_word' id='word_1_119' title='bbox 3760 966 3959 1030; x_wconf 88' lang='lat' dir='ltr'><strong>etiam</strong></span> 
     </span>
     <span class='ocr_line' id='line_1_18' title="bbox 2471 1063 3961 1149; baseline 0.001 -23"><span class='ocrx_word' id='word_1_120' title='bbox 2471 1065 2731 1128; x_wconf 86' lang='lat' dir='ltr'><strong>luminis</strong></span> <span class='ocrx_word' id='word_1_121' title='bbox 2762 1066 3445 1149; x_wconf 82' lang='lat' dir='ltr'><strong>exterioriS,quantum</strong></span> <span class='ocrx_word' id='word_1_122' title='bbox 3476 1065 3556 1128; x_wconf 88' lang='lat' dir='ltr'><strong>ad</strong></span> <span class='ocrx_word' id='word_1_123' title='bbox 3584 1063 3961 1128; x_wconf 91' lang='lat' dir='ltr'><strong>consolatio-</strong></span> 
     </span>
     <span class='ocr_line' id='line_1_19' title="bbox 2471 1163 3960 1246; baseline -0.001 -22"><span class='ocrx_word' id='word_1_124' title='bbox 2471 1182 2617 1225; x_wconf 89' lang='lat' dir='ltr'><strong>nem</strong></span> <span class='ocrx_word' id='word_1_125' title='bbox 2648 1171 2713 1225; x_wconf 89' lang='lat' dir='ltr'><strong>et</strong></span> <span class='ocrx_word' id='word_1_126' title='bbox 2742 1165 3015 1245; x_wconf 87' lang='lat' dir='ltr'><strong>copiam,</strong></span> <span class='ocrx_word' id='word_1_127' title='bbox 3051 1165 3259 1245; x_wconf 90' lang='lat' dir='ltr'><strong>caligo</strong></span> <span class='ocrx_word' id='word_1_128' title='bbox 3287 1183 3543 1246; x_wconf 92' lang='lat' dir='ltr'><strong>quoque</strong></span> <span class='ocrx_word' id='word_1_129' title='bbox 3574 1165 3641 1225; x_wconf 88' lang='lat' dir='ltr'><strong>in</strong></span> <span class='ocrx_word' id='word_1_130' title='bbox 3671 1163 3960 1245; x_wconf 88' lang='lat' dir='ltr'><strong>judican-</strong></span> 
     </span>
     <span class='ocr_line' id='line_1_20' title="bbox 2468 1262 3959 1345; baseline 0.002 -23"><span class='ocrx_word' id='word_1_131' title='bbox 2468 1262 2549 1324; x_wconf 92' lang='lat' dir='ltr'><strong>do</strong></span> <span class='ocrx_word' id='word_1_132' title='bbox 2580 1270 2643 1325; x_wconf 90' lang='lat' dir='ltr'><strong>et</strong></span> <span class='ocrx_word' id='word_1_133' title='bbox 2672 1265 3136 1343; x_wconf 88' lang='lat' dir='ltr'><strong>cognoscendo,</strong></span> <span class='ocrx_word' id='word_1_134' title='bbox 3156 1263 3507 1345; x_wconf 80' lang='lat' dir='ltr'><strong>praesertim</strong></span> <span class='ocrx_word' id='word_1_135' title='bbox 3542 1270 3829 1343; x_wconf 90' lang='lat' dir='ltr'><strong>respectu</strong></span> <span class='ocrx_word' id='word_1_136' title='bbox 3858 1280 3959 1325; x_wconf 88' lang='lat' dir='ltr'><strong>co-</strong></span> 
     </span>
     <span class='ocr_line' id='line_1_21' title="bbox 2466 1360 3957 1443; baseline 0 -22"><span class='ocrx_word' id='word_1_137' title='bbox 2466 1360 2773 1439; x_wconf 88' lang='lat' dir='ltr'><strong>gnitionis</strong></span> <span class='ocrx_word' id='word_1_138' title='bbox 2807 1362 2874 1424; x_wconf 92' lang='lat' dir='ltr'><strong>in</strong></span> <span class='ocrx_word' id='word_1_139' title='bbox 2907 1362 3143 1443; x_wconf 89' lang='lat' dir='ltr'><strong>patria;</strong></span> <span class='ocrx_word' id='word_1_140' title='bbox 3167 1383 3347 1441; x_wconf 78' lang='lat' dir='ltr'><strong>spero</strong></span> <span class='ocrx_word' id='word_1_141' title='bbox 3370 1366 3574 1423; x_wconf 83' lang='lat' dir='ltr'><strong>lucem</strong></span> <span class='ocrx_word' id='word_1_142' title='bbox 3599 1361 3815 1441; x_wconf 79' lang='lat' dir='ltr'><strong>gloriae</strong></span> <span class='ocrx_word' id='word_1_143' title='bbox 3843 1380 3957 1423; x_wconf 87' lang='lat' dir='ltr'><strong>seu</strong></span> 
     </span>
     <span class='ocr_line' id='line_1_22' title="bbox 2466 1459 3952 1537; baseline -0.001 -16"><span class='ocrx_word' id='word_1_144' title='bbox 2466 1459 2733 1521; x_wconf 81' lang='lat' dir='ltr'><strong>visionis</strong></span> <span class='ocrx_word' id='word_1_145' title='bbox 2764 1459 2986 1537; x_wconf 83' lang='lat' dir='ltr'><strong>beatae,</strong></span> <span class='ocrx_word' id='word_1_146' title='bbox 3010 1460 3141 1523; x_wconf 88' lang='lat' dir='ltr'><strong>imo</strong></span> <span class='ocrx_word' id='word_1_147' title='bbox 3173 1461 3370 1523; x_wconf 90' lang='lat' dir='ltr'><strong>Deum</strong></span> <span class='ocrx_word' id='word_1_148' title='bbox 3398 1460 3605 1523; x_wconf 90' lang='lat' dir='ltr'><strong>lucem</strong></span> <span class='ocrx_word' id='word_1_149' title='bbox 3628 1467 3952 1534; x_wconf 62' lang='lat' dir='ltr'><strong>aeternam,</strong></span> 
     </span>
     <span class='ocr_line' id='line_1_23' title="bbox 2467 1556 3956 1640; baseline 0.001 -22"><span class='ocrx_word' id='word_1_150' title='bbox 2467 1556 2866 1635; x_wconf 87' lang='lat' dir='ltr'><strong>immensam,</strong></span> <span class='ocrx_word' id='word_1_151' title='bbox 2906 1558 3232 1637; x_wconf 86' lang='lat' dir='ltr'><strong>fontalem,</strong></span> <span class='ocrx_word' id='word_1_152' title='bbox 3269 1559 3337 1620; x_wconf 92' lang='lat' dir='ltr'><strong>in</strong></span> <span class='ocrx_word' id='word_1_153' title='bbox 3379 1560 3561 1640; x_wconf 83' lang='lat' dir='ltr'><strong>cujus</strong></span> <span class='ocrx_word' id='word_1_154' title='bbox 3602 1557 3956 1621; x_wconf 89' lang='lat' dir='ltr'><strong>certissima</strong></span> 
     </span>
     <span class='ocr_line' id='line_1_24' title="bbox 2466 1656 3740 1738; baseline -0.001 -21"><span class='ocrx_word' id='word_1_155' title='bbox 2466 1657 2937 1737; x_wconf 83' lang='lat' dir='ltr'><strong>exspectatione</strong></span> <span class='ocrx_word' id='word_1_156' title='bbox 2968 1666 3030 1720; x_wconf 89' lang='lat' dir='ltr'><strong>et</strong></span> <span class='ocrx_word' id='word_1_157' title='bbox 3062 1676 3174 1738; x_wconf 91' lang='lat' dir='ltr'><strong>spe</strong></span> <span class='ocrx_word' id='word_1_158' title='bbox 3205 1657 3419 1719; x_wconf 89' lang='lat' dir='ltr'><strong>anima</strong></span> <span class='ocrx_word' id='word_1_159' title='bbox 3448 1664 3545 1719; x_wconf 89' lang='lat' dir='ltr'><strong>est</strong></span> <span class='ocrx_word' id='word_1_160' title='bbox 3576 1656 3740 1718; x_wconf 78' lang='lat' dir='ltr'><strong>talis.</strong></span> 
     </span>
    </p>

    <p class='ocr_par' dir='ltr' id='par_1_13' title="bbox 2546 1753 3957 1836">
     <span class='ocr_line' id='line_1_25' title="bbox 2546 1753 3957 1836; baseline -0.001 -21"><span class='ocrx_word' id='word_1_161' title='bbox 2546 1757 2627 1815; x_wconf 84' lang='lat' dir='ltr'><strong>Si</strong></span> <span class='ocrx_word' id='word_1_162' title='bbox 2666 1756 3033 1815; x_wconf 76' lang='lat' dir='ltr'><strong>sustinuero</strong></span> <span class='ocrx_word' id='word_1_163' title='bbox 3076 1772 3298 1836; x_wconf 87' lang='lat' dir='ltr'><strong>poenas</strong></span> <span class='ocrx_word' id='word_1_164' title='bbox 3339 1755 3474 1830; x_wconf 82' lang='lat' dir='ltr'><strong>haS‚</strong></span> <span class='ocrx_word' id='word_1_165' title='bbox 3499 1774 3657 1835; x_wconf 93' lang='lat' dir='ltr'><strong>quas</strong></span> <span class='ocrx_word' id='word_1_166' title='bbox 3696 1774 3798 1816; x_wconf 92' lang='lat' dir='ltr'><strong>me</strong></span> <span class='ocrx_word' id='word_1_167' title='bbox 3832 1753 3957 1817; x_wconf 90' lang='lat' dir='ltr'><strong>fer-</strong></span> 
     </span>
    </p>
   </div>
   <div class='ocr_carea' id='block_1_6' title="bbox 589 1853 3951 1937">
    <p class='ocr_par' dir='ltr' id='par_1_14' title="bbox 589 1853 3951 1937">
     <span class='ocr_line' id='line_1_26' title="bbox 589 1853 3951 1937; baseline 0.001 -25"><span class='ocrx_word' id='word_1_168' title='bbox 589 1870 838 1919; x_wconf 75' lang='lat' dir='ltr'><strong>rJoann.m‚</strong></span> <span class='ocrx_word' id='word_1_169' title='bbox 870 1853 1056 1916; x_wconf 90' lang='lat' dir='ltr'><strong>tertio</strong></span> <span class='ocrx_word' id='word_1_170' title='bbox 1105 1856 1314 1937; x_wconf 87' lang='lat' dir='ltr'><strong>capite</strong></span> <span class='ocrx_word' id='word_1_171' title='bbox 1349 1873 1362 1917; x_wconf 94' lang='lat'>:</span> <span class='ocrx_word' id='word_1_172' title='bbox 1398 1855 1513 1929; x_wconf 90' lang='lat' dir='ltr'><strong>Qui</strong></span> <span class='ocrx_word' id='word_1_173' title='bbox 1560 1865 1744 1918; x_wconf 90' lang='lat' dir='ltr'><strong>natus</strong></span> <span class='ocrx_word' id='word_1_174' title='bbox 1787 1865 1884 1919; x_wconf 89' lang='lat' dir='ltr'><strong>est</strong></span> <span class='ocrx_word' id='word_1_175' title='bbox 1927 1876 2002 1919; x_wconf 89' lang='lat' dir='ltr'><strong>ex</strong></span> <span class='ocrx_word' id='word_1_176' title='bbox 2041 1857 2189 1933; x_wconf 91' lang='lat' dir='ltr'><strong>Deo,</strong></span> <span class='ocrx_word' id='word_1_177' title='bbox 2226 1875 2354 1918; x_wconf 90' lang='lat' dir='ltr'><strong>non</strong></span> <span class='ocrx_word' id='word_1_178' title='bbox 2394 1862 2439 1924; x_wconf 85' lang='grc' dir='ltr'><strong>Β</strong></span> <span class='ocrx_word' id='word_1_179' title='bbox 2470 1871 2535 1913; x_wconf 89' lang='lat' dir='ltr'><strong>re</strong></span> <span class='ocrx_word' id='word_1_180' title='bbox 2576 1860 2845 1934; x_wconf 81' lang='lat' dir='ltr'><strong>oportet,</strong></span> <span class='ocrx_word' id='word_1_181' title='bbox 2882 1854 2947 1915; x_wconf 93' lang='lat' dir='ltr'><strong>id</strong></span> <span class='ocrx_word' id='word_1_182' title='bbox 2980 1860 3097 1930; x_wconf 90' lang='lat' dir='ltr'><strong>est,</strong></span> <span class='ocrx_word' id='word_1_183' title='bbox 3131 1854 3422 1935; x_wconf 88' lang='lat' dir='ltr'><strong>quamvis</strong></span> <span class='ocrx_word' id='word_1_184' title='bbox 3462 1872 3568 1915; x_wconf 89' lang='lat' dir='ltr'><strong>eas</strong></span> <span class='ocrx_word' id='word_1_185' title='bbox 3607 1853 3951 1935; x_wconf 79' lang='lat' dir='ltr'><strong>pertulere,</strong></span> 
     </span>
    </p>
   </div>
   <div class='ocr_carea' id='block_1_7' title="bbox 577 1935 2356 2037">
    <p class='ocr_par' dir='ltr' id='par_1_15' title="bbox 577 1935 2356 2037">
     <span class='ocr_line' id='line_1_27' title="bbox 577 1935 2356 2037; baseline -0.002 -19"><span class='ocrx_word' id='word_1_186' title='bbox 577 1935 616 1974; x_wconf 85' lang='lat'><strong>⁹·</strong></span> <span class='ocrx_word' id='word_1_187' title='bbox 868 1960 1108 2033; x_wconf 74' lang='lat' dir='ltr'><strong>peceat.</strong></span> <span class='ocrx_word' id='word_1_188' title='bbox 1143 1957 1226 2015; x_wconf 76' lang='lat' dir='ltr'><strong>Ec</strong></span> <span class='ocrx_word' id='word_1_189' title='bbox 1268 1958 1338 2015; x_wconf 72' lang='lat' dir='ltr'><strong>in</strong></span> <span class='ocrx_word' id='word_1_190' title='bbox 1377 1958 1934 2015; x_wconf 60' lang='lat' dir='ltr'><strong>amaritudinibus</strong></span> <span class='ocrx_word' id='word_1_191' title='bbox 1965 1953 2356 2037; x_wconf 82' lang='lat' dir='ltr'><strong>purgatoria-</strong></span> 
     </span>
    </p>
   </div>
   <div class='ocr_carea' id='block_1_8' title="bbox 850 2052 2357 3021">
    <p class='ocr_par' dir='ltr' id='par_1_16' title="bbox 850 2052 2357 3021">
     <span class='ocr_line' id='line_1_28' title="bbox 870 2052 2355 2133; baseline 0.003 -23"><span class='ocrx_word' id='word_1_192' title='bbox 870 2069 1009 2111; x_wconf 87' lang='lat' dir='ltr'><strong>rum</strong></span> <span class='ocrx_word' id='word_1_193' title='bbox 1041 2070 1374 2133; x_wconf 88' lang='lat' dir='ltr'><strong>poenarum</strong></span> <span class='ocrx_word' id='word_1_194' title='bbox 1406 2062 1698 2113; x_wconf 79' lang='lat' dir='ltr'><strong>moratur</strong></span> <span class='ocrx_word' id='word_1_195' title='bbox 1724 2058 1945 2113; x_wconf 81' lang='lat' dir='ltr'><strong>oculus</strong></span> <span class='ocrx_word' id='word_1_196' title='bbox 1985 2074 2160 2113; x_wconf 79' lang='lat' dir='ltr'><strong>meus</strong></span> <span class='ocrx_word' id='word_1_197' title='bbox 2199 2052 2355 2115; x_wconf 89' lang='lat' dir='ltr'><strong>inte-</strong></span> 
     </span>
     <span class='ocr_line' id='line_1_29' title="bbox 869 2147 2355 2232; baseline 0.002 -24"><span class='ocrx_word' id='word_1_198' title='bbox 869 2147 1020 2227; x_wconf 91' lang='lat' dir='ltr'><strong>rior,</strong></span> <span class='ocrx_word' id='word_1_199' title='bbox 1064 2168 1394 2232; x_wconf 82' lang='lat' dir='ltr'><strong>quousque</strong></span> <span class='ocrx_word' id='word_1_200' title='bbox 1439 2170 1554 2232; x_wconf 91' lang='lat' dir='ltr'><strong>pro</strong></span> <span class='ocrx_word' id='word_1_201' title='bbox 1603 2151 1921 2215; x_wconf 85' lang='lat' dir='ltr'><strong>universis</strong></span> <span class='ocrx_word' id='word_1_202' title='bbox 1971 2159 2035 2213; x_wconf 93' lang='lat' dir='ltr'><strong>et</strong></span> <span class='ocrx_word' id='word_1_203' title='bbox 2083 2150 2355 2232; x_wconf 89' lang='lat' dir='ltr'><strong>singulis</strong></span> 
     </span>
     <span class='ocr_line' id='line_1_30' title="bbox 867 2248 2356 2329; baseline 0.003 -22"><span class='ocrx_word' id='word_1_204' title='bbox 867 2248 1028 2309; x_wconf 90' lang='lat' dir='ltr'><strong>meis</strong></span> <span class='ocrx_word' id='word_1_205' title='bbox 1080 2250 1355 2329; x_wconf 89' lang='lat' dir='ltr'><strong>peccatis</strong></span> <span class='ocrx_word' id='word_1_206' title='bbox 1407 2268 1519 2311; x_wconf 87' lang='lat' dir='ltr'><strong>seu</strong></span> <span class='ocrx_word' id='word_1_207' title='bbox 1565 2249 1798 2311; x_wconf 90' lang='lat' dir='ltr'><strong>debitis</strong></span> <span class='ocrx_word' id='word_1_208' title='bbox 1862 2249 2053 2311; x_wconf 89' lang='lat' dir='ltr'><strong>fuerit</strong></span> <span class='ocrx_word' id='word_1_209' title='bbox 2107 2248 2356 2312; x_wconf 87' lang='lat' dir='ltr'><strong>satisfa-</strong></span> 
     </span>
     <span class='ocr_line' id='line_1_31' title="bbox 867 2348 2357 2429; baseline 0.001 -23"><span class='ocrx_word' id='word_1_210' title='bbox 867 2349 1312 2407; x_wconf 85' lang='lat' dir='ltr'><strong>ctum.Libera</strong></span> <span class='ocrx_word' id='word_1_211' title='bbox 1343 2368 1440 2407; x_wconf 81' lang='lat' dir='ltr'><strong>me</strong></span> <span class='ocrx_word' id='word_1_212' title='bbox 1471 2348 1549 2409; x_wconf 90' lang='lat' dir='ltr'><strong>de</strong></span> <span class='ocrx_word' id='word_1_213' title='bbox 1581 2348 1789 2429; x_wconf 88' lang='lat' dir='ltr'><strong>poenis</strong></span> <span class='ocrx_word' id='word_1_214' title='bbox 1821 2348 1946 2425; x_wconf 92' lang='lat' dir='ltr'><strong>his,</strong></span> <span class='ocrx_word' id='word_1_215' title='bbox 1980 2358 2039 2408; x_wconf 82' lang='lat' dir='ltr'><strong>et</strong></span> <span class='ocrx_word' id='word_1_216' title='bbox 2065 2368 2228 2424; x_wconf 83' lang='lat' dir='ltr'><strong>pone</strong></span> <span class='ocrx_word' id='word_1_217' title='bbox 2260 2369 2357 2409; x_wconf 84' lang='lat' dir='ltr'><strong>me</strong></span> 
     </span>
     <span class='ocr_line' id='line_1_32' title="bbox 850 2443 2356 2527; baseline 0.005 -27"><span class='ocrx_word' id='word_1_218' title='bbox 850 2443 1060 2519; x_wconf 67' lang='lat' dir='ltr'><strong>jamra</strong></span> <span class='ocrx_word' id='word_1_219' title='bbox 1091 2455 1168 2516; x_wconf 82' lang='lat' dir='ltr'><strong>te,</strong></span> <span class='ocrx_word' id='word_1_220' title='bbox 1202 2444 1267 2507; x_wconf 90' lang='lat' dir='ltr'><strong>in</strong></span> <span class='ocrx_word' id='word_1_221' title='bbox 1309 2464 1503 2525; x_wconf 88' lang='lat' dir='ltr'><strong>regno</strong></span> <span class='ocrx_word' id='word_1_222' title='bbox 1545 2446 1966 2527; x_wconf 87' lang='lat' dir='ltr'><strong>jucunditatis</strong></span> <span class='ocrx_word' id='word_1_223' title='bbox 2005 2465 2078 2508; x_wconf 90' lang='lat' dir='ltr'><strong>ac</strong></span> <span class='ocrx_word' id='word_1_224' title='bbox 2120 2446 2356 2509; x_wconf 89' lang='lat' dir='ltr'><strong>securi-</strong></span> 
     </span>
     <span class='ocr_line' id='line_1_33' title="bbox 866 2541 2355 2625; baseline 0.003 -23"><span class='ocrx_word' id='word_1_225' title='bbox 866 2541 1014 2603; x_wconf 86' lang='lat' dir='ltr'><strong>tatis</strong></span> <span class='ocrx_word' id='word_1_226' title='bbox 1056 2550 1308 2606; x_wconf 82' lang='lat' dir='ltr'><strong>aetcrnae</strong></span> <span class='ocrx_word' id='word_1_227' title='bbox 1343 2562 1356 2605; x_wconf 89' lang='lat'>:</span> <span class='ocrx_word' id='word_1_228' title='bbox 1392 2546 1562 2625; x_wconf 90' lang='lat' dir='ltr'><strong>quod</strong></span> <span class='ocrx_word' id='word_1_229' title='bbox 1603 2545 1817 2607; x_wconf 89' lang='lat' dir='ltr'><strong>anima</strong></span> <span class='ocrx_word' id='word_1_230' title='bbox 1849 2545 1992 2607; x_wconf 90' lang='lat' dir='ltr'><strong>talis</strong></span> <span class='ocrx_word' id='word_1_231' title='bbox 2024 2545 2355 2607; x_wconf 88' lang='lat' dir='ltr'><strong>vehemen-</strong></span> 
     </span>
     <span class='ocr_line' id='line_1_34' title="bbox 868 2639 2354 2723; baseline 0.003 -23"><span class='ocrx_word' id='word_1_232' title='bbox 868 2639 1114 2703; x_wconf 89' lang='lat' dir='ltr'><strong>tissime</strong></span> <span class='ocrx_word' id='word_1_233' title='bbox 1163 2643 1361 2723; x_wconf 89' lang='lat' dir='ltr'><strong>cupit,</strong></span> <span class='ocrx_word' id='word_1_234' title='bbox 1415 2651 1482 2704; x_wconf 93' lang='lat' dir='ltr'><strong>ut</strong></span> <span class='ocrx_word' id='word_1_235' title='bbox 1533 2642 1765 2723; x_wconf 83' lang='lat' dir='ltr'><strong>saepius</strong></span> <span class='ocrx_word' id='word_1_236' title='bbox 1813 2651 2050 2705; x_wconf 88' lang='lat' dir='ltr'><strong>tactum</strong></span> <span class='ocrx_word' id='word_1_237' title='bbox 2105 2652 2243 2723; x_wconf 85' lang='lat' dir='ltr'><strong>est3</strong></span> <span class='ocrx_word' id='word_1_238' title='bbox 2296 2654 2354 2704; x_wconf 86' lang='lat' dir='ltr'><strong>et</strong></span> 
     </span>
     <span class='ocr_line' id='line_1_35' title="bbox 865 2741 2351 2820; baseline 0.003 -21"><span class='ocrx_word' id='word_1_239' title='bbox 865 2741 1153 2817; x_wconf 80' lang='lat' dir='ltr'><strong>cujusvis</strong></span> <span class='ocrx_word' id='word_1_240' title='bbox 1184 2761 1417 2801; x_wconf 80' lang='lat' dir='ltr'><strong>manus</strong></span> <span class='ocrx_word' id='word_1_241' title='bbox 1438 2752 1684 2818; x_wconf 71' lang='lat' dir='ltr'><strong>paynet</strong></span> <span class='ocrx_word' id='word_1_242' title='bbox 1712 2751 1935 2803; x_wconf 79' lang='lat' dir='ltr'><strong>contra</strong></span> <span class='ocrx_word' id='word_1_243' title='bbox 1974 2764 2097 2814; x_wconf 85' lang='lat' dir='ltr'><strong>me,</strong></span> <span class='ocrx_word' id='word_1_244' title='bbox 2128 2743 2194 2803; x_wconf 90' lang='lat' dir='ltr'><strong>id</strong></span> <span class='ocrx_word' id='word_1_245' title='bbox 2234 2750 2351 2820; x_wconf 86' lang='lat' dir='ltr'><strong>est,</strong></span> 
     </span>
     <span class='ocr_line' id='line_1_36' title="bbox 865 2838 2351 2921; baseline 0.004 -24"><span class='ocrx_word' id='word_1_246' title='bbox 865 2844 1017 2900; x_wconf 91' lang='lat' dir='ltr'><strong>tunc</strong></span> <span class='ocrx_word' id='word_1_247' title='bbox 1049 2838 1288 2901; x_wconf 90' lang='lat' dir='ltr'><strong>nullius</strong></span> <span class='ocrx_word' id='word_1_248' title='bbox 1331 2840 1872 2921; x_wconf 82' lang='lat' dir='ltr'><strong>impugnationem</strong></span> <span class='ocrx_word' id='word_1_249' title='bbox 1921 2841 2182 2904; x_wconf 87' lang='lat' dir='ltr'><strong>timebo.</strong></span> <span class='ocrx_word' id='word_1_250' title='bbox 2217 2841 2351 2903; x_wconf 88' lang='lat' dir='ltr'><strong>Non</strong></span> 
     </span>
     <span class='ocr_line' id='line_1_37' title="bbox 865 2936 2354 3021; baseline 0.001 -23"><span class='ocrx_word' id='word_1_251' title='bbox 865 2936 1037 2998; x_wconf 90' lang='lat' dir='ltr'><strong>enim</strong></span> <span class='ocrx_word' id='word_1_252' title='bbox 1068 2936 1190 2999; x_wconf 89' lang='lat' dir='ltr'><strong>hoc</strong></span> <span class='ocrx_word' id='word_1_253' title='bbox 1219 2937 1452 3000; x_wconf 91' lang='lat' dir='ltr'><strong>dicitur</strong></span> <span class='ocrx_word' id='word_1_254' title='bbox 1481 2938 1662 3019; x_wconf 87' lang='lat' dir='ltr'><strong>quasi</strong></span> <span class='ocrx_word' id='word_1_255' title='bbox 1695 2939 1864 3002; x_wconf 86' lang='lat' dir='ltr'><strong>Beati</strong></span> <span class='ocrx_word' id='word_1_256' title='bbox 1899 2940 2354 3021; x_wconf 81' lang='lat' dir='ltr'><strong>impugnentur</strong></span> 
     </span>
    </p>
   </div>
   <div class='ocr_carea' id='block_1_9' title="bbox 2463 1952 4301 3018">
    <p class='ocr_par' dir='ltr' id='par_1_17' title="bbox 2463 1952 4301 2427">
     <span class='ocr_line' id='line_1_38' title="bbox 2466 1952 3951 2029; baseline 0 -17"><span class='ocrx_word' id='word_1_257' title='bbox 2466 1960 2678 2014; x_wconf 89' lang='lat' dir='ltr'><strong>tamen</strong></span> <span class='ocrx_word' id='word_1_258' title='bbox 2738 1954 3042 2029; x_wconf 75' lang='lat' dir='ltr'><strong>infernus</strong></span> <span class='ocrx_word' id='word_1_259' title='bbox 3086 1956 3313 2013; x_wconf 83' lang='lat' dir='ltr'><strong>domus</strong></span> <span class='ocrx_word' id='word_1_260' title='bbox 3364 1973 3501 2013; x_wconf 85' lang='lat' dir='ltr'><strong>mea</strong></span> <span class='ocrx_word' id='word_1_261' title='bbox 3550 1963 3665 2021; x_wconf 78' lang='lat' dir='ltr'><strong>est,</strong></span> <span class='ocrx_word' id='word_1_262' title='bbox 3718 1952 3780 2014; x_wconf 90' lang='lat' dir='ltr'><strong>id</strong></span> <span class='ocrx_word' id='word_1_263' title='bbox 3834 1961 3951 2027; x_wconf 85' lang='lat' dir='ltr'><strong>est,</strong></span> 
     </span>
     <span class='ocr_line' id='line_1_39' title="bbox 2463 2049 3953 2131; baseline 0.001 -21"><span class='ocrx_word' id='word_1_264' title='bbox 2463 2050 2903 2131; x_wconf 90' lang='lat' dir='ltr'><strong>purgatorium</strong></span> <span class='ocrx_word' id='word_1_265' title='bbox 2950 2050 3207 2113; x_wconf 85' lang='lat' dir='ltr'><strong>interim</strong></span> <span class='ocrx_word' id='word_1_266' title='bbox 3258 2059 3473 2113; x_wconf 90' lang='lat' dir='ltr'><strong>manet</strong></span> <span class='ocrx_word' id='word_1_267' title='bbox 3518 2049 3953 2113; x_wconf 88' lang='lat' dir='ltr'><strong>habitaculum</strong></span> 
     </span>
     <span class='ocr_line' id='line_1_40' title="bbox 2464 2148 3947 2230; baseline 0 -21"><span class='ocrx_word' id='word_1_268' title='bbox 2464 2167 2698 2226; x_wconf 91' lang='lat' dir='ltr'><strong>meum,</strong></span> <span class='ocrx_word' id='word_1_269' title='bbox 2734 2168 3067 2230; x_wconf 91' lang='lat' dir='ltr'><strong>quousque</strong></span> <span class='ocrx_word' id='word_1_270' title='bbox 3116 2148 3303 2230; x_wconf 90' lang='lat' dir='ltr'><strong>plene</strong></span> <span class='ocrx_word' id='word_1_271' title='bbox 3355 2148 3535 2212; x_wconf 86' lang='lat' dir='ltr'><strong>fuero</strong></span> <span class='ocrx_word' id='word_1_272' title='bbox 3584 2149 3947 2211; x_wconf 80' lang='lat' dir='ltr'><strong>emundata.</strong></span> 
     </span>
     <span class='ocr_line' id='line_1_41' title="bbox 2463 2246 4301 2329; baseline -0.001 -20"><span class='ocrx_word' id='word_1_273' title='bbox 2463 2246 2639 2321; x_wconf 89' lang='lat' dir='ltr'><strong>Quod</strong></span> <span class='ocrx_word' id='word_1_274' title='bbox 2672 2256 2881 2309; x_wconf 90' lang='lat' dir='ltr'><strong>autem</strong></span> <span class='ocrx_word' id='word_1_275' title='bbox 2912 2246 3205 2310; x_wconf 86' lang='lat' dir='ltr'><strong>infernus</strong></span> <span class='ocrx_word' id='word_1_276' title='bbox 3236 2248 3623 2329; x_wconf 91' lang='lat' dir='ltr'><strong>quandoque</strong></span> <span class='ocrx_word' id='word_1_277' title='bbox 3655 2266 3771 2329; x_wconf 90' lang='lat' dir='ltr'><strong>pro</strong></span> <span class='ocrx_word' id='word_1_278' title='bbox 3803 2266 3951 2328; x_wconf 92' lang='lat' dir='ltr'><strong>pur—</strong></span> <span class='ocrx_word' id='word_1_279' title='bbox 4299 2312 4301 2325; x_wconf 21' lang='grc' dir='ltr'>ἶ</span> 
     </span>
     <span class='ocr_line' id='line_1_42' title="bbox 2463 2344 4227 2427; baseline 0 -20"><span class='ocrx_word' id='word_1_280' title='bbox 2463 2345 2705 2427; x_wconf 88' lang='lat' dir='ltr'><strong>gatorio</strong></span> <span class='ocrx_word' id='word_1_281' title='bbox 2754 2345 3125 2427; x_wconf 81' lang='lat' dir='ltr'><strong>accipiatur,</strong></span> <span class='ocrx_word' id='word_1_282' title='bbox 3162 2344 3580 2427; x_wconf 83' lang='lat' dir='ltr'><strong>praehahitum</strong></span> <span class='ocrx_word' id='word_1_283' title='bbox 3636 2354 3753 2407; x_wconf 89' lang='lat' dir='ltr'><strong>est.</strong></span> <span class='ocrx_word' id='word_1_284' title='bbox 3796 2345 3949 2407; x_wconf 85' lang='lat' dir='ltr'><strong>Nam</strong></span> <span class='ocrx_word' id='word_1_285' title='bbox 3976 2370 4227 2416; x_wconf 58' lang='lat' dir='ltr'><strong>,eoam-,st</strong></span> 
     </span>
    </p>

    <p class='ocr_par' dir='ltr' id='par_1_18' title="bbox 2463 2443 3957 3018">
     <span class='ocr_line' id='line_1_43' title="bbox 2463 2443 3953 2507; baseline -0.001 0"><span class='ocrx_word' id='word_1_286' title='bbox 2463 2453 2525 2507; x_wconf 91' lang='lat' dir='ltr'><strong>et</strong></span> <span class='ocrx_word' id='word_1_287' title='bbox 2564 2444 2630 2505; x_wconf 93' lang='lat' dir='ltr'><strong>in</strong></span> <span class='ocrx_word' id='word_1_288' title='bbox 2670 2444 2855 2505; x_wconf 88' lang='lat' dir='ltr'><strong>Missa</strong></span> <span class='ocrx_word' id='word_1_289' title='bbox 2886 2463 3141 2507; x_wconf 91' lang='lat' dir='ltr'><strong>oramus</strong></span> <span class='ocrx_word' id='word_1_290' title='bbox 3190 2461 3205 2506; x_wconf 71' lang='grc' dir='ltr'>ε</span> <span class='ocrx_word' id='word_1_291' title='bbox 3250 2443 3479 2507; x_wconf 91' lang='lat' dir='ltr'><strong>Libera</strong></span> <span class='ocrx_word' id='word_1_292' title='bbox 3507 2444 3753 2506; x_wconf 87' lang='lat' dir='ltr'><strong>animas</strong></span> <span class='ocrx_word' id='word_1_293' title='bbox 3794 2443 3953 2507; x_wconf 84' lang='lat' dir='ltr'><strong>fide-</strong></span> 
     </span>
     <span class='ocr_line' id='line_1_44' title="bbox 2466 2542 3951 2625; baseline 0.001 -22"><span class='ocrx_word' id='word_1_294' title='bbox 2466 2543 2623 2605; x_wconf 87' lang='lat' dir='ltr'><strong>lium</strong></span> <span class='ocrx_word' id='word_1_295' title='bbox 2672 2542 3119 2605; x_wconf 92' lang='lat' dir='ltr'><strong>defunctorum</strong></span> <span class='ocrx_word' id='word_1_296' title='bbox 3173 2543 3252 2606; x_wconf 89' lang='lat' dir='ltr'><strong>de</strong></span> <span class='ocrx_word' id='word_1_297' title='bbox 3300 2542 3507 2625; x_wconf 89' lang='lat' dir='ltr'><strong>poenis</strong></span> <span class='ocrx_word' id='word_1_298' title='bbox 3568 2542 3835 2619; x_wconf 88' lang='lat' dir='ltr'><strong>inferni,</strong></span> <span class='ocrx_word' id='word_1_299' title='bbox 3888 2542 3951 2605; x_wconf 93' lang='lat' dir='ltr'><strong>id</strong></span> 
     </span>
     <span class='ocr_line' id='line_1_45' title="bbox 2464 2641 3954 2723; baseline -0.001 -19"><span class='ocrx_word' id='word_1_300' title='bbox 2464 2650 2561 2704; x_wconf 84' lang='lat' dir='ltr'><strong>est</strong></span> <span class='ocrx_word' id='word_1_301' title='bbox 2600 2641 2974 2723; x_wconf 82' lang='lat' dir='ltr'><strong>purgatorii.</strong></span> <span class='ocrx_word' id='word_1_302' title='bbox 3003 2645 3085 2703; x_wconf 79' lang='lat' dir='ltr'><strong>In</strong></span> <span class='ocrx_word' id='word_1_303' title='bbox 3122 2644 3393 2703; x_wconf 82' lang='lat' dir='ltr'><strong>tenebris</strong></span> <span class='ocrx_word' id='word_1_304' title='bbox 3422 2645 3629 2702; x_wconf 82' lang='lat' dir='ltr'><strong>stravi</strong></span> <span class='ocrx_word' id='word_1_305' title='bbox 3650 2645 3954 2703; x_wconf 79' lang='lat' dir='ltr'><strong>lectulum</strong></span> 
     </span>
     <span class='ocr_line' id='line_1_46' title="bbox 2464 2740 3957 2822; baseline -0.001 -21"><span class='ocrx_word' id='word_1_306' title='bbox 2464 2762 2728 2801; x_wconf 81' lang='lat' dir='ltr'><strong>meum:</strong></span> <span class='ocrx_word' id='word_1_307' title='bbox 2760 2740 2828 2801; x_wconf 92' lang='lat' dir='ltr'><strong>id</strong></span> <span class='ocrx_word' id='word_1_308' title='bbox 2877 2747 2992 2816; x_wconf 90' lang='lat' dir='ltr'><strong>est,</strong></span> <span class='ocrx_word' id='word_1_309' title='bbox 3032 2740 3098 2801; x_wconf 90' lang='lat' dir='ltr'><strong>in</strong></span> <span class='ocrx_word' id='word_1_310' title='bbox 3150 2740 3391 2802; x_wconf 90' lang='lat' dir='ltr'><strong>mundo</strong></span> <span class='ocrx_word' id='word_1_311' title='bbox 3440 2747 3503 2803; x_wconf 90' lang='lat' dir='ltr'><strong>et</strong></span> <span class='ocrx_word' id='word_1_312' title='bbox 3548 2758 3817 2822; x_wconf 88' lang='lat' dir='ltr'><strong>corpore</strong></span> <span class='ocrx_word' id='word_1_313' title='bbox 3864 2740 3957 2803; x_wconf 83' lang='lat' dir='ltr'><strong>vi-</strong></span> 
     </span>
     <span class='ocr_line' id='line_1_47' title="bbox 2464 2838 3957 2921; baseline 0 -21"><span class='ocrx_word' id='word_1_314' title='bbox 2464 2858 2642 2916; x_wconf 81' lang='lat' dir='ltr'><strong>venS,</strong></span> <span class='ocrx_word' id='word_1_315' title='bbox 2691 2839 3013 2920; x_wconf 89' lang='lat' dir='ltr'><strong>peccando</strong></span> <span class='ocrx_word' id='word_1_316' title='bbox 3059 2838 3407 2921; x_wconf 84' lang='lat' dir='ltr'><strong>praeparavi</strong></span> <span class='ocrx_word' id='word_1_317' title='bbox 3450 2838 3608 2900; x_wconf 90' lang='lat' dir='ltr'><strong>mihi</strong></span> <span class='ocrx_word' id='word_1_318' title='bbox 3658 2838 3831 2900; x_wconf 88' lang='lat' dir='ltr'><strong>hunc</strong></span> <span class='ocrx_word' id='word_1_319' title='bbox 3870 2838 3957 2900; x_wconf 93' lang='lat' dir='ltr'><strong>lo-</strong></span> 
     </span>
     <span class='ocr_line' id='line_1_48' title="bbox 2464 2936 3955 3018; baseline -0.001 -19"><span class='ocrx_word' id='word_1_320' title='bbox 2464 2956 2609 2999; x_wconf 92' lang='lat' dir='ltr'><strong>cum</strong></span> <span class='ocrx_word' id='word_1_321' title='bbox 2640 2937 2984 3013; x_wconf 80' lang='lat' dir='ltr'><strong>doloriS‚in</strong></span> <span class='ocrx_word' id='word_1_322' title='bbox 3017 2956 3145 3018; x_wconf 90' lang='lat' dir='ltr'><strong>quo</strong></span> <span class='ocrx_word' id='word_1_323' title='bbox 3164 2936 3341 3000; x_wconf 88' lang='lat' dir='ltr'><strong>velut</strong></span> <span class='ocrx_word' id='word_1_324' title='bbox 3374 2937 3440 2999; x_wconf 91' lang='lat' dir='ltr'><strong>in</strong></span> <span class='ocrx_word' id='word_1_325' title='bbox 3473 2936 3707 3000; x_wconf 87' lang='lat' dir='ltr'><strong>lectulo</strong></span> <span class='ocrx_word' id='word_1_326' title='bbox 3739 2946 3955 2999; x_wconf 85' lang='lat' dir='ltr'><strong>teneor</strong></span> 
     </span>
    </p>
   </div>
   <div class='ocr_carea' id='block_1_10' title="bbox 865 3034 3959 3119">
    <p class='ocr_par' dir='ltr' id='par_1_19' title="bbox 865 3034 3959 3119">
     <span class='ocr_line' id='line_1_49' title="bbox 865 3034 3959 3119; baseline -0 -24"><span class='ocrx_word' id='word_1_327' title='bbox 865 3035 946 3096; x_wconf 89' lang='lat' dir='ltr'><strong>ab</strong></span> <span class='ocrx_word' id='word_1_328' title='bbox 987 3034 1222 3115; x_wconf 89' lang='lat' dir='ltr'><strong>aliquo,</strong></span> <span class='ocrx_word' id='word_1_329' title='bbox 1258 3036 1368 3116; x_wconf 93' lang='lat' dir='ltr'><strong>qui</strong></span> <span class='ocrx_word' id='word_1_330' title='bbox 1407 3036 1669 3099; x_wconf 90' lang='lat' dir='ltr'><strong>omnino</strong></span> <span class='ocrx_word' id='word_1_331' title='bbox 1702 3037 2130 3119; x_wconf 87' lang='lat' dir='ltr'><strong>impassibiles</strong></span> <span class='ocrx_word' id='word_1_332' title='bbox 2162 3045 2352 3119; x_wconf 86' lang='lat' dir='ltr'><strong>atque</strong></span> <span class='ocrx_word' id='word_1_333' title='bbox 2384 3040 2431 3105; x_wconf 90' lang='lat' dir='ltr'>C</span> <span class='ocrx_word' id='word_1_334' title='bbox 2464 3044 2526 3099; x_wconf 89' lang='lat' dir='ltr'><strong>et</strong></span> <span class='ocrx_word' id='word_1_335' title='bbox 2556 3053 2818 3117; x_wconf 87' lang='lat' dir='ltr'><strong>poenose</strong></span> <span class='ocrx_word' id='word_1_336' title='bbox 2846 3036 3128 3118; x_wconf 87' lang='lat' dir='ltr'><strong>quiesco.</strong></span> <span class='ocrx_word' id='word_1_337' title='bbox 3164 3038 3518 3098; x_wconf 81' lang='lat' dir='ltr'><strong>Putredini</strong></span> <span class='ocrx_word' id='word_1_338' title='bbox 3534 3038 3688 3096; x_wconf 68' lang='lat' dir='ltr'><strong>dixi</strong></span> <span class='ocrx_word' id='word_1_339' title='bbox 3709 3057 3733 3098; x_wconf 90' lang='lat'><strong>.·</strong></span> <span class='ocrx_word' id='word_1_340' title='bbox 3758 3038 3959 3097; x_wconf 82' lang='lat' dir='ltr'><strong>Pater</strong></span> 
     </span>
    </p>
   </div>
   <div class='ocr_carea' id='block_1_11' title="bbox 572 3134 2353 4203">
    <p class='ocr_par' dir='ltr' id='par_1_20' title="bbox 867 3134 2353 3220">
     <span class='ocr_line' id='line_1_50' title="bbox 867 3134 2353 3220; baseline 0.004 -26"><span class='ocrx_word' id='word_1_341' title='bbox 867 3134 1071 3195; x_wconf 86' lang='lat' dir='ltr'><strong>securi</strong></span> <span class='ocrx_word' id='word_1_342' title='bbox 1103 3143 1282 3209; x_wconf 83' lang='lat' dir='ltr'><strong>sunt3</strong></span> <span class='ocrx_word' id='word_1_343' title='bbox 1319 3136 1427 3198; x_wconf 90' lang='lat' dir='ltr'><strong>sed</strong></span> <span class='ocrx_word' id='word_1_344' title='bbox 1459 3135 1609 3217; x_wconf 89' lang='lat' dir='ltr'><strong>quia</strong></span> <span class='ocrx_word' id='word_1_345' title='bbox 1642 3136 1785 3199; x_wconf 86' lang='lat' dir='ltr'><strong>laedi</strong></span> <span class='ocrx_word' id='word_1_346' title='bbox 1819 3137 2183 3199; x_wconf 86' lang='lat' dir='ltr'><strong>nullatenus</strong></span> <span class='ocrx_word' id='word_1_347' title='bbox 2217 3155 2353 3220; x_wconf 91' lang='lat' dir='ltr'><strong>pos-</strong></span> 
     </span>
    </p>

    <p class='ocr_par' dir='ltr' id='par_1_21' title="bbox 867 3232 2353 3315">
     <span class='ocr_line' id='line_1_51' title="bbox 867 3232 2353 3315; baseline 0.003 -22"><span class='ocrx_word' id='word_1_348' title='bbox 867 3240 1035 3294; x_wconf 91' lang='lat' dir='ltr'><strong>sunt.</strong></span> <span class='ocrx_word' id='word_1_349' title='bbox 1063 3232 1534 3310; x_wconf 86' lang='lat' dir='ltr'><strong>Verumtamen,</strong></span> <span class='ocrx_word' id='word_1_350' title='bbox 1569 3234 1734 3297; x_wconf 91' lang='lat' dir='ltr'><strong>intcr</strong></span> <span class='ocrx_word' id='word_1_351' title='bbox 1764 3235 2021 3315; x_wconf 83' lang='lat' dir='ltr'><strong>angelos</strong></span> <span class='ocrx_word' id='word_1_352' title='bbox 2053 3235 2257 3298; x_wconf 90' lang='lat' dir='ltr'><strong>bonos</strong></span> <span class='ocrx_word' id='word_1_353' title='bbox 2288 3245 2353 3298; x_wconf 88' lang='lat' dir='ltr'><strong>et</strong></span> 
     </span>
    </p>

    <p class='ocr_par' dir='ltr' id='par_1_22' title="bbox 607 3330 2352 3416">
     <span class='ocr_line' id='line_1_52' title="bbox 607 3330 2352 3416; baseline -0.001 -17"><span class='ocrx_word' id='word_1_354' title='bbox 607 3357 834 3411; x_wconf 64' lang='lat' dir='ltr'><strong>Apama,</strong></span> <span class='ocrx_word' id='word_1_355' title='bbox 866 3330 1355 3413; x_wconf 75' lang='lat' dir='ltr'><strong>malos,ponitur</strong></span> <span class='ocrx_word' id='word_1_356' title='bbox 1385 3351 1597 3415; x_wconf 85' lang='lat' dir='ltr'><strong>pugna</strong></span> <span class='ocrx_word' id='word_1_357' title='bbox 1629 3334 1694 3394; x_wconf 90' lang='lat' dir='ltr'><strong>in</strong></span> <span class='ocrx_word' id='word_1_358' title='bbox 1727 3334 2106 3416; x_wconf 83' lang='lat' dir='ltr'><strong>Apocalypsi</strong></span> <span class='ocrx_word' id='word_1_359' title='bbox 2137 3354 2211 3397; x_wconf 90' lang='lat' dir='ltr'><strong>ac</strong></span> <span class='ocrx_word' id='word_1_360' title='bbox 2242 3335 2352 3397; x_wconf 90' lang='lat' dir='ltr'><strong>Da-</strong></span> 
     </span>
    </p>

    <p class='ocr_par' dir='ltr' id='par_1_23' title="bbox 572 3420 2349 3609">
     <span class='ocr_line' id='line_1_53' title="bbox 572 3420 2349 3524; baseline 0.003 -35"><span class='ocrx_word' id='word_1_361' title='bbox 572 3422 620 3524; x_wconf 60' lang='lat'><strong>{33</strong></span> <span class='ocrx_word' id='word_1_362' title='bbox 651 3420 767 3524; x_wconf 51' lang='lat' dir='ltr'><strong>ffin&#39;</strong></span> <span class='ocrx_word' id='word_1_363' title='bbox 793 3433 834 3470; x_wconf 68' lang='lat'><strong>¹2</strong></span> <span class='ocrx_word' id='word_1_364' title='bbox 867 3428 1035 3492; x_wconf 91' lang='lat' dir='ltr'><strong>niele</strong></span> <span class='ocrx_word' id='word_1_365' title='bbox 1070 3447 1084 3491; x_wconf 91' lang='lat'>:</span> <span class='ocrx_word' id='word_1_366' title='bbox 1119 3448 1259 3511; x_wconf 84' lang='lat' dir='ltr'><strong>quae</strong></span> <span class='ocrx_word' id='word_1_367' title='bbox 1301 3439 1512 3493; x_wconf 91' lang='lat' dir='ltr'><strong>tamen</strong></span> <span class='ocrx_word' id='word_1_368' title='bbox 1551 3432 1796 3513; x_wconf 85' lang='lat' dir='ltr'><strong>angelis</strong></span> <span class='ocrx_word' id='word_1_369' title='bbox 1837 3434 2074 3495; x_wconf 90' lang='lat' dir='ltr'><strong>sanctis</strong></span> <span class='ocrx_word' id='word_1_370' title='bbox 2106 3433 2349 3495; x_wconf 87' lang='lat' dir='ltr'><strong>nullam</strong></span> 
     </span>
     <span class='ocr_line' id='line_1_54' title="bbox 627 3514 1786 3609; baseline 0.003 -21"><span class='ocrx_word' id='word_1_371' title='bbox 627 3514 638 3533; x_wconf 82' lang='lat'><em>&#39;</em></span> <span class='ocrx_word' id='word_1_372' title='bbox 865 3546 1146 3609; x_wconf 90' lang='lat' dir='ltr'><strong>unquam</strong></span> <span class='ocrx_word' id='word_1_373' title='bbox 1179 3529 1535 3593; x_wconf 85' lang='lat' dir='ltr'><strong>molestiam</strong></span> <span class='ocrx_word' id='word_1_374' title='bbox 1570 3530 1786 3593; x_wconf 88' lang='lat' dir='ltr'><strong>infert.</strong></span> 
     </span>
    </p>

    <p class='ocr_par' dir='ltr' id='par_1_24' title="bbox 941 3630 2349 3712">
     <span class='ocr_line' id='line_1_55' title="bbox 941 3630 2349 3712; baseline 0.004 -24"><span class='ocrx_word' id='word_1_375' title='bbox 941 3630 1094 3688; x_wconf 74' lang='lat' dir='ltr'><strong>Dies</strong></span> <span class='ocrx_word' id='word_1_376' title='bbox 1120 3630 1247 3689; x_wconf 84' lang='lat' dir='ltr'><strong>mei</strong></span> <span class='ocrx_word' id='word_1_377' title='bbox 1277 3630 1692 3695; x_wconf 80' lang='lat' dir='ltr'><strong>transierunt,</strong></span> <span class='ocrx_word' id='word_1_378' title='bbox 1712 3630 1776 3690; x_wconf 93' lang='lat' dir='ltr'><strong>id</strong></span> <span class='ocrx_word' id='word_1_379' title='bbox 1797 3637 1913 3705; x_wconf 86' lang='lat' dir='ltr'><strong>est,</strong></span> <span class='ocrx_word' id='word_1_380' title='bbox 1937 3636 2189 3712; x_wconf 90' lang='lat' dir='ltr'><strong>tempus</strong></span> <span class='ocrx_word' id='word_1_381' title='bbox 2222 3648 2349 3710; x_wconf 91' lang='lat' dir='ltr'><strong>quo</strong></span> 
     </span>
    </p>

    <p class='ocr_par' dir='ltr' id='par_1_25' title="bbox 863 3725 2345 3808">
     <span class='ocr_line' id='line_1_56' title="bbox 863 3725 2345 3808; baseline 0.002 -22"><span class='ocrx_word' id='word_1_382' title='bbox 863 3725 1042 3804; x_wconf 91' lang='lat' dir='ltr'><strong>potui</strong></span> <span class='ocrx_word' id='word_1_383' title='bbox 1075 3745 1176 3788; x_wconf 90' lang='lat' dir='ltr'><strong>me</strong></span> <span class='ocrx_word' id='word_1_384' title='bbox 1197 3726 1417 3805; x_wconf 86' lang='lat' dir='ltr'><strong>juvare</strong></span> <span class='ocrx_word' id='word_1_385' title='bbox 1447 3745 1520 3789; x_wconf 89' lang='lat' dir='ltr'><strong>ac</strong></span> <span class='ocrx_word' id='word_1_386' title='bbox 1553 3727 1924 3808; x_wconf 90' lang='lat' dir='ltr'><strong>promereri,</strong></span> <span class='ocrx_word' id='word_1_387' title='bbox 1945 3727 2207 3789; x_wconf 88' lang='lat' dir='ltr'><strong>finitum</strong></span> <span class='ocrx_word' id='word_1_388' title='bbox 2230 3736 2345 3791; x_wconf 89' lang='lat' dir='ltr'><strong>est.</strong></span> 
     </span>
    </p>

    <p class='ocr_par' dir='ltr' id='par_1_26' title="bbox 861 3822 2350 3906">
     <span class='ocr_line' id='line_1_57' title="bbox 861 3822 2350 3906; baseline 0.002 -22"><span class='ocrx_word' id='word_1_389' title='bbox 861 3822 1003 3885; x_wconf 91' lang='lat' dir='ltr'><strong>Ideo</strong></span> <span class='ocrx_word' id='word_1_390' title='bbox 1053 3824 1322 3887; x_wconf 91' lang='lat' dir='ltr'><strong>aliorum</strong></span> <span class='ocrx_word' id='word_1_391' title='bbox 1368 3843 1591 3905; x_wconf 88' lang='lat' dir='ltr'><strong>precor</strong></span> <span class='ocrx_word' id='word_1_392' title='bbox 1637 3824 1970 3906; x_wconf 84' lang='lat' dir='ltr'><strong>suffragia.</strong></span> <span class='ocrx_word' id='word_1_393' title='bbox 2012 3829 2350 3903; x_wconf 74' lang='lat' dir='ltr'><strong>Coyitatio-</strong></span> 
     </span>
    </p>

    <p class='ocr_par' dir='ltr' id='par_1_27' title="bbox 860 3924 2349 4000">
     <span class='ocr_line' id='line_1_58' title="bbox 860 3924 2349 4000; baseline 0.003 -19"><span class='ocrx_word' id='word_1_394' title='bbox 860 3942 968 3981; x_wconf 68' lang='lat' dir='ltr'><strong>nes·</strong></span> <span class='ocrx_word' id='word_1_395' title='bbox 997 3944 1150 3984; x_wconf 72' lang='lat' dir='ltr'><strong>‘meoe</strong></span> <span class='ocrx_word' id='word_1_396' title='bbox 1178 3926 1510 4000; x_wconf 68' lang='lat' dir='ltr'><strong>dissipatae</strong></span> <span class='ocrx_word' id='word_1_397' title='bbox 1535 3933 1708 3984; x_wconf 78' lang='lat' dir='ltr'><strong>sunt.</strong></span> <span class='ocrx_word' id='word_1_398' title='bbox 1729 3924 1903 3987; x_wconf 82' lang='lat' dir='ltr'><strong>Licet</strong></span> <span class='ocrx_word' id='word_1_399' title='bbox 1932 3924 2104 3987; x_wconf 88' lang='lat' dir='ltr'><strong>enim</strong></span> <span class='ocrx_word' id='word_1_400' title='bbox 2135 3925 2349 3988; x_wconf 82' lang='lat' dir='ltr'><strong>anima</strong></span> 
     </span>
    </p>

    <p class='ocr_par' dir='ltr' id='par_1_28' title="bbox 859 4019 2351 4101">
     <span class='ocr_line' id='line_1_59' title="bbox 859 4019 2351 4101; baseline 0.004 -22"><span class='ocrx_word' id='word_1_401' title='bbox 859 4019 926 4080; x_wconf 90' lang='lat' dir='ltr'><strong>in</strong></span> <span class='ocrx_word' id='word_1_402' title='bbox 957 4021 1322 4101; x_wconf 84' lang='lat' dir='ltr'><strong>purgatorio</strong></span> <span class='ocrx_word' id='word_1_403' title='bbox 1355 4030 1607 4084; x_wconf 89' lang='lat' dir='ltr'><strong>maneat</strong></span> <span class='ocrx_word' id='word_1_404' title='bbox 1647 4022 1771 4085; x_wconf 91' lang='lat' dir='ltr'><strong>Deo</strong></span> <span class='ocrx_word' id='word_1_405' title='bbox 1810 4023 2221 4085; x_wconf 89' lang='lat' dir='ltr'><strong>habitualiter</strong></span> <span class='ocrx_word' id='word_1_406' title='bbox 2253 4024 2351 4085; x_wconf 92' lang='lat' dir='ltr'><strong>in-</strong></span> 
     </span>
    </p>

    <p class='ocr_par' dir='ltr' id='par_1_29' title="bbox 859 4120 2350 4203">
     <span class='ocr_line' id='line_1_60' title="bbox 859 4120 2350 4203; baseline 0.003 -24"><span class='ocrx_word' id='word_1_407' title='bbox 859 4128 1180 4181; x_wconf 89' lang='lat' dir='ltr'><strong>cessanter</strong></span> <span class='ocrx_word' id='word_1_408' title='bbox 1219 4120 1397 4181; x_wconf 91' lang='lat' dir='ltr'><strong>unita</strong></span> <span class='ocrx_word' id='word_1_409' title='bbox 1437 4139 1551 4201; x_wconf 90' lang='lat' dir='ltr'><strong>per</strong></span> <span class='ocrx_word' id='word_1_410' title='bbox 1588 4121 1914 4183; x_wconf 90' lang='lat' dir='ltr'><strong>caritatem</strong></span> <span class='ocrx_word' id='word_1_411' title='bbox 1955 4142 2142 4203; x_wconf 89' lang='lat' dir='ltr'><strong>quam</strong></span> <span class='ocrx_word' id='word_1_412' title='bbox 2188 4142 2350 4184; x_wconf 90' lang='lat' dir='ltr'><strong>nun-</strong></span> 
     </span>
    </p>
   </div>
   <div class='ocr_carea' id='block_1_12' title="bbox 2459 3144 4221 4203">
    <p class='ocr_par' dir='ltr' id='par_1_30' title="bbox 2459 3144 4221 4203">
     <span class='ocr_line' id='line_1_61' title="bbox 2464 3144 3954 3207; baseline 0 -13"><span class='ocrx_word' id='word_1_413' title='bbox 2464 3155 2640 3195; x_wconf 79' lang='lat' dir='ltr'><strong>meus</strong></span> <span class='ocrx_word' id='word_1_414' title='bbox 2682 3156 2767 3207; x_wconf 74' lang='lat' dir='ltr'><strong>ea,</strong></span> <span class='ocrx_word' id='word_1_415' title='bbox 2816 3146 3021 3195; x_wconf 84' lang='lat' dir='ltr'><strong>mater</strong></span> <span class='ocrx_word' id='word_1_416' title='bbox 3062 3156 3204 3195; x_wconf 84' lang='lat' dir='ltr'><strong>mea</strong></span> <span class='ocrx_word' id='word_1_417' title='bbox 3226 3158 3253 3206; x_wconf 87' lang='lat'><strong>,·</strong></span> <span class='ocrx_word' id='word_1_418' title='bbox 3290 3144 3350 3195; x_wconf 84' lang='lat' dir='ltr'><strong>et</strong></span> <span class='ocrx_word' id='word_1_419' title='bbox 3390 3154 3569 3195; x_wconf 80' lang='lat' dir='ltr'><strong>soror</strong></span> <span class='ocrx_word' id='word_1_420' title='bbox 3608 3156 3773 3203; x_wconf 85' lang='lat' dir='ltr'><strong>mea,</strong></span> <span class='ocrx_word' id='word_1_421' title='bbox 3823 3155 3954 3195; x_wconf 85' lang='lat' dir='ltr'><strong>ver-</strong></span> 
     </span>
     <span class='ocr_line' id='line_1_62' title="bbox 2462 3230 3953 3314; baseline -0.001 -20"><span class='ocrx_word' id='word_1_422' title='bbox 2462 3234 2693 3295; x_wconf 79' lang='lat' dir='ltr'><strong>mibus,</strong></span> <span class='ocrx_word' id='word_1_423' title='bbox 2717 3233 2845 3296; x_wconf 91' lang='lat' dir='ltr'><strong>Hoc</strong></span> <span class='ocrx_word' id='word_1_424' title='bbox 2874 3234 3087 3296; x_wconf 89' lang='lat' dir='ltr'><strong>anima</strong></span> <span class='ocrx_word' id='word_1_425' title='bbox 3121 3233 3187 3295; x_wconf 90' lang='lat' dir='ltr'><strong>in</strong></span> <span class='ocrx_word' id='word_1_426' title='bbox 3221 3251 3491 3314; x_wconf 90' lang='lat' dir='ltr'><strong>persona</strong></span> <span class='ocrx_word' id='word_1_427' title='bbox 3520 3230 3812 3295; x_wconf 78' lang='lat' dir='ltr'><strong>defuncti</strong></span> <span class='ocrx_word' id='word_1_428' title='bbox 3844 3251 3953 3293; x_wconf 90' lang='lat' dir='ltr'><strong>seu</strong></span> 
     </span>
     <span class='ocr_line' id='line_1_63' title="bbox 2462 3330 3955 3413; baseline -0.001 -20"><span class='ocrx_word' id='word_1_429' title='bbox 2462 3350 2538 3393; x_wconf 84' lang='lat' dir='ltr'><strong>ex</strong></span> <span class='ocrx_word' id='word_1_430' title='bbox 2588 3338 2766 3412; x_wconf 89' lang='lat' dir='ltr'><strong>parte</strong></span> <span class='ocrx_word' id='word_1_431' title='bbox 2823 3332 3164 3413; x_wconf 84' lang='lat' dir='ltr'><strong>compositi</strong></span> <span class='ocrx_word' id='word_1_432' title='bbox 3222 3330 3431 3393; x_wconf 90' lang='lat' dir='ltr'><strong>dicere</strong></span> <span class='ocrx_word' id='word_1_433' title='bbox 3494 3338 3724 3412; x_wconf 90' lang='lat' dir='ltr'><strong>potest,</strong></span> <span class='ocrx_word' id='word_1_434' title='bbox 3777 3332 3955 3412; x_wconf 84' lang='lat' dir='ltr'><strong>juxta</strong></span> 
     </span>
     <span class='ocr_line' id='line_1_64' title="bbox 2461 3428 3945 3511; baseline 0 -20"><span class='ocrx_word' id='word_1_435' title='bbox 2461 3429 2890 3511; x_wconf 86' lang='lat' dir='ltr'><strong>expositiones</strong></span> <span class='ocrx_word' id='word_1_436' title='bbox 2934 3430 3246 3492; x_wconf 76' lang='lat' dir='ltr'><strong>inductas,</strong></span> <span class='ocrx_word' id='word_1_437' title='bbox 3281 3429 3396 3492; x_wconf 86' lang='lat' dir='ltr'><strong>Vel</strong></span> <span class='ocrx_word' id='word_1_438' title='bbox 3436 3429 3579 3492; x_wconf 90' lang='lat' dir='ltr'><strong>ideo</strong></span> <span class='ocrx_word' id='word_1_439' title='bbox 3610 3428 3769 3491; x_wconf 89' lang='lat' dir='ltr'><strong>dicit</strong></span> <span class='ocrx_word' id='word_1_440' title='bbox 3806 3429 3945 3503; x_wconf 84' lang='lat' dir='ltr'><strong>hoc,</strong></span> 
     </span>
     <span class='ocr_line' id='line_1_65' title="bbox 2461 3526 3943 3610; baseline -0.001 -22"><span class='ocrx_word' id='word_1_441' title='bbox 2461 3528 2613 3608; x_wconf 88' lang='lat' dir='ltr'><strong>quia</strong></span> <span class='ocrx_word' id='word_1_442' title='bbox 2650 3528 2715 3589; x_wconf 92' lang='lat' dir='ltr'><strong>in</strong></span> <span class='ocrx_word' id='word_1_443' title='bbox 2748 3528 2861 3591; x_wconf 91' lang='lat' dir='ltr'><strong>vili</strong></span> <span class='ocrx_word' id='word_1_444' title='bbox 2895 3537 2957 3591; x_wconf 94' lang='lat' dir='ltr'><strong>ct</strong></span> <span class='ocrx_word' id='word_1_445' title='bbox 2988 3528 3245 3610; x_wconf 90' lang='lat' dir='ltr'><strong>putrido</strong></span> <span class='ocrx_word' id='word_1_446' title='bbox 3278 3528 3416 3591; x_wconf 91' lang='lat' dir='ltr'><strong>loco</strong></span> <span class='ocrx_word' id='word_1_447' title='bbox 3448 3526 3540 3589; x_wconf 88' lang='lat' dir='ltr'><strong>sic</strong></span> <span class='ocrx_word' id='word_1_448' title='bbox 3570 3536 3943 3599; x_wconf 88' lang='lat' dir='ltr'><strong>coarctatur,</strong></span> 
     </span>
     <span class='ocr_line' id='line_1_66' title="bbox 2462 3626 3949 3707; baseline 0 -20"><span class='ocrx_word' id='word_1_449' title='bbox 2462 3634 2531 3687; x_wconf 89' lang='lat' dir='ltr'><strong>ut</strong></span> <span class='ocrx_word' id='word_1_450' title='bbox 2578 3626 2763 3707; x_wconf 86' lang='lat' dir='ltr'><strong>quasi</strong></span> <span class='ocrx_word' id='word_1_451' title='bbox 2814 3626 3199 3689; x_wconf 81' lang='lat' dir='ltr'><strong>affinitatem</strong></span> <span class='ocrx_word' id='word_1_452' title='bbox 3252 3645 3396 3689; x_wconf 90' lang='lat' dir='ltr'><strong>cum</strong></span> <span class='ocrx_word' id='word_1_453' title='bbox 3450 3644 3525 3689; x_wconf 89' lang='lat' dir='ltr'><strong>eo</strong></span> <span class='ocrx_word' id='word_1_454' title='bbox 3574 3626 3949 3689; x_wconf 87' lang='lat' dir='ltr'><strong>contrahere</strong></span> 
     </span>
     <span class='ocr_line' id='line_1_67' title="bbox 2459 3724 3947 3805; baseline -0.001 -17"><span class='ocrx_word' id='word_1_455' title='bbox 2459 3725 2771 3788; x_wconf 79' lang='lat' dir='ltr'><strong>videatur.</strong></span> <span class='ocrx_word' id='word_1_456' title='bbox 2807 3724 3067 3788; x_wconf 89' lang='lat' dir='ltr'><strong>Vermes</strong></span> <span class='ocrx_word' id='word_1_457' title='bbox 3117 3744 3395 3805; x_wconf 90' lang='lat' dir='ltr'><strong>quoque,</strong></span> <span class='ocrx_word' id='word_1_458' title='bbox 3429 3742 3750 3786; x_wconf 91' lang='lat' dir='ltr'><strong>remorsus</strong></span> <span class='ocrx_word' id='word_1_459' title='bbox 3800 3742 3947 3786; x_wconf 91' lang='lat' dir='ltr'><strong>con-</strong></span> 
     </span>
     <span class='ocr_line' id='line_1_68' title="bbox 2460 3822 3941 3905; baseline -0.001 -20"><span class='ocrx_word' id='word_1_460' title='bbox 2460 3824 2741 3887; x_wconf 83' lang='lat' dir='ltr'><strong>scientiae</strong></span> <span class='ocrx_word' id='word_1_461' title='bbox 2762 3823 3033 3903; x_wconf 86' lang='lat' dir='ltr'><strong>intelligi</strong></span> <span class='ocrx_word' id='word_1_462' title='bbox 3055 3832 3336 3905; x_wconf 90' lang='lat' dir='ltr'><strong>possunt,</strong></span> <span class='ocrx_word' id='word_1_463' title='bbox 3346 3824 3523 3904; x_wconf 84' lang='lat' dir='ltr'><strong>juxta</strong></span> <span class='ocrx_word' id='word_1_464' title='bbox 3554 3822 3714 3884; x_wconf 89' lang='lat' dir='ltr'><strong>illud</strong></span> <span class='ocrx_word' id='word_1_465' title='bbox 3738 3822 3941 3885; x_wconf 80' lang='lat' dir='ltr'><strong>lsaiae:</strong></span> 
     </span>
     <span class='ocr_line' id='line_1_69' title="bbox 2460 3922 4221 3997; baseline -0.003 -12"><span class='ocrx_word' id='word_1_466' title='bbox 2460 3923 2709 3986; x_wconf 85' lang='lat' dir='ltr'><strong>Vermis</strong></span> <span class='ocrx_word' id='word_1_467' title='bbox 2740 3942 2959 3986; x_wconf 90' lang='lat' dir='ltr'><strong>eorum</strong></span> <span class='ocrx_word' id='word_1_468' title='bbox 3007 3941 3134 3985; x_wconf 90' lang='lat' dir='ltr'><strong>non</strong></span> <span class='ocrx_word' id='word_1_469' title='bbox 3174 3922 3499 3985; x_wconf 89' lang='lat' dir='ltr'><strong>morietur.</strong></span> <span class='ocrx_word' id='word_1_470' title='bbox 3542 3924 3658 3983; x_wconf 79' lang='lat' dir='ltr'><strong>Ubi</strong></span> <span class='ocrx_word' id='word_1_471' title='bbox 3686 3933 3777 3981; x_wconf 81' lang='lat' dir='ltr'><strong>est</strong></span> <span class='ocrx_word' id='word_1_472' title='bbox 3802 3940 3945 3997; x_wconf 69' lang='lat' dir='ltr'><strong>erqo</strong></span> <span class='ocrx_word' id='word_1_473' title='bbox 3974 3943 4221 3991; x_wconf 48' lang='lat' dir='ltr'><strong>amma</strong></span> 
     </span>
     <span class='ocr_line' id='line_1_70' title="bbox 2459 4020 3945 4101; baseline 0 -18"><span class='ocrx_word' id='word_1_474' title='bbox 2459 4044 2637 4083; x_wconf 77' lang='lat' dir='ltr'><strong>nunc</strong></span> <span class='ocrx_word' id='word_1_475' title='bbox 2674 4025 3069 4100; x_wconf 70' lang='lat' dir='ltr'><strong>praestolatio</strong></span> <span class='ocrx_word' id='word_1_476' title='bbox 3122 4042 3261 4083; x_wconf 85' lang='lat' dir='ltr'><strong>mea</strong></span> <span class='ocrx_word' id='word_1_477' title='bbox 3300 4024 3330 4081; x_wconf 59' lang='lat' dir='ltr'><strong>a?</strong></span> <span class='ocrx_word' id='word_1_478' title='bbox 3376 4020 3605 4101; x_wconf 86' lang='lat' dir='ltr'><strong>Utique</strong></span> <span class='ocrx_word' id='word_1_479' title='bbox 3665 4020 3734 4081; x_wconf 90' lang='lat' dir='ltr'><strong>in</strong></span> <span class='ocrx_word' id='word_1_480' title='bbox 3786 4020 3945 4083; x_wconf 86' lang='lat' dir='ltr'><strong>coelo</strong></span> 
     </span>
     <span class='ocr_line' id='line_1_71' title="bbox 2460 4118 3945 4203; baseline -0.003 -20"><span class='ocrx_word' id='word_1_481' title='bbox 2460 4138 2781 4203; x_wconf 82' lang='lat' dir='ltr'><strong>empyreo.</strong></span> <span class='ocrx_word' id='word_1_482' title='bbox 2806 4119 3021 4183; x_wconf 89' lang='lat' dir='ltr'><strong>Lectio</strong></span> <span class='ocrx_word' id='word_1_483' title='bbox 3049 4128 3259 4182; x_wconf 89' lang='lat' dir='ltr'><strong>autem</strong></span> <span class='ocrx_word' id='word_1_484' title='bbox 3292 4119 3385 4182; x_wconf 88' lang='lat' dir='ltr'><strong>sic</strong></span> <span class='ocrx_word' id='word_1_485' title='bbox 3416 4118 3796 4182; x_wconf 91' lang='lat' dir='ltr'><strong>terminatur</strong></span> <span class='ocrx_word' id='word_1_486' title='bbox 3822 4136 3837 4179; x_wconf 91' lang='lat'><strong>:</strong></span> <span class='ocrx_word' id='word_1_487' title='bbox 3862 4120 3945 4179; x_wconf 81' lang='lat' dir='ltr'><strong>Et</strong></span> 
     </span>
    </p>
   </div>
   <div class='ocr_carea' id='block_1_13' title="bbox 859 4217 3941 4302">
    <p class='ocr_par' dir='ltr' id='par_1_31' title="bbox 859 4217 3941 4302">
     <span class='ocr_line' id='line_1_72' title="bbox 859 4217 3941 4302; baseline 0 -25"><span class='ocrx_word' id='word_1_488' title='bbox 859 4235 1052 4297; x_wconf 88' lang='lat' dir='ltr'><strong>quam</strong></span> <span class='ocrx_word' id='word_1_489' title='bbox 1112 4217 1366 4294; x_wconf 90' lang='lat' dir='ltr'><strong>amittit,</strong></span> <span class='ocrx_word' id='word_1_490' title='bbox 1423 4218 1625 4281; x_wconf 90' lang='lat' dir='ltr'><strong>nihilo</strong></span> <span class='ocrx_word' id='word_1_491' title='bbox 1685 4220 1919 4296; x_wconf 81' lang='lat' dir='ltr'><strong>minuS‚</strong></span> <span class='ocrx_word' id='word_1_492' title='bbox 1976 4221 2349 4302; x_wconf 88' lang='lat' dir='ltr'><strong>impellente</strong></span> <span class='ocrx_word' id='word_1_493' title='bbox 2379 4226 2430 4287; x_wconf 91' lang='lat' dir='ltr'>D</span> <span class='ocrx_word' id='word_1_494' title='bbox 2452 4222 2777 4297; x_wconf 71' lang='lat' dir='ltr'><strong>patiencia</strong></span> <span class='ocrx_word' id='word_1_495' title='bbox 2801 4222 2983 4281; x_wconf 82' lang='lat' dir='ltr'><strong>mea?</strong></span> <span class='ocrx_word' id='word_1_496' title='bbox 3008 4223 3103 4281; x_wconf 86' lang='lat' dir='ltr'><strong>Tu</strong></span> <span class='ocrx_word' id='word_1_497' title='bbox 3123 4240 3210 4289; x_wconf 69' lang='lat' dir='ltr'><strong>ea,</strong></span> <span class='ocrx_word' id='word_1_498' title='bbox 3230 4220 3527 4288; x_wconf 78' lang='lat' dir='ltr'><strong>Domine,</strong></span> <span class='ocrx_word' id='word_1_499' title='bbox 3550 4221 3723 4279; x_wconf 81' lang='lat' dir='ltr'><strong>Deus</strong></span> <span class='ocrx_word' id='word_1_500' title='bbox 3746 4238 3941 4278; x_wconf 76' lang='lat' dir='ltr'><strong>meus,</strong></span> 
     </span>
    </p>
   </div>
   <div class='ocr_carea' id='block_1_14' title="bbox 855 4316 2352 5381">
    <p class='ocr_par' dir='ltr' id='par_1_32' title="bbox 855 4316 2352 5381">
     <span class='ocr_line' id='line_1_73' title="bbox 860 4316 2349 4397; baseline 0.003 -19"><span class='ocrx_word' id='word_1_501' title='bbox 860 4333 1194 4396; x_wconf 91' lang='lat' dir='ltr'><strong>poenarum</strong></span> <span class='ocrx_word' id='word_1_502' title='bbox 1250 4316 1615 4394; x_wconf 83' lang='lat' dir='ltr'><strong>acerbitate,</strong></span> <span class='ocrx_word' id='word_1_503' title='bbox 1677 4318 2095 4397; x_wconf 82' lang='lat' dir='ltr'><strong>cogitationes</strong></span> <span class='ocrx_word' id='word_1_504' title='bbox 2155 4319 2349 4382; x_wconf 90' lang='lat' dir='ltr'><strong>habet</strong></span> 
     </span>
     <span class='ocr_line' id='line_1_74' title="bbox 859 4412 2348 4497; baseline 0.003 -24"><span class='ocrx_word' id='word_1_505' title='bbox 859 4412 1342 4476; x_wconf 82' lang='lat' dir='ltr'><strong>multiformiter</strong></span> <span class='ocrx_word' id='word_1_506' title='bbox 1371 4415 1814 4479; x_wconf 68' lang='lat' dir='ltr'><strong>discurrentes</strong></span> <span class='ocrx_word' id='word_1_507' title='bbox 1843 4422 2222 4497; x_wconf 79' lang='lat' dir='ltr'><strong>Torquentes</strong></span> <span class='ocrx_word' id='word_1_508' title='bbox 2242 4439 2348 4478; x_wconf 83' lang='lat' dir='ltr'><strong>cor</strong></span> 
     </span>
     <span class='ocr_line' id='line_1_75' title="bbox 861 4512 2342 4597; baseline 0.005 -26"><span class='ocrx_word' id='word_1_509' title='bbox 861 4532 1097 4582; x_wconf 84' lang='lat' dir='ltr'><strong>meum,</strong></span> <span class='ocrx_word' id='word_1_510' title='bbox 1129 4512 1192 4573; x_wconf 88' lang='lat' dir='ltr'><strong>id</strong></span> <span class='ocrx_word' id='word_1_511' title='bbox 1233 4522 1330 4575; x_wconf 89' lang='lat' dir='ltr'><strong>est</strong></span> <span class='ocrx_word' id='word_1_512' title='bbox 1366 4514 1780 4593; x_wconf 90' lang='lat' dir='ltr'><strong>voluntatem,</strong></span> <span class='ocrx_word' id='word_1_513' title='bbox 1815 4536 1956 4597; x_wconf 84' lang='lat' dir='ltr'><strong>quae</strong></span> <span class='ocrx_word' id='word_1_514' title='bbox 1991 4536 2068 4579; x_wconf 84' lang='lat' dir='ltr'><strong>ex</strong></span> <span class='ocrx_word' id='word_1_515' title='bbox 2109 4517 2342 4579; x_wconf 90' lang='lat' dir='ltr'><strong>talibus</strong></span> 
     </span>
     <span class='ocr_line' id='line_1_76' title="bbox 858 4609 2345 4695; baseline 0.004 -24"><span class='ocrx_word' id='word_1_516' title='bbox 858 4609 1350 4689; x_wconf 84' lang='lat' dir='ltr'><strong>cogitationibus</strong></span> <span class='ocrx_word' id='word_1_517' title='bbox 1381 4620 1445 4675; x_wconf 89' lang='lat' dir='ltr'><strong>et</strong></span> <span class='ocrx_word' id='word_1_518' title='bbox 1474 4614 1890 4695; x_wconf 85' lang='lat' dir='ltr'><strong>apprehensis</strong></span> <span class='ocrx_word' id='word_1_519' title='bbox 1930 4633 2042 4695; x_wconf 88' lang='lat' dir='ltr'><strong>per</strong></span> <span class='ocrx_word' id='word_1_520' title='bbox 2081 4635 2186 4678; x_wconf 90' lang='lat' dir='ltr'><strong>cas</strong></span> <span class='ocrx_word' id='word_1_521' title='bbox 2219 4634 2345 4679; x_wconf 91' lang='lat' dir='ltr'><strong>non</strong></span> 
     </span>
     <span class='ocr_line' id='line_1_77' title="bbox 855 4707 2348 4791; baseline 0.004 -22"><span class='ocrx_word' id='word_1_522' title='bbox 855 4727 1072 4791; x_wconf 86' lang='lat' dir='ltr'><strong>parum</strong></span> <span class='ocrx_word' id='word_1_523' title='bbox 1091 4707 1681 4790; x_wconf 82' lang='lat' dir='ltr'><strong>affligitur.Noctem</strong></span> <span class='ocrx_word' id='word_1_524' title='bbox 1704 4722 2024 4773; x_wconf 78' lang='lat' dir='ltr'><strong>verterunt</strong></span> <span class='ocrx_word' id='word_1_525' title='bbox 2047 4716 2117 4773; x_wconf 75' lang='lat' dir='ltr'><strong>in</strong></span> <span class='ocrx_word' id='word_1_526' title='bbox 2138 4717 2311 4774; x_wconf 84' lang='lat' dir='ltr'><strong>diem</strong></span> <span class='ocrx_word' id='word_1_527' title='bbox 2325 4733 2348 4775; x_wconf 89' lang='lat'><strong>.·</strong></span> 
     </span>
     <span class='ocr_line' id='line_1_78' title="bbox 858 4807 2351 4892; baseline 0.005 -24"><span class='ocrx_word' id='word_1_528' title='bbox 858 4807 1030 4887; x_wconf 91' lang='lat' dir='ltr'><strong>quia,</strong></span> <span class='ocrx_word' id='word_1_529' title='bbox 1062 4808 1240 4888; x_wconf 81' lang='lat' dir='ltr'><strong>juxta</strong></span> <span class='ocrx_word' id='word_1_530' title='bbox 1283 4828 1540 4872; x_wconf 90' lang='lat' dir='ltr'><strong>sensum</strong></span> <span class='ocrx_word' id='word_1_531' title='bbox 1585 4819 1980 4892; x_wconf 82' lang='lat' dir='ltr'><strong>praetactum,</strong></span> <span class='ocrx_word' id='word_1_532' title='bbox 2023 4812 2351 4891; x_wconf 88' lang='lat' dir='ltr'><strong>cogitatio-</strong></span> 
     </span>
     <span class='ocr_line' id='line_1_79' title="bbox 857 4906 2347 4990; baseline 0.004 -23"><span class='ocrx_word' id='word_1_533' title='bbox 857 4925 971 4969; x_wconf 91' lang='lat' dir='ltr'><strong>nes</strong></span> <span class='ocrx_word' id='word_1_534' title='bbox 995 4906 1120 4969; x_wconf 83' lang='lat' dir='ltr'><strong>illae</strong></span> <span class='ocrx_word' id='word_1_535' title='bbox 1142 4916 1396 4990; x_wconf 88' lang='lat' dir='ltr'><strong>propter</strong></span> <span class='ocrx_word' id='word_1_536' title='bbox 1425 4909 1880 4972; x_wconf 89' lang='lat' dir='ltr'><strong>amaritudines</strong></span> <span class='ocrx_word' id='word_1_537' title='bbox 1911 4909 2037 4971; x_wconf 90' lang='lat' dir='ltr'><strong>sibi</strong></span> <span class='ocrx_word' id='word_1_538' title='bbox 2066 4929 2347 4973; x_wconf 86' lang='lat' dir='ltr'><strong>annexas</strong></span> 
     </span>
     <span class='ocr_line' id='line_1_80' title="bbox 856 5004 2352 5089; baseline 0.003 -22"><span class='ocrx_word' id='word_1_539' title='bbox 856 5004 1134 5067; x_wconf 90' lang='lat' dir='ltr'><strong>animam</strong></span> <span class='ocrx_word' id='word_1_540' title='bbox 1173 5025 1338 5089; x_wconf 85' lang='lat' dir='ltr'><strong>saepe</strong></span> <span class='ocrx_word' id='word_1_541' title='bbox 1378 5008 1469 5070; x_wconf 91' lang='lat' dir='ltr'><strong>sic</strong></span> <span class='ocrx_word' id='word_1_542' title='bbox 1509 5007 1790 5070; x_wconf 91' lang='lat' dir='ltr'><strong>obruunt</strong></span> <span class='ocrx_word' id='word_1_543' title='bbox 1819 5017 1883 5070; x_wconf 92' lang='lat' dir='ltr'><strong>et</strong></span> <span class='ocrx_word' id='word_1_544' title='bbox 1912 5008 2094 5089; x_wconf 89' lang='lat' dir='ltr'><strong>quasi</strong></span> <span class='ocrx_word' id='word_1_545' title='bbox 2127 5007 2352 5071; x_wconf 87' lang='lat' dir='ltr'><strong>obscu-</strong></span> 
     </span>
     <span class='ocr_line' id='line_1_81' title="bbox 856 5103 2351 5188; baseline 0.002 -24"><span class='ocrx_word' id='word_1_546' title='bbox 856 5110 1021 5178; x_wconf 91' lang='lat' dir='ltr'><strong>rant,</strong></span> <span class='ocrx_word' id='word_1_547' title='bbox 1039 5103 1326 5167; x_wconf 87' lang='lat' dir='ltr'><strong>veritatis</strong></span> <span class='ocrx_word' id='word_1_548' title='bbox 1356 5104 1960 5187; x_wconf 86' lang='lat' dir='ltr'><strong>contemplationem</strong></span> <span class='ocrx_word' id='word_1_549' title='bbox 1992 5105 2351 5188; x_wconf 88' lang='lat' dir='ltr'><strong>impedien-</strong></span> 
     </span>
     <span class='ocr_line' id='line_1_82' title="bbox 856 5201 2346 5285; baseline 0.003 -22"><span class='ocrx_word' id='word_1_550' title='bbox 856 5201 960 5277; x_wconf 86' lang='lat' dir='ltr'><strong>do,</strong></span> <span class='ocrx_word' id='word_1_551' title='bbox 1003 5211 1071 5264; x_wconf 92' lang='lat' dir='ltr'><strong>ut</strong></span> <span class='ocrx_word' id='word_1_552' title='bbox 1115 5202 1254 5285; x_wconf 85' lang='lat' dir='ltr'><strong>ipsa</strong></span> <span class='ocrx_word' id='word_1_553' title='bbox 1297 5202 1510 5266; x_wconf 88' lang='lat' dir='ltr'><strong>anima</strong></span> <span class='ocrx_word' id='word_1_554' title='bbox 1548 5203 1714 5267; x_wconf 89' lang='lat' dir='ltr'><strong>inter</strong></span> <span class='ocrx_word' id='word_1_555' title='bbox 1756 5212 2006 5267; x_wconf 89' lang='lat' dir='ltr'><strong>noctem</strong></span> <span class='ocrx_word' id='word_1_556' title='bbox 2053 5214 2116 5268; x_wconf 91' lang='lat' dir='ltr'><strong>et</strong></span> <span class='ocrx_word' id='word_1_557' title='bbox 2153 5204 2346 5282; x_wconf 91' lang='lat' dir='ltr'><strong>diem,</strong></span> 
     </span>
     <span class='ocr_line' id='line_1_83' title="bbox 855 5298 2343 5381; baseline 0.003 -20"><span class='ocrx_word' id='word_1_558' title='bbox 855 5298 921 5361; x_wconf 91' lang='lat' dir='ltr'><strong>id</strong></span> <span class='ocrx_word' id='word_1_559' title='bbox 952 5308 1048 5362; x_wconf 90' lang='lat' dir='ltr'><strong>est</strong></span> <span class='ocrx_word' id='word_1_560' title='bbox 1087 5300 1253 5365; x_wconf 88' lang='lat' dir='ltr'><strong>inter</strong></span> <span class='ocrx_word' id='word_1_561' title='bbox 1283 5320 1504 5365; x_wconf 89' lang='lat' dir='ltr'><strong>verum</strong></span> <span class='ocrx_word' id='word_1_562' title='bbox 1543 5311 1608 5365; x_wconf 91' lang='lat' dir='ltr'><strong>et</strong></span> <span class='ocrx_word' id='word_1_563' title='bbox 1647 5302 1904 5381; x_wconf 86' lang='lat' dir='ltr'><strong>falsum,</strong></span> <span class='ocrx_word' id='word_1_564' title='bbox 1938 5322 2052 5367; x_wconf 91' lang='lat' dir='ltr'><strong>seu</strong></span> <span class='ocrx_word' id='word_1_565' title='bbox 2097 5303 2343 5367; x_wconf 91' lang='lat' dir='ltr'><strong>honum</strong></span> 
     </span>
    </p>
   </div>
   <div class='ocr_carea' id='block_1_15' title="bbox 2456 4315 4223 5367">
    <p class='ocr_par' dir='ltr' id='par_1_33' title="bbox 2457 4315 3947 4499">
     <span class='ocr_line' id='line_1_84' title="bbox 2458 4315 3947 4401; baseline -0.003 -20"><span class='ocrx_word' id='word_1_566' title='bbox 2458 4320 2622 4381; x_wconf 87' lang='lat' dir='ltr'><strong>Deus</strong></span> <span class='ocrx_word' id='word_1_567' title='bbox 2681 4338 2909 4401; x_wconf 90' lang='lat' dir='ltr'><strong>nempe</strong></span> <span class='ocrx_word' id='word_1_568' title='bbox 2967 4317 3273 4399; x_wconf 88' lang='lat' dir='ltr'><strong>patientia</strong></span> <span class='ocrx_word' id='word_1_569' title='bbox 3328 4317 3558 4379; x_wconf 82' lang='lat' dir='ltr'><strong>animae</strong></span> <span class='ocrx_word' id='word_1_570' title='bbox 3615 4324 3745 4392; x_wconf 60' lang='lat' dir='ltr'><strong>est,</strong></span> <span class='ocrx_word' id='word_1_571' title='bbox 3797 4315 3947 4398; x_wconf 90' lang='lat' dir='ltr'><strong>quia</strong></span> 
     </span>
     <span class='ocr_line' id='line_1_85' title="bbox 2457 4414 3941 4499; baseline -0.002 -20"><span class='ocrx_word' id='word_1_572' title='bbox 2457 4417 2779 4499; x_wconf 78' lang='lat' dir='ltr'><strong>patientiae</strong></span> <span class='ocrx_word' id='word_1_573' title='bbox 2814 4418 2994 4480; x_wconf 88' lang='lat' dir='ltr'><strong>dator</strong></span> <span class='ocrx_word' id='word_1_574' title='bbox 3024 4425 3086 4479; x_wconf 86' lang='lat' dir='ltr'><strong>et</strong></span> <span class='ocrx_word' id='word_1_575' title='bbox 3116 4435 3307 4479; x_wconf 89' lang='lat' dir='ltr'><strong>causa</strong></span> <span class='ocrx_word' id='word_1_576' title='bbox 3334 4424 3450 4494; x_wconf 92' lang='lat' dir='ltr'><strong>est,</strong></span> <span class='ocrx_word' id='word_1_577' title='bbox 3474 4414 3629 4477; x_wconf 90' lang='lat' dir='ltr'><strong>finis</strong></span> <span class='ocrx_word' id='word_1_578' title='bbox 3659 4435 3735 4479; x_wconf 89' lang='lat' dir='ltr'><strong>ac</strong></span> <span class='ocrx_word' id='word_1_579' title='bbox 3766 4415 3941 4477; x_wconf 88' lang='lat' dir='ltr'><strong>ratio.</strong></span> 
     </span>
    </p>

    <p class='ocr_par' dir='ltr' id='par_1_34' title="bbox 2457 4514 3943 4596">
     <span class='ocr_line' id='line_1_86' title="bbox 2457 4514 3943 4596; baseline -0.001 -18"><span class='ocrx_word' id='word_1_580' title='bbox 2457 4516 2594 4592; x_wconf 81' lang='lat' dir='ltr'><strong>Vel,</strong></span> <span class='ocrx_word' id='word_1_581' title='bbox 2628 4515 2955 4592; x_wconf 88' lang='lat' dir='ltr'><strong>Patientia,</strong></span> <span class='ocrx_word' id='word_1_582' title='bbox 2994 4516 3059 4577; x_wconf 92' lang='lat' dir='ltr'><strong>id</strong></span> <span class='ocrx_word' id='word_1_583' title='bbox 3090 4523 3185 4577; x_wconf 90' lang='lat' dir='ltr'><strong>est</strong></span> <span class='ocrx_word' id='word_1_584' title='bbox 3216 4515 3453 4577; x_wconf 90' lang='lat' dir='ltr'><strong>bonum</strong></span> <span class='ocrx_word' id='word_1_585' title='bbox 3487 4522 3749 4596; x_wconf 89' lang='lat' dir='ltr'><strong>propter</strong></span> <span class='ocrx_word' id='word_1_586' title='bbox 3778 4514 3943 4596; x_wconf 91' lang='lat' dir='ltr'><strong>quod</strong></span> 
     </span>
    </p>

    <p class='ocr_par' dir='ltr' id='par_1_35' title="bbox 2456 4611 4223 5089">
     <span class='ocr_line' id='line_1_87' title="bbox 2457 4611 3945 4695; baseline -0.001 -20"><span class='ocrx_word' id='word_1_587' title='bbox 2457 4613 2673 4676; x_wconf 91' lang='lat' dir='ltr'><strong>omnia</strong></span> <span class='ocrx_word' id='word_1_588' title='bbox 2702 4613 3152 4695; x_wconf 85' lang='lat' dir='ltr'><strong>longanimiter</strong></span> <span class='ocrx_word' id='word_1_589' title='bbox 3172 4611 3453 4684; x_wconf 85' lang='lat' dir='ltr'><strong>sustinet,</strong></span> <span class='ocrx_word' id='word_1_590' title='bbox 3470 4631 3583 4673; x_wconf 85' lang='lat' dir='ltr'><strong>seu</strong></span> <span class='ocrx_word' id='word_1_591' title='bbox 3612 4612 3945 4693; x_wconf 67' lang='lat' dir='ltr'><strong>praemium</strong></span> 
     </span>
     <span class='ocr_line' id='line_1_88' title="bbox 2457 4710 3945 4794; baseline -0.005 -17"><span class='ocrx_word' id='word_1_592' title='bbox 2457 4713 2796 4793; x_wconf 84' lang='lat' dir='ltr'><strong>oijctive‚</strong></span> <span class='ocrx_word' id='word_1_593' title='bbox 2820 4713 3140 4794; x_wconf 32' lang='lat' dir='ltr'><strong>patienter·</strong></span> <span class='ocrx_word' id='word_1_594' title='bbox 3162 4718 3617 4791; x_wconf 87' lang='lat' dir='ltr'><strong>exspectatum.</strong></span> <span class='ocrx_word' id='word_1_595' title='bbox 3641 4710 3821 4773; x_wconf 89' lang='lat' dir='ltr'><strong>Unde</strong></span> <span class='ocrx_word' id='word_1_596' title='bbox 3860 4710 3945 4771; x_wconf 89' lang='lat' dir='ltr'><strong>ait</strong></span> 
     </span>
     <span class='ocr_line' id='line_1_89' title="bbox 2456 4808 4223 4890; baseline -0.002 -17"><span class='ocrx_word' id='word_1_597' title='bbox 2456 4812 2789 4874; x_wconf 90' lang='lat' dir='ltr'><strong>Psalmista</strong></span> <span class='ocrx_word' id='word_1_598' title='bbox 2822 4830 2835 4874; x_wconf 94' lang='lat'><strong>:</strong></span> <span class='ocrx_word' id='word_1_599' title='bbox 2872 4809 3179 4884; x_wconf 89' lang='lat' dir='ltr'><strong>Quoniam</strong></span> <span class='ocrx_word' id='word_1_600' title='bbox 3224 4816 3291 4871; x_wconf 90' lang='lat' dir='ltr'><strong>tu</strong></span> <span class='ocrx_word' id='word_1_601' title='bbox 3331 4828 3399 4871; x_wconf 89' lang='lat' dir='ltr'><strong>es</strong></span> <span class='ocrx_word' id='word_1_602' title='bbox 3439 4808 3751 4890; x_wconf 87' lang='lat' dir='ltr'><strong>patientia</strong></span> <span class='ocrx_word' id='word_1_603' title='bbox 3782 4826 3941 4884; x_wconf 84' lang='lat' dir='ltr'><strong>mea,</strong></span> <span class='ocrx_word' id='word_1_604' title='bbox 3984 4838 4223 4881; x_wconf 47' lang='lat' dir='ltr'><strong>&amp;ms</strong></span> 
     </span>
     <span class='ocr_line' id='line_1_90' title="bbox 2458 4906 4209 4989; baseline -0.002 -18"><span class='ocrx_word' id='word_1_605' title='bbox 2458 4910 2752 4985; x_wconf 83' lang='lat' dir='ltr'><strong>Domine3</strong></span> <span class='ocrx_word' id='word_1_606' title='bbox 2787 4907 3075 4985; x_wconf 90' lang='lat' dir='ltr'><strong>Domine,</strong></span> <span class='ocrx_word' id='word_1_607' title='bbox 3102 4926 3248 4989; x_wconf 91' lang='lat' dir='ltr'><strong>spes</strong></span> <span class='ocrx_word' id='word_1_608' title='bbox 3285 4926 3447 4969; x_wconf 87' lang='lat' dir='ltr'><strong>mea.</strong></span> <span class='ocrx_word' id='word_1_609' title='bbox 3472 4906 3549 4968; x_wconf 89' lang='lat' dir='ltr'><strong>Et</strong></span> <span class='ocrx_word' id='word_1_610' title='bbox 3578 4906 3733 4969; x_wconf 90' lang='lat' dir='ltr'><strong>alibi</strong></span> <span class='ocrx_word' id='word_1_611' title='bbox 3770 4924 3784 4969; x_wconf 77' lang='grc' dir='ltr'>ε</span> <span class='ocrx_word' id='word_1_612' title='bbox 3822 4907 3943 4969; x_wconf 87' lang='lat' dir='ltr'><strong>Deo</strong></span> <span class='ocrx_word' id='word_1_613' title='bbox 3985 4934 4209 4980; x_wconf 42' lang='lat' dir='ltr'><strong>ptum.</strong></span> 
     </span>
     <span class='ocr_line' id='line_1_91' title="bbox 2460 5004 3945 5089; baseline -0.003 -19"><span class='ocrx_word' id='word_1_614' title='bbox 2460 5008 2745 5089; x_wconf 84' lang='lat' dir='ltr'><strong>subjecta</strong></span> <span class='ocrx_word' id='word_1_615' title='bbox 2804 5014 2961 5083; x_wconf 91' lang='lat' dir='ltr'><strong>esto,</strong></span> <span class='ocrx_word' id='word_1_616' title='bbox 3015 5005 3229 5068; x_wconf 89' lang='lat' dir='ltr'><strong>anima</strong></span> <span class='ocrx_word' id='word_1_617' title='bbox 3288 5024 3447 5083; x_wconf 89' lang='lat' dir='ltr'><strong>mea,</strong></span> <span class='ocrx_word' id='word_1_618' title='bbox 3503 5004 3810 5086; x_wconf 89' lang='lat' dir='ltr'><strong>quoniam</strong></span> <span class='ocrx_word' id='word_1_619' title='bbox 3866 5004 3945 5067; x_wconf 90' lang='lat' dir='ltr'><strong>ab</strong></span> 
     </span>
    </p>

    <p class='ocr_par' dir='ltr' id='par_1_36' title="bbox 2460 5103 3945 5187">
     <span class='ocr_line' id='line_1_92' title="bbox 2460 5103 3945 5187; baseline -0.001 -20"><span class='ocrx_word' id='word_1_620' title='bbox 2460 5107 2600 5187; x_wconf 89' lang='lat' dir='ltr'><strong>ipso</strong></span> <span class='ocrx_word' id='word_1_621' title='bbox 2649 5105 2953 5187; x_wconf 88' lang='lat' dir='ltr'><strong>patientia</strong></span> <span class='ocrx_word' id='word_1_622' title='bbox 3000 5124 3162 5169; x_wconf 88' lang='lat' dir='ltr'><strong>mea.</strong></span> <span class='ocrx_word' id='word_1_623' title='bbox 3198 5103 3504 5167; x_wconf 89' lang='lat' dir='ltr'><strong>Patientia</strong></span> <span class='ocrx_word' id='word_1_624' title='bbox 3543 5112 3757 5166; x_wconf 89' lang='lat' dir='ltr'><strong>autem</strong></span> <span class='ocrx_word' id='word_1_625' title='bbox 3804 5122 3945 5185; x_wconf 92' lang='lat' dir='ltr'><strong>pro-</strong></span> 
     </span>
    </p>

    <p class='ocr_par' dir='ltr' id='par_1_37' title="bbox 2461 5185 3944 5367">
     <span class='ocr_line' id='line_1_93' title="bbox 2461 5185 3944 5287; baseline -0.001 -22"><span class='ocrx_word' id='word_1_626' title='bbox 2461 5204 2599 5287; x_wconf 89' lang='lat' dir='ltr'><strong>prie</strong></span> <span class='ocrx_word' id='word_1_627' title='bbox 2649 5203 2851 5267; x_wconf 87' lang='lat' dir='ltr'><strong>virtus</strong></span> <span class='ocrx_word' id='word_1_628' title='bbox 2900 5212 3017 5281; x_wconf 86' lang='lat' dir='ltr'><strong>est,</strong></span> <span class='ocrx_word' id='word_1_629' title='bbox 3069 5185 3397 5264; x_wconf 77' lang='lat' dir='ltr'><strong>tristitiam</strong></span> <span class='ocrx_word' id='word_1_630' title='bbox 3452 5202 3812 5279; x_wconf 71' lang='lat' dir='ltr'><strong>moderans,</strong></span> <span class='ocrx_word' id='word_1_631' title='bbox 3868 5219 3944 5263; x_wconf 84' lang='lat' dir='ltr'><strong>ne</strong></span> 
     </span>
     <span class='ocr_line' id='line_1_94' title="bbox 2462 5300 3675 5367; baseline -0.003 0"><span class='ocrx_word' id='word_1_632' title='bbox 2462 5303 2822 5367; x_wconf 90' lang='lat' dir='ltr'><strong>inordinata</strong></span> <span class='ocrx_word' id='word_1_633' title='bbox 2852 5321 2963 5366; x_wconf 92' lang='lat' dir='ltr'><strong>seu</strong></span> <span class='ocrx_word' id='word_1_634' title='bbox 2992 5302 3315 5365; x_wconf 85' lang='lat' dir='ltr'><strong>excessiva</strong></span> <span class='ocrx_word' id='word_1_635' title='bbox 3346 5300 3675 5364; x_wconf 88' lang='lat' dir='ltr'><strong>consistat.</strong></span> 
     </span>
    </p>
   </div>
   <div class='ocr_carea' id='block_1_16' title="bbox 4295 2054 4309 3732">
    <p class='ocr_par' dir='ltr' id='par_1_38' title="bbox 4295 2054 4309 3732">
     <span class='ocr_line' id='line_1_95' title="bbox 4295 2054 4309 3732; baseline 0 0"><span class='ocrx_word' id='word_1_636' title='bbox 4295 2054 4309 3732; x_wconf 95' lang='lat' dir='ltr'><strong> </strong></span> 
     </span>
    </p>
   </div>
   <div class='ocr_carea' id='block_1_17' title="bbox 4299 3728 4308 6023">
    <p class='ocr_par' dir='ltr' id='par_1_39' title="bbox 4299 3728 4308 6023">
     <span class='ocr_line' id='line_1_96' title="bbox 4299 3728 4308 6023; baseline 0 0"><span class='ocrx_word' id='word_1_637' title='bbox 4299 3728 4308 6023; x_wconf 95' lang='lat' dir='ltr'><strong> </strong></span> 
     </span>
    </p>
   </div>
  </div>
 </body>
</html>
