4309 6259
1189 487 1538 535 ENARRATIO
1581 488 1644 533 IN
1686 486 1821 533 cAP.
1870 486 1911 531 X
1950 485 2076 531 1013.
2122 506 2202 517 -
2242 489 2386 536 An'r.
2432 489 2579 537 xxvl

3308 470 3427 535 463

61 684 306 731 amm.
335 660 535 723 illam.
573 662 874 725 Salomon
903 678 1161 743 quoque
1197 678 1211 722 ε
1246 660 1436 722 Verte
1478 658 1732 740 impioS,
1768 664 1832 719 et
1857 656 1908 717 A
1936 660 2221 719 dolorem
2240 679 2467 729 meum,
2487 678 2679 742 quem
2705 659 2930 737 habeo,
2951 678 3080 722 non
3112 660 3319 722 solum
3348 680 3425 723 ex

93 870 228 912 Galat.
255 884 299 918 ιι,

62 934 116 974 20.

109 2346 276 2388 ‘Essem

99 2641 284 2693 lubuit.

67 2838 274 2892 &claud
283 2876 294 2885 .

69 3520 294 3573 Lanuuii.

111 3815 256 3859 Ezeeh.

67 3882 294 3931 xxun.21,22,

333 778 462 821 non
485 768 698 821 erunt.
718 760 1039 833 Praeterea,
1059 757 1402 839 Apostolus
1425 756 1518 819 sic
1539 773 1832 818 consum-

332 865 479 937 ptus
507 874 522 918 ε
547 857 732 933 Vivo,
769 857 879 933 ait,
902 858 1034 937 jam
1067 873 1198 917 non
1230 872 1368 934 egO,
1394 853 1554 918 vivit
1579 870 1731 917 vero
1764 851 1829 912 in

329 974 432 1017 me
460 954 776 1017 Christus.
805 957 904 1017 Ne
931 958 1153 1015 oculus
1181 974 1280 1013 me.
1309 955 1579 1021 videret,
1610 950 1674 1013 id
1705 958 1822 1025 est,

329 1073 410 1116 ne
439 1054 590 1135 quis
624 1072 727 1116 me
757 1053 824 1115 in
859 1053 1050 1115 tantis
1081 1051 1416 1133 suppliciis
1449 1056 1757 1113 cerneret.

409 1155 711 1213 Fuissem
739 1154 930 1233 quasi
955 1172 1084 1211 non
1113 1172 1305 1211 essem
1331 1171 1354 1209 .·
1384 1148 1448 1211 id
1479 1155 1595 1223 est,
1623 1148 1676 1209 si
1707 1166 1830 1209 ma-

325 1250 462 1311 lum
495 1250 704 1332 culpae
735 1270 845 1313 seu
875 1249 1162 1311 debitum
1203 1246 1560 1311 sustinendi
1599 1266 1828 1329 purga-

325 1348 474 1410 torii
515 1368 764 1430 poenaS,
799 1348 1028 1411 fuisset
1055 1355 1203 1410 ante
1231 1354 1500 1409 mortem
1528 1364 1829 1408 consum·

321 1454 506 1527 ptum
559 1448 626 1507 in
679 1465 804 1523 me,
850 1446 938 1507 ita
984 1446 1156 1527 quod
1205 1464 1241 1507 a
1289 1444 1478 1525 culpa
1526 1452 1588 1506 et
1637 1462 1826 1525 poena

320 1544 658 1607 absolutus
715 1543 982 1607 fuissem
1034 1563 1108 1606 ac
1153 1543 1355 1617 liber3
1401 1550 1552 1604 tunc
1602 1541 1827 1622 utique

325 1640 595 1705 fuissem
659 1642 724 1705 in
773 1643 980 1721 gloria
1029 1641 1242 1704 statim
1301 1648 1445 1722 post
1501 1657 1822 1719 egressum

321 1760 358 1801 a
403 1759 728 1822 corpore3
781 1740 963 1821 quasi
1013 1758 1140 1801 non
1189 1758 1417 1814 essem,
1463 1738 1527 1800 id
1571 1745 1688 1813 est,
1734 1737 1824 1801 sic

1937 773 2125 836 poena
2160 776 2385 819 sensus
2426 776 2553 837 qua
2592 759 2861 833 crucior,
2898 758 3004 821 sed
3036 768 3100 821 et
3130 778 3206 821 ex
3235 776 3425 840 poena

1936 854 2153 915 damni
2198 874 2325 935 qua
2360 875 2396 917 a
2430 856 2634 935 gloria
2676 856 2949 919 dividor.
2984 856 3195 933 Porro,
3230 866 3301 919 ut
3338 865 3425 918 ta-

1935 960 2108 1012 ctum
2141 962 2257 1028 est,
2280 972 2355 1015 ex
2384 954 2787 1016 vehementia
2818 952 3179 1017 acerbitatis
3210 971 3427 1035 poena-

1936 1069 2076 1111 rum
2107 1052 2479 1131 purgatorii,
2516 1052 2743 1115 animae
2774 1053 3193 1115 consistentes
3224 1053 3289 1114 in
3321 1072 3419 1130 e0,

1937 1144 2306 1226 frequenter
2334 1167 2371 1209 a
2414 1147 2615 1210 libero
2656 1168 2775 1211 usu
2820 1149 3083 1211 rationis
3129 1169 3241 1213 seu
3284 1150 3429 1211 dili·

1933 1244 2108 1321 genti
2131 1245 2370 1326 proprii
2392 1254 2583 1307 status
2602 1247 3107 1309 consideratione
3130 1247 3424 1329 impediri

1935 1342 2284 1403 creduntur
2319 1360 2333 1405 :
2370 1362 2444 1405 ex
2475 1362 2603 1423 quo
2646 1342 2745 1420 fit,
2783 1352 2851 1405 ut
2891 1363 2967 1406 ex
3011 1344 3427 1408 immoderato

1936 1440 2175 1517 dolore,
2222 1441 2547 1522 planctum
2592 1444 2691 1521 (ut
2739 1443 2973 1523 patuit)
3013 1443 3421 1525 impediente,

1935 1558 2003 1601 se
2035 1539 2209 1621 ipsas
2238 1540 2535 1620 expedite
2562 1561 2633 1604 ac
2665 1542 2953 1605 ordinate
2984 1552 3304 1623 nequeant
3324 1544 3427 1607 de·

1935 1638 2208 1717 plorare,
2242 1639 2683 1718 magnitudine
2733 1648 3193 1703 tormentorum
3241 1641 3425 1723 quasi

1934 1737 2272 1818 absorptae.
2326 1738 2486 1801 Hinc
2544 1738 2832 1820 eupiunt,
2886 1748 2955 1801 ut
3010 1740 3219 1822 poenis
3267 1761 3426 1823 quas

323 1839 495 1920 quod
531 1858 661 1903 non
696 1858 900 1902 essem
937 1840 1003 1900 in
1036 1838 1244 1920 poenis
1279 1858 1294 1902 τ
1329 1845 1400 1899 ut
1426 1835 1826 1913 Quasi,dicat
1863 1832 1906 1894 B
1935 1834 2289 1915 patiuntur,
2322 1835 2669 1899 clementer
2710 1855 2824 1917 per
2862 1837 3271 1901 intervallum
3314 1838 3428 1901 ali-

321 1938 684 2015 veritatem,
719 1956 848 2000 non
895 1935 1382 1998 similitudinem
1432 1942 1721 2008 tantum;
1762 1942 1826 1997 et

320 2036 496 2115 quod
531 2036 845 2117 sequitur,
885 2038 964 2095 de
1009 2044 1187 2095 utero
1218 2038 1571 2095 translatas
1609 2036 1697 2093 ad
1728 2043 1826 2093 tu-

323 2138 612 2205 mulum,
663 2151 790 2196 non
850 2132 1216 2214 separatim,
1269 2132 1379 2194 sed
1428 2130 1820 2211 conjunctim

323 2232 578 2313 legatur
615 2252 762 2294 cum
803 2231 1089 2295 clausula
1130 2231 1544 2311 praecedente,
1577 2248 1702 2310 qua
1731 2228 1826 2291 di-

323 2332 516 2407 citur,
569 2331 852 2394 Fuissem
887 2332 930 2406 '',
968 2338 1035 2393 ut
1085 2330 1169 2391 sit
1215 2348 1439 2393 sensus
1477 2347 1490 2390 ε
1539 2329 1822 2391 Fuissem

327 2430 394 2491 in
447 2429 677 2510 gloria,
711 2429 804 2491 sic
841 2427 1014 2509 quod
1055 2446 1183 2491 non
1229 2446 1432 2490 essem
1481 2427 1824 2489 translatus

325 2530 406 2591 de
451 2536 657 2603 utero,
693 2527 756 2589 id
799 2534 896 2589 est
935 2526 1013 2588 de
1055 2534 1220 2588 terra
1248 2525 1623 2605 (secundum
1652 2526 1825 2605 quod

325 2645 523 2707 supra
552 2624 642 2687 ait
671 2624 788 2687 Job
813 2642 826 2685 :
852 2623 1068 2685 Nudus
1091 2642 1383 2705 egressus
1416 2642 1554 2685 sum
1587 2624 1665 2685 de
1699 2630 1826 2685 ute-

326 2742 398 2786 ro
449 2722 674 2785 matris
720 2740 900 2798 meae,
945 2729 1010 2784 et
1053 2720 1261 2783 nudus
1308 2730 1586 2784 revertar
1629 2720 1819 2795 illuc;

323 2821 552 2902 sicque
593 2820 1078 2883 Ecclesiasticus
1122 2819 1280 2881 dicit
1313 2836 1328 2879 ε
1361 2818 1562 2882 Grave
1596 2820 1820 2900 jugum

323 2937 521 3001 super
550 2936 774 2981 omnes
810 2916 985 2981 filios
1015 2917 1236 2993 Adam,
1273 2936 1310 2979 a
1349 2916 1452 2979 die
1494 2915 1700 2978 exitus
1745 2917 1824 2979 de

323 3024 550 3079 ventre
599 3014 823 3077 matris
873 3033 1118 3091 eorum,
1152 3031 1356 3095 usque
1398 3013 1466 3074 in
1509 3013 1678 3076 diem
1729 3032 1824 3076 se-

324 3114 602 3195 pulturae
653 3112 720 3174 in
769 3120 1036 3175 matrem
1088 3111 1424 3191 omnium),
1478 3114 1566 3171 ad
1610 3122 1824 3172 tumu—

326 3213 490 3279 lum,
525 3210 591 3271 id
625 3216 720 3272 est
757 3210 836 3271 ad
876 3207 1360 3271 subterraneum
1403 3228 1514 3270 seu
1560 3207 1820 3270 bassum

323 3328 396 3371 ac
443 3316 678 3371 tetrum
719 3306 1071 3389 purgatorii
1112 3305 1474 3381 latibulum,
1513 3324 1640 3386 quo
1681 3305 1824 3368 abs-

323 3408 589 3483 condor,
641 3405 935 3469 detineor
985 3413 1049 3467 et
1095 3402 1381 3485 affligor.
1429 3404 1530 3467 Sic
1582 3404 1822 3486 quippe

325 3506 616 3568 Salvator
645 3502 874 3567 asserit
901 3502 1169 3565 divitem
1212 3503 1276 3564 in
1319 3500 1573 3565 inferno
1617 3502 1824 3585 sepul·

323 3612 485 3666 tum.
509 3604 586 3665 Et
619 3603 686 3665 in
718 3601 1050 3665 Ezechiele
1080 3600 1496 3683 reproborum
1529 3602 1824 3683 sepulcra

323 3703 388 3764 in
413 3702 672 3765 inferno
695 3701 900 3784 posita
923 3700 1308 3776 referuntur,
1324 3719 1524 3781 quum
1545 3700 1816 3763 dicitur:

321 3801 696 3882 Loquentur
715 3798 1148 3880 potentissimi
1174 3796 1578 3860 robustorum
1603 3799 1682 3861 de
1702 3819 1824 3862 me-

322 3897 432 3961 dio
465 3896 734 3959 inferni.
769 3895 862 3957 lbi
891 3896 1088 3957 Assur
1127 3904 1190 3957 et
1227 3896 1438 3958 omnis
1479 3895 1822 3960 multitudo

320 3998 462 4078 ejus
490 4020 507 4071 ;
553 3996 621 4057 in
651 3993 924 4056 circuitu
957 3993 1132 4055 illius
1164 3993 1456 4075 sepulcra
1486 3994 1648 4075 ejuS,
1674 4013 1820 4056 cum

320 4095 420 4157 his
451 4093 570 4175 qui
601 4092 1070 4155 descenderunt
1098 4092 1165 4153 in
1197 4092 1428 4155 lacum.

1936 1933 2106 2013 quod
2159 1933 2475 2011 relevatiS,
2524 1934 2765 1997 deflere
2814 1936 3138 2017 propriam
3189 1945 3426 2017 queant

1934 2030 2381 2095 calamitatem.
2415 2032 2593 2094 Unde
2636 2033 2717 2096 ob
2762 2032 3083 2097 defectum
3130 2055 3283 2097 usus
3331 2055 3425 2098 ra-

1937 2129 2126 2191 tionis
2172 2130 2237 2191 in
2284 2131 2744 2208 condemnatiS,
2783 2131 3076 2195 Salomon
3108 2133 3174 2194 in
3212 2134 3426 2197 Eccle-

1935 2228 2125 2290 siaste
2164 2228 2454 2291 hortatur
2498 2246 2511 2289 :
2555 2227 3007 2311 Quodcumque
3047 2239 3255 2310 potest
3294 2252 3425 2294 ma-

1935 2343 2054 2387 nus
2089 2334 2215 2401 tua,
2238 2326 2548 2388 instanter
2576 2345 2869 2407 operare3
2904 2328 3058 2409 quia
3088 2348 3205 2391 nec
3236 2348 3418 2411 opuS,

1934 2443 2050 2486 nec
2082 2424 2266 2499 rati0,
2286 2442 2401 2487 nec
2432 2425 2764 2505 sapientia,
2786 2444 2903 2489 nec
2928 2426 3215 2502 scientia,
3237 2436 3425 2490 erunt

1932 2523 2102 2603 apud
2135 2521 2377 2584 inferos
2412 2540 2539 2603 quo
2574 2530 2637 2584 tu
2671 2542 2993 2605 properas.
3015 2524 3427 2605 Hujuscemo-

1930 2618 1994 2679 di
2047 2627 2257 2682 tamen
2309 2620 2575 2683 rationis
2624 2620 2933 2696 defectus,
2982 2621 3167 2701 longe
3216 2623 3426 2686 minor

1932 2724 2028 2779 est
2058 2716 2124 2778 in
2159 2718 2526 2799 purgatorio
2557 2738 2747 2800 quam
2783 2718 3055 2782 inferno.
3092 2719 3421 2801 Siquidem

1932 2815 1998 2876 in
2048 2815 2415 2896 purgatorio
2460 2816 2683 2897 positae
2730 2816 2982 2895 animat,
3018 2817 3255 2898 jugiter
3294 2838 3425 2880 ma-

1932 2920 2084 2975 nent
2114 2914 2181 2974 in
2212 2914 2496 2990 caritate,
2526 2923 2589 2977 et
2613 2933 2726 2996 per
2756 2934 3156 2997 consequens
3188 2916 3424 2979 habent

1855 3010 1898 3074 C
1931 3018 2175 3092 septem
2206 3012 2373 3074 dona
2394 3011 2667 3093 Spiritus
2690 3012 2917 3087 Sancti,
2933 3032 3281 3096 omnesque
3303 3016 3424 3079 vir-

1933 3118 2098 3172 tutes
2140 3110 2386 3173 caritati
2437 3129 2775 3173 connexas.
2809 3110 3205 3193 Quicumque
3248 3115 3420 3177 enim

1933 3208 2124 3270 habet
2178 3208 2527 3285 caritatem,
2582 3208 2774 3272 habet
2823 3217 2888 3271 et
2933 3211 3100 3273 dona
3148 3212 3423 3293 Spiritus

1932 3306 2163 3381 Sancti,
2184 3306 2405 3369 saltem
2439 3308 2788 3370 secundum
2821 3308 3099 3390 aliquem
3129 3312 3417 3389 gradum,

1931 3405 2465 3485 quemadmodum
2529 3404 2800 3467 Thomas
2860 3414 2923 3468 et
2981 3406 3423 3471 Bonaventura

1929 3502 2255 3584 ceterique
2302 3502 2592 3565 doctores
2651 3504 3052 3566 concorditer
3103 3505 3416 3569 scribunt.

1929 3600 2284 3682 Propterea,
2322 3600 2389 3661 in
2430 3600 2794 3681 purgatorio
2838 3602 2997 3679 sitae,
3032 3621 3143 3684 per
3181 3604 3417 3667 donum

1929 3698 2279 3780 sapientiae,
2314 3698 2380 3759 in
2418 3698 2764 3779 aliqualem
2804 3699 3167 3762 divinorum
3211 3703 3420 3764 consi-

1929 3796 2342 3873 derationem,
2364 3804 2427 3859 et
2455 3815 2568 3878 per
2598 3797 2835 3858 donum
2865 3797 3162 3871 scientiae,
3186 3798 3251 3860 in
3283 3820 3419 3882 pro·

1928 3895 2054 3976 prii
2076 3903 2277 3957 status
2308 3894 2715 3957 attentionem
2747 3904 3014 3976 possunt
3045 3904 3412 3978 utcumque,

1927 3993 2136 4074 poenis
2177 4012 2391 4055 earum
2431 3992 2794 4069 moderatiS,
2829 3994 3191 4076 procedere.

2005 4096 2375 4171 Antequam
2420 4094 2679 4163 vadam,
2710 4102 2771 4153 et
2814 4112 2942 4153 non
2986 4103 3300 4163 revertar,
3329 4098 3417 4155 ad

387 4193 740 4272 Numquid
769 4210 899 4251 non
920 4192 1222 4267 paucitas
1241 4191 1500 4249 dierum
1533 4211 1818 4251 meorum
1853 4194 1900 4255 D
1932 4200 2169 4250 terram
2201 4190 2615 4258 tenebrosam,
2636 4196 2757 4252 etc.
2778 4190 2905 4253 Hoc
2936 4189 3148 4252 anima
3180 4190 3245 4252 in
3276 4211 3417 4274 pur·

317 4293 598 4367 finietur
627 4290 806 4349 brevi
826 4290 856 4349 ’ἓ
883 4288 1013 4351 Hoc
1041 4287 1255 4351 anima
1287 4287 1570 4367 loquitur
1601 4288 1818 4351 scisci-

319 4388 514 4451 tando
535 4406 610 4450 ac
630 4386 1068 4463 desiderando,
1082 4394 1150 4447 ut
1167 4386 1302 4448 dies
1324 4385 1560 4466 quibus
1586 4386 1652 4447 in
1678 4405 1819 4468 pur·

319 4486 570 4567 gatorio
593 4484 733 4560 erit,
753 4483 864 4565 qui
894 4491 1188 4565 respectu
1217 4483 1587 4546 aeternitatis
1618 4483 1686 4545 in
1721 4503 1820 4565 pa-

317 4584 441 4646 tria
459 4584 682 4647 breves
705 4590 863 4657 sunt,
875 4580 1162 4643 celeriter
1185 4579 1506 4657 finiantur,
1518 4590 1820 4661 quatenus

319 4682 730 4765 concupitam
763 4679 1224 4743 beatitudinem
1253 4679 1569 4741 sortiatur.
1587 4682 1819 4741 Dimit-

321 4792 378 4842 te
403 4802 558 4859 erqo
589 4802 714 4850 me,
737 4779 803 4840 id
835 4786 952 4854 est,
979 4778 1336 4841 relevamen
1369 4777 1627 4858 aliquod
1657 4778 1816 4840 mihi

321 4898 526 4961 poenae
559 4878 754 4959 hujus
783 4877 1083 4940 concede.
1106 4875 1458 4958 Aliquoties
1483 4875 1655 4939 enim
1687 4877 1818 4938 ani-

319 4998 438 5040 mae
461 4977 532 5039 in
564 4974 934 5058 purgatorio
965 4974 1354 5049 exsistentes,
1373 4974 1654 5054 aliquam
1677 4994 1819 5037 con·

319 5076 700 5139 solationem
733 5073 1096 5153 suscipiunt
1124 5091 1200 5134 ex
1231 5071 1478 5134 visione
1507 5072 1812 5151 angelica,

320 5183 382 5237 et
417 5194 533 5256 per
565 5170 880 5251 suffragia
910 5170 1003 5233 eis
1031 5170 1335 5247 exhibita,
1372 5189 1484 5233 seu
1520 5170 1646 5233 alio
1687 5190 1818 5234 mo-

323 5274 420 5337 do.
433 5276 510 5335 Ut
519 5275 842 5350 planqam
863 5268 1183 5351 spirituali
1203 5269 1452 5349 ploratu
1467 5272 1816 5345 paululum

1927 4286 2171 4367 gatorio
2202 4286 2507 4349 collocata
2539 4295 2854 4368 precatur,
2888 4304 3015 4349 non
3054 4288 3226 4369 quod
3273 4299 3417 4370 post

1929 4383 2154 4447 fletum
2186 4383 2520 4466 praefatum
2563 4383 2646 4445 sit
2676 4403 2959 4467 unquam
2991 4384 3056 4446 in
3089 4384 3415 4451 infernum

1929 4483 2205 4563 lapsura,
2258 4481 2366 4544 sed
2415 4482 2721 4563 quoniam
2778 4491 3023 4547 certum
3072 4492 3189 4562 est,
3242 4487 3415 4568 quod

1927 4588 2071 4663 post
2091 4580 2457 4661 hujusmodi
2484 4581 2811 4662 planctum
2843 4600 3168 4663 nunquam
3202 4584 3266 4645 in
3302 4593 3417 4648 tar-

1926 4688 2132 4741 tarum
2160 4686 2301 4741 rue't
2325 4697 2338 4739 :
2364 4678 2529 4742 sicut
2548 4697 2584 4739 a
2603 4678 2887 4742 Matthaeo
2912 4690 3226 4758 narratur,
3242 4684 3415 4763 quod

1922 4778 2154 4859 Joseph
2195 4796 2321 4840 non
2355 4777 2655 4857 cognovit
2691 4778 3123 4841 beatissimam
3152 4778 3415 4843 Christi-
3440 4799 3705 4853 narratas.

1927 4876 2255 4958 feramque
2302 4876 2579 4952 Mariam,
2632 4878 2835 4941 donec
2886 4878 3135 4959 peperit
3180 4880 3412 4943 Filium

1925 4994 2108 5037 suum
2173 4973 2692 5055 primogenitum.
2746 4976 2811 5037 ln
2860 4974 3107 5037 Psalmo
3156 4995 3413 5057 quoque

1922 5073 2100 5135 Pater
2159 5072 2445 5153 loquitur
2503 5071 2754 5135 Christo
2808 5091 2821 5133 :
2878 5072 3040 5135 Sede·
3088 5093 3125 5135 a
3175 5074 3413 5137 dextris

1921 5170 2104 5246 meiS,
2139 5171 2340 5232 donec
2380 5187 2613 5250 ponam
2655 5169 2947 5233 inimicos
2993 5178 3131 5234 tuos
3178 5172 3417 5234 scabel-

1923 5268 2056 5330 lum
2087 5268 2321 5350 pedum
2356 5274 2635 5329 tuorum.

3488 2254 3641 2300 Baelo.
3659 2270 3716 2307 ιι,

3454 2320 3521 2361 ¹⁰.

3468 5092 3547 5135 Pe.
3562 5106 3645 5145 cxx,
3662 5097 3703 5138 l.
