4309 6259
691 1072 816 1103 111111

855 466 976 533 346

1735 489 2082 536 RNARRA'no
2124 488 2187 535 m
2230 489 2365 535 ω.
2410 488 2480 535 111
2517 488 2644 533 1013.
2689 506 2770 517 -
2813 488 2957 535 Am.
3002 489 3067 534 lx

856 659 984 721 Deo
1004 658 1134 720 sint
1161 677 1308 721 vere
1329 666 1500 721 recta
1529 678 1602 722 ac
1635 660 1887 741 placita.
1905 659 2143 741 Saepius
2169 658 2340 723 enim
2371 658 2422 719 A
2450 661 2559 722 sed
2588 659 3053 723 animadversio
3076 658 3247 740 justa
3264 658 3755 722 vindietae.1deo
3785 656 3939 719 dicit

2451 758 2819 821 Psalmista:
2853 758 3003 833 Quis
3034 758 3211 822 novit
3245 766 3611 841 potestatem
3646 758 3761 820 irae
3790 766 3936 831 tuae,
3982 767 4231 809 Pan-um-

859 774 1020 839 opus
1055 767 1338 820 nostrum
1371 778 1562 820 causa
1602 768 1700 821 est
1729 767 1958 821 nostrae
1989 759 2344 822 damnatio-

863 856 986 933 niS,
1020 858 1190 937 quod
1237 866 1534 938 putamus
1579 877 1717 920 esse
1748 867 2116 940 provectum
2149 856 2348 921 virtu-

861 954 942 1015 tis
971 979 984 1029 ;
1021 974 1315 1037 saepeque
1345 957 1508 1019 Deus
1541 958 1615 1018 ad
1649 956 1807 1019 iram
1841 956 2201 1038 instigatur,
2237 975 2349 1018 un-

822 1091 833 1110 .
863 1053 941 1116 de
972 1054 1211 1135 placari
1233 1062 1541 1135 speratur,
1569 1055 1904 1119 Salomone
1932 1056 2217 1118 dicente:
2241 1055 2351 1115 Est

862 1152 970 1217 via
996 1172 1139 1235 quae
1167 1154 1416 1216 videtur
1437 1154 1678 1216 homini
1703 1154 1890 1231 bona,
1910 1163 1972 1218 et
2004 1153 2351 1219 novissima

862 1252 1000 1333 ejus
1049 1253 1290 1315 ducunt
1339 1253 1417 1314 ad
1466 1260 1757 1316 mortem.
1791 1256 1878 1315 Ec
1924 1255 2350 1314 circumdedit

861 1372 1010 1412 eum
1037 1354 1209 1412 Deus
1241 1354 1508 1411 tenebris
1541 1352 1855 1433 praedictae
1886 1351 2261 1433 ignorantiae
2288 1360 2351 1414 et

865 1450 1336 1513 incertitudinis
1373 1468 1387 1511 ε
1421 1451 1529 1531 qui
1562 1459 1626 1513 et
1656 1451 1804 1513 licet
1832 1450 2074 1515 coelesti
2108 1450 2352 1514 deside-

835 1549 961 1612 -rio
995 1547 1258 1625 ferveat,
1293 1550 1448 1630 quid
1489 1559 1700 1612 tamen
1732 1552 1810 1613 de
1841 1569 1915 1612 eo
1954 1550 2122 1632 apud
2151 1551 2350 1613 Deum

866 1648 1247 1729 dispositum
1303 1648 1408 1724 sit,
1462 1648 1732 1729 ignorat.
1787 1649 2024 1729 ltaque,
2075 1667 2189 1711 cur
2239 1647 2349 1710 tali

865 1747 1111 1810 homini
1156 1747 1265 1809 lux
1304 1748 1671 1829 temporalis
1715 1748 2152 1830 prosperitatis
2198 1747 2352 1809 arri-

2455 861 2605 920 etc?
2625 857 2838 931 Qualis
2862 876 3011 921 vero
3031 866 3289 921 sanctus
3306 857 3421 920 Job
3443 855 3564 919 fuit
3584 857 3649 918 in
3674 866 3941 940 potesta·

2457 966 2531 1030 te,
2550 957 2982 1039 subjungitur.
3005 960 3237 1019 Nonne
3253 957 3713 1017 dissimulavi?
3734 956 3799 1018 id
3818 964 3939 1029 est,

2457 1075 2570 1139 per
2600 1064 2975 1138 potestatem
3012 1064 3075 1117 et
3112 1054 3549 1118 auctoritatem
3582 1074 3685 1117 me
3728 1054 3941 1136 ipsum

2458 1174 2585 1218 non
2616 1153 2835 1231 extuli,
2872 1174 2989 1217 nec
3020 1154 3367 1217 iracundiae
3394 1154 3604 1217 locum
3635 1152 3809 1228 dedi,
3834 1153 3945 1215 sed

2458 1254 2857 1317 dissimulavi
2906 1253 3231 1334 injuriam,
3268 1252 3515 1334 patiens
3560 1250 3679 1313 fui.
3715 1253 3947 1314 Nonne

2455 1353 2619 1412 silui
2662 1371 2698 1413 a
2742 1350 2955 1415 verbis
3003 1350 3403 1427 inordinatiS,
3444 1349 3762 1432 superbiS,
3802 1349 3949 1411 irre-

2459 1450 2748 1526 frenatiS,
2791 1450 2857 1511 in
2907 1468 3049 1530 quae
3089 1449 3501 1531 praesidentes
3550 1448 3678 1510 labi
3718 1466 3949 1511 consu-

2459 1557 2728 1613 everunt
2756 1553 2779 1611 2
2812 1551 3043 1612 Nonne
3089 1550 3311 1627 quievi
3350 1547 3430 1609 ab
3481 1565 3672 1629 opere
3714 1547 3885 1609 malo
3922 1550 3947 1609 Ξ

2458 1647 2755 1721 Quamvis
2789 1658 2997 1712 autem
3030 1648 3269 1729 ubique
3301 1666 3635 1729 peccemus
3666 1648 3951 1727 cogitan-

2461 1747 2563 1823 do,
2601 1746 2941 1828 loquendo,
2975 1748 3232 1827 agend0‚
3269 1746 3468 1828 magis
3505 1755 3716 1809 tamen
3746 1764 3949 1827 quum

867 1848 994 1923 det,
1030 1846 1140 1927 qui
1185 1846 1302 1908 sub
1342 1865 1466 1928 qua
1506 1846 1926 1910 aestimatione
1969 1846 2052 1908 sit
2087 1846 2347 1927 judiciS,
2389 1844 2434 1905 B
2462 1846 2687 1908 mundi
2736 1846 3157 1927 prosperitate
3206 1846 3513 1909 levamur.
3546 1846 3699 1908 Nam
3746 1865 3949 1927 quum

867 1946 1071 2008 nescit
1099 1949 1121 2006 'l

950 2049 1312 2125 Antequam
1332 2050 1678 2118 comedam,
1701 2048 1978 2125 suspiro,
2009 2046 2355 2109 Comedere

867 2162 1143 2225 namque
1173 2142 1423 2220 animae,
1450 2152 1545 2205 est
1575 2163 1866 2226 supernae
1897 2144 2058 2207 lucis
2079 2152 2357 2207 contem-

869 2242 1260 2325 plationibus
1293 2242 1488 2323 pasci.
1517 2242 1803 2324 Suspirat
1832 2261 1982 2323 ergo
2012 2250 2351 2324 antequam

869 2341 1158 2403 comedat
1194 2357 1207 2401 :
1244 2339 1395 2421 quia
1425 2341 1603 2422 prius
1643 2341 1881 2420 gemitu
1925 2339 2356 2403 tribulationis

869 2437 1179 2515 afficitur,
1227 2446 1291 2501 et
1336 2439 1740 2520 postmodum
1800 2438 2355 2519 contemplationis

870 2537 1218 2601 refectione
1247 2537 1522 2600 satiatur.
1551 2538 1679 2601 Nisi
1703 2538 1872 2600 enim
1907 2538 2205 2619 suspiret,
2231 2557 2356 2600 non

871 2637 1149 2701 comedit
1183 2655 1196 2698 ε
1232 2637 1385 2718 quia
1427 2637 1538 2718 qui
1591 2637 1754 2699 sein
1804 2636 1924 2699 hoc
1971 2637 2195 2699 exsilio
2245 2656 2358 2719 per

871 2734 1332 2798 desideriorum
1373 2733 1726 2797 coelestium
1774 2734 2048 2796 lamenta
2079 2753 2204 2797 non
2238 2734 2358 2796 hu-

873 2834 1100 2909 miliat,
1147 2842 1397 2896 aeternae
1445 2831 1663 2913 patriae
1710 2833 1942 2912 gaudia
1987 2851 2113 2894 non
2167 2833 2361 2913 degu-

873 2942 995 2995 stat
1021 2957 1035 3007 ;
1069 2941 1131 2995 et
1161 2952 1198 2993 a
1227 2931 1511 2994 veritatis
1543 2931 1776 3013 pabulo
1805 2932 2010 3014 jejuni
2041 2940 2209 3008 sunt,
2245 2932 2357 3013 qui

2460 1965 2529 2007 se
2558 1944 2715 2008 alios
2747 1944 2975 2027 praeire
3003 1952 3312 2026 potestate
3330 1945 3579 2007 animus
3608 1944 3949 2027 conspicit,

2462 2044 2593 2105 alta
2621 2044 2699 2105 de
2742 2063 2809 2106 se
2852 2043 3017 2107 elate
3064 2044 3351 2123 cogitans
3380 2044 3611 2116 sentit3
3643 2052 3707 2105 et
3747 2062 3949 2124 quum

2464 2142 2824 2205 auctoritati
2854 2142 3028 2205 vocis
3057 2162 3094 2204 a
3141 2141 3317 2204 nullo
3358 2141 3697 2216 resistitur,
3729 2141 3953 2223 lingua

2462 2241 2760 2304 licentius
2790 2260 2903 2323 per
2932 2241 3203 2323 abrupta
3219 2260 3293 2304 ac
3316 2240 3513 2323 impia
3541 2240 3948 2315 defrenatur3

2462 2359 2792 2421 quumque
2820 2340 2990 2422 quod
3022 2339 3179 2402 libet
3210 2339 3420 2402 facere
3450 2340 3617 2413 licet,
3635 2340 3807 2418 juste
3826 2339 3951 2401 sibi
4058 2396 4079 2413 ,

2464 2438 2679 2501 omnia
2720 2438 2911 2501 licere
2948 2457 3092 2519 quae
3137 2438 3361 2515 libent,
3406 2437 3746 2500 existimat.
3782 2437 3951 2499 Talis

2464 2556 2616 2600 vero
2674 2536 2788 2600 Job
2847 2556 2975 2600 non
3038 2536 3237 2600 fuisse
3283 2536 3687 2600 describitur.
3740 2536 3954 2599 Nihilo

2465 2635 2679 2697 minus
2724 2635 2959 2712 subdit,
2992 2646 3050 2697 ec
3080 2639 3255 2696 venit
3282 2655 3474 2713 super
3516 2656 3613 2695 me
3646 2636 3953 2712 indigna-

2469 2736 2579 2805 tio,
2613 2734 2676 2795 id
2709 2742 2804 2797 est
2834 2734 2975 2797 dira
3004 2734 3137 2797 haec
3169 2733 3543 2815 flagellatio.

2546 2832 2687 2894 Haec
2719 2852 2795 2894 ex
2825 2832 3039 2895 verbis
3068 2832 3133 2893 B.
3168 2831 3449 2911 Gregorii
3476 2830 3753 2895 breviter
3782 2850 3953 2893 sum-

2468 2938 2575 3012 pta
2619 2939 2816 2992 sunt:
2859 2931 2939 2993 de
2982 2930 3167 3011 cujus
3216 2929 3611 3012 expositione
3654 2929 3807 3011 quid
3854 2930 3955 3011 ju-

873 3033 939 3093 in
972 3032 1090 3094 hac
1120 3030 1646 3112 peregrinationis
1678 3031 1896 3112 inopia
1926 3030 2240 3093 laetantur.
2274 3034 2358 3091 Et
2392 3028 2435 3090 C
2467 3030 2702 3105 dicare,
2736 3029 3066 3112 parvitatis
3117 3048 3273 3093 meae
3323 3048 3451 3092 non
3500 3036 3616 3093 est.
3651 3029 3955 3093 Praeterea

871 3132 1063 3211 quasi
1093 3132 1476 3191 inundantis
1507 3132 1829 3209 αφιαμμςιί,τ
1855 3132 2116 3206 runicus
2147 3151 2357 3189 meus:

873 3230 937 3291 id
973 3235 1090 3305 est,
1125 3246 1246 3291 vox
1290 3227 1527 3289 doloris
1568 3236 1628 3291 et
1663 3227 2133 3290 lamentationis
2175 3247 2353 3303 meae,

873 3345 1062 3409 quam
1096 3346 1171 3389 ex
1203 3325 1489 3389 interiori
1515 3343 1784 3389 moerore
1812 3326 2018 3403 emisi,
2038 3344 2268 3405 magna
2298 3334 2359 3388 et

874 3426 1218 3488 vehemens
1249 3434 1366 3500 est,
1401 3425 1936 3505 quemadmodum
1965 3443 2146 3505 aquae
2178 3424 2359 3486 inun-

873 3527 1094 3587 dantes
1126 3543 1269 3586 cum
1303 3523 1542 3605 impetu
1574 3522 1842 3585 veniunt.
1879 3531 1942 3584 et
1973 3530 2354 3585 tumescunt.

873 3619 1072 3683 Electi
1101 3619 1362 3700 quippe,
1397 3619 1547 3680 dum
1595 3617 1828 3680 mentis
1873 3636 2002 3680 suae
2031 3618 2233 3681 oculis
2265 3618 2362 3699 ju-

867 3718 1038 3781 ·dicia
1059 3718 1276 3779 divina
1304 3725 1690 3797 proponunt,
1712 3726 1775 3778 et
1804 3716 1882 3778 de
1903 3716 2149 3778 occulta
2171 3736 2362 3797 super

873 3838 942 3881 se
960 3816 1193 3879 summi
1223 3814 1461 3878 Iudicis
1494 3814 1809 3877 sententia
1832 3815 2145 3896 trepidant
2171 3838 2185 3889 3
2209 3816 2357 3876 dum

875 3936 942 3980 se
973 3917 1050 3978 ad
1082 3916 1274 3978 Deum
1312 3914 1645 3997 pervenire
1685 3932 1872 3995 posse
1910 3912 2267 3989 confidunt,
2301 3921 2363 3975 et

875 4024 1085 4078 tamen
1132 4033 1212 4076 ne
1253 4031 1380 4075 non
1423 4012 1800 4094 perveniant
1849 4020 2176 4085 metuunt3
2211 4012 2362 4073 dum

875 4121 1133 4195 peccata
1163 4130 1276 4173 sua
1307 4110 1626 4193 praeterita
1657 4109 1944 4172 recolunt
1972 4129 2112 4189 quae
2142 4108 2362 4191 deplo-

2465 3129 2759 3209 quaedam
2821 3130 3013 3210 hujus
3070 3128 3330 3211 capituli
3388 3128 3582 3193 verba
3628 3129 3955 3191 moraliter

2467 3226 2941 3309 interpretatur,
2975 3227 3243 3291 dicendo
3280 3243 3294 3288 τ

2548 3328 2957 3396 Pereatdies,
2979 3325 3042 3387 id
3065 3334 3161 3388 est
3192 3326 3513 3387 mundana
3542 3324 3950 3407 prosperitaS,

2468 3446 2579 3489 seu
2619 3424 2863 3508 peccati
2897 3423 3254 3500 delectatio,
3288 3427 3361 3485 in
3405 3444 3533 3504 qua
3563 3434 3757 3485 natus
3782 3444 3956 3492 sum,

2467 3544 2595 3588 non
2626 3525 2773 3599 De0‚
2811 3524 2919 3585 sed
2962 3524 3203 3585 mundo
3233 3542 3307 3584 ac
3337 3521 3631 3598 daemoni,
3668 3520 3959 3584 inficien-

2467 3624 2548 3685 do
2592 3640 2730 3685 esse
2771 3628 3011 3682 naturae
3050 3639 3162 3701 per
3204 3620 3371 3682 mala
3400 3619 3626 3700 culpat,
3663 3638 3776 3701 per
3816 3638 3957 3701 quae

2467 3720 2667 3796 carni,
2701 3719 2939 3781 mundo
2978 3737 3050 3780 ac
3094 3718 3367 3781 daemoni
3420 3717 3693 3791 vivitur3
3728 3728 3788 3777 et
3830 3738 3961 3777 nox

2468 3823 2541 3880 in
2572 3840 2702 3898 qua
2722 3820 2969 3878 dictum
2990 3827 3104 3887 esc,
3128 3820 3472 3895 Conceptus
3490 3827 3579 3877 esc
3599 3820 3804 3877 hom0.
3830 3814 3961 3878 Nox

2471 3918 2593 3979 ista
2621 3924 2713 3979 est
2758 3916 3007 3978 caecitas
3049 3914 3303 3990 mentiS,
3336 3934 3413 3977 ex
3453 3933 3582 3995 qua
3612 3913 3801 3995 culpa
3842 3912 3963 3975 ori-

2469 4016 2746 4097 ginatur.
2777 4013 3014 4077 Idcirco
3036 4014 3099 4074 in
3127 4021 3311 4075 nocte
3342 4012 3579 4075 dicitur
3608 4011 3797 4075 homo
3818 4030 3963 4074 con-

2472 4122 2715 4197 cept.uS‚
2751 4120 2817 4175 et
2862 4122 3045 4174 natus
3082 4112 3148 4172 in
3187 4110 3313 4188 die,
3357 4110 3511 4193 quia
3558 4129 3960 4192 nequaquam

875 4220 1037 4287 rant,
1081 4218 1145 4273 et
1186 4228 1328 4290 quae
1373 4208 1496 4271 sibi
1538 4208 1746 4270 adhuc
1798 4207 2014 4270 futura
2060 4216 2210 4269 sunt
2260 4225 2366 4268 ne-
2395 4214 2444 4274 D
2473 4213 2551 4275 ad
2608 4210 2850 4293 peccati
2900 4208 3384 4272 delectationem
3432 4214 3783 4290 raperetur,
3836 4207 3962 4268 nisi

876 4309 1136 4372 sciunt:
1181 4306 1362 4388 quasi
1415 4306 1703 4387 quaedam
1757 4306 2103 4383 volumina,
2158 4306 2220 4367 id
2271 4314 2367 4367 est

875 4405 1282 4469 abundantiae
1320 4405 1798 4483 cogitationum,
1835 4422 2130 4467 curarum
2176 4412 2239 4467 et
2279 4403 2367 4465 af-

811 4514 814 4517 ’
879 4505 1224 4568 fectionum
1259 4503 1457 4565 instar
1488 4522 1794 4584 aquarum
1829 4510 2189 4577 nascuntur,
2226 4521 2367 4584 quae

878 4606 943 4667 in
973 4603 1264 4666 moeroris
1297 4602 1542 4682 rugitus
1562 4602 1747 4684 quasi
1772 4601 1836 4664 in
1861 4601 2247 4683 subjectiora
2267 4601 2369 4663 lit-

876 4712 1013 4766 tora
1042 4701 1360 4765 defluunt.
1399 4704 1567 4771 Quia
1601 4704 1794 4761 timor
1823 4721 2010 4779 quem
2043 4704 2369 4770 timebam,

878 4802 942 4864 id
973 4810 1068 4864 est
1101 4800 1475 4864 formidatus
1511 4798 1808 4874 effectuS,
1841 4802 2052 4860 evenit
2082 4801 2283 4871 milzi;
2309 4810 2368 4861 et

876 4904 1047 4981 quod
1076 4902 1357 4970 verebar,
1393 4900 1632 4959 accidit
1663 4897 1843 4959 mihi.
1877 4897 2090 4959 Iustus
2122 4896 2214 4958 nil
2244 4916 2371 4959 am-

877 5000 1046 5082 plius
1077 5018 1270 5080 quam
1303 4997 1642 5078 displicere
1673 4997 1796 5058 Deo
1829 5004 1936 5058 aut
1969 4995 2246 5077 relinqui
2290 4996 2369 5058 ab

878 5118 954 5163 eo
1003 5098 1328 5162 formidat.
1363 5097 1540 5159 Unde
1585 5097 1652 5157 in
1695 5095 1851 5177 ipsis
1903 5094 2179 5175 flagellis
2214 5095 2371 5176 justi

879 5198 1106 5260 timore
1159 5197 1516 5273 turbantur,
1564 5214 1644 5258 ne
1699 5193 1860 5257 forte
1909 5194 2146 5256 malum
2201 5194 2372 5274 quod

881 5296 1228 5379 patiuntur,
1251 5313 1379 5358 non
1410 5294 1518 5376 pia
1547 5293 1904 5376 disciplinae
1925 5294 2235 5357 correctio
2263 5294 2367 5371 sit,

2474 4310 2652 4393 prius
2700 4330 2813 4391 per
2842 4308 3233 4372 voluntarias
3266 4307 3500 4370 mentis
3534 4307 3827 4369 tenebras
3871 4306 3965 4367 in—

2478 4409 2861 4471 firmaretur.
2923 4406 3209 4488 Denique
3266 4424 3443 4468 sacra
3501 4404 3825 4487 Scriptura
3886 4404 3965 4467 de

2475 4507 2735 4571 homine
2778 4505 3116 4587 tripliciter
3154 4504 3463 4585 loquitur.
3512 4503 3743 4575 Primo,
3766 4521 3966 4583 quan-

2475 4614 2610 4668 tum
2660 4605 2736 4667 ad
2787 4604 2849 4666 id
2906 4604 3075 4685 quod
3124 4611 3222 4665 est
3268 4621 3381 4684 per
3440 4611 3749 4677 naturam,
3800 4601 3967 4663 sicut

2475 4722 2678 4785 quum
2711 4700 3326 4765 diciturtFaciamus
3349 4699 3673 4763 hominem
3706 4699 3781 4761 ad
3814 4698 3965 4760 ima-

2476 4801 2690 4881 ginem
2713 4808 2775 4862 et
2805 4799 3290 4862 similitudinem
3322 4806 3626 4861 nostram.
3650 4796 3959 4869 Secundo,

2477 4899 2686 4982 quoad
2734 4899 2798 4960 id
2839 4898 3010 4978 quod
3053 4906 3146 4962 est
3182 4916 3293 4979 per
3338 4896 3616 4977 culpam,
3652 4904 3721 4957 ut
3766 4914 3963 4975 quum

3996 3412 4191 3455 moralis.

4014 4722 4123 4764 Gen.
4138 4738 4163 4765 1.
4184 4726 4247 4763 it.

2480 4997 2762 5077 loquitur
2791 4997 3020 5059 Paulus
3056 5014 3069 5057 ε
3103 4995 3306 5070 Quum
3350 4994 3432 5057 sit
3463 4994 3629 5057 inter
3656 5013 3769 5057 vos
3794 4993 3964 5056 zelus
3994 5010 4270 5083 leoena&

2481 5105 2544 5157 et
2588 5094 2933 5171 contentio,
2975 5113 3191 5157 nonne
3234 5092 3519 5156 carnales
3563 5092 3739 5168 estiS,
3772 5100 3835 5154 et
3876 5110 3969 5154 se-

2482 5195 2761 5257 cundum
2788 5194 3111 5257 hominem
3133 5193 3507 5257 ambulatis?
3530 5192 3750 5267 Tertio,
3775 5210 3971 5273 quan·

2486 5301 2621 5355 tum
2660 5292 2739 5355 ad
2782 5292 2847 5355 id
2892 5292 3062 5373 quod
3109 5300 3205 5355 est
3248 5310 3362 5374 per
3402 5289 3869 5366 infirmitatem,
3902 5296 3971 5351 ut
