4309 6259
627 1182 784 1225 Thr-en.
808 1197 834 1226 n

587 1246 629 1295 4,
651 1248 689 1288 5.

599 3164 682 3208 1012
701 3177 758 3215 m,
771 3164 839 3208 26.

890 484 1008 547 352

1769 504 2117 551 ENARRATIO
2161 504 2223 549 IN
2266 504 2403 550 CAP-

2451 503 2517 549 m
2556 503 2682 548 1013.
2729 522 2810 533 -—
2852 504 2994 549 Am.
3040 504 3105 550 XI

887 672 1163 735 tumultu
1227 680 1290 735 et
1345 672 1848 736 contradictione
1904 680 2313 755 peccatorum
2353 677 2377 735 2
2410 676 2457 736 Α
2566 674 2906 755 Hucusque
2936 672 3133 736 verba
3161 672 3623 736 Alberti.Circa
3649 692 3795 755 quae
3814 672 3961 735 mul-

887 772 1236 833 secundum
1268 770 1427 832 illud
1460 771 1527 833 in
1555 771 1822 848 Psalmo,
1848 770 2144 833 Obmutui
2178 779 2239 833 et
2268 772 2379 833 hu-

887 868 1167 931 miliatus
1199 888 1340 931 sum
1373 878 1436 931 et
1478 870 1626 931 silui
1655 890 1692 932 a
1727 870 1934 933 bonis.
1969 874 2078 940 Et,
2123 870 2372 952 supple,

885 974 1119 1045 tamen,
1157 970 1332 1029 venit
1369 988 1560 1046 super
1589 990 1686 1029 me
1725 971 2120 1046 indiynatiO,
2166 969 2230 1030 id
2282 977 2379 1031 est

885 1067 1070 1148 plaga
1127 1085 1203 1130 ex
1261 1067 1722 1147 indignatione,
1777 1076 1967 1148 prout
2023 1068 2261 1130 dicitur
2308 1068 2373 1130 in

840 1216 850 1235 ‚
883 1165 1152 1228 Threnis
1189 1184 1202 1227 :
1239 1164 1487 1228 Effudit
1523 1165 1707 1247 quasi
1742 1166 1954 1245 ignem
1993 1165 2377 1245 indignatio-

883 1282 1030 1327 nem
1062 1283 1282 1339 suam;
1320 1263 1526 1326 factus
1557 1272 1652 1326 est
1680 1264 1982 1327 Dominus
2029 1264 2207 1327 velut
2253 1264 2374 1327 ini—

879 1362 1107 1425 micuS.
1141 1363 1281 1425 Haec
1324 1362 1482 1425 dixit
1521 1362 1659 1441 Job,
1696 1371 1767 1425 ut
1808 1362 2142 1427 materiam
2191 1364 2373 1427 daret

878 1461 1374 1543 disputantibus.

2486 780 2549 834 ta
2592 780 2954 849 occurrunt,
2990 790 3131 853 quae
3177 772 3635 834 dubitationem
3686 780 3751 833 et
3796 770 3964 834 diffi-

2486 870 2785 933 cultatem
2820 870 3129 933 inducunt
3156 888 3170 932 τ
3196 869 3492 933 videntur
3512 870 3683 933 enim
3708 890 3821 951 pro
3843 890 3961 933 ma-

2485 988 2612 1051 gna
2636 977 2816 1051 parte
2845 978 3011 1032 stare
3042 988 3170 1031 non
3202 988 3390 1051 posse
3422 978 3490 1031 ut
3520 978 3769 1032 sonant.
3796 970 3961 1033 Unde

2485 1087 2627 1149 quae
2662 1068 2863 1131 menti
2895 1068 2998 1131 vel
3042 1068 3213 1131 circa
3248 1068 3349 1131 vel
3388 1076 3606 1131 eontra
3644 1088 3720 1131 ea
3756 1087 3962 1131 occur-

2487 1176 2656 1243 runt,
2690 1167 2971 1232 breviter
2998 1175 3274 1247 tangam,
3302 1185 3430 1229 non
3465 1176 3534 1229 ut
3561 1175 3736 1230 tanto
3764 1168 3963 1231 docto-

2484 1266 2538 1327 ri
2568 1266 2636 1328 in
2666 1266 2882 1347 aliquo
2914 1265 3476 1330 irreverentialiter
3513 1265 3958 1341 contradicam,

2482 1365 2590 1427 sed
2622 1372 2693 1427 ut
2723 1384 2838 1446 per
2867 1364 3349 1446 inquisitionem
3382 1363 3825 1427 scholasticam
3864 1383 3964 1429 ve-

2480 1462 2633 1524 ritas
2666 1481 2861 1525 saerae
2892 1462 3231 1544 Scripturae
3261 1461 3495 1524 clarius
3528 1460 3905 1526 innotescat.

1997 1894 2645 1981 ARTICULUS
2722 1895 2845 1979 XI

1262 2172 1661 2219 INTnonuc‘rlo
1704 2170 2011 2218 DUBIORUM
2058 2171 2131 2215 ET
2174 2170 2654 2216 mrmcum’a‘run
2696 2168 2873 2215 cmm
2915 2170 3305 2217 PRAESGRIPTA
3348 2172 3569 2217 VERBA.

999 2450 1191 2516 RIMO
1221 2461 1524 2535 praeterea
1572 2451 1776 2515 oritur
1810 2449 2167 2513 difficultas
2199 2448 2365 2511 eirea
2405 2448 2450 2509 B
2476 2450 2717 2532 quitur.
2753 2451 2920 2513 [stud
2953 2470 3081 2515 non
3111 2452 3365 2516 videtur
3394 2452 3667 2517 firmiter
3696 2454 3957 2533 dictum,

1017 2551 1282 2616 verbum
1302 2550 1566 2625 Alberti‚
1591 2569 1720 2630 quo
1753 2550 1864 2627 ait,
1883 2549 2055 2631 quod
2085 2548 2201 2611 Job
2222 2566 2368 2611 con-

871 2650 1161 2731 queritur
1190 2651 1268 2713 de
1299 2651 1440 2725 hoc,
1476 2648 1648 2730 quod
1687 2657 1862 2710 aetus
1908 2648 2004 2709 sui
2046 2666 2173 2710 non
2203 2646 2368 2728 judi-

871 2756 1097 2809 cantur
1137 2768 1174 2809 a
1216 2748 1341 2810 Deo
1382 2747 1732 2810 secundum
1774 2746 2066 2822 formam,
2101 2745 2363 2808 modum

871 2865 982 2908 seu
1013 2846 1302 2909 ordinem
1325 2845 1620 2909 humanae
1650 2844 1935 2927 justitiae.
1955 2843 2365 2919 Querimonia

871 2944 1042 3006 enim
1073 2944 1325 3007 videtur
1360 2944 1774 3026 impatientiae
1805 2963 1964 3006 esse.
1997 2943 2113 3006 Joh
2147 2951 2359 3005 autem

869 3044 948 3105 de
997 3042 1306 3124 patientia
1349 3042 1808 3125 specialissime
1850 3042 2353 3118 commendatur,

868 3159 985 3203 nec
1015 3140 1094 3202 ab
1123 3160 1198 3204 ea
1217 3140 1523 3203 cecidisse
1551 3142 1877 3217 asseritur,
1899 3140 2064 3203 sicut
2092 3139 2221 3220 jam
2255 3158 2358 3220 pa-

867 3239 1240 3302 tuit.Verum
1263 3240 1497 3320 aliquis
1516 3239 1726 3302 dicere
1744 3246 1959 3321 potest,
1975 3239 2140 3319 quod
2164 3238 2355 3300 etiam

865 3337 949 3399 sit
976 3338 1267 3419 quaedam
1300 3338 1405 3420 pia
1444 3338 1704 3420 querela
1743 3357 1819 3401 ex
1847 3338 2110 3401 caritate
2148 3344 2213 3399 et
2242 3337 2357 3397 hu-

862 3436 1131 3499 militate
1162 3438 1532 3519 procedenS,
1569 3446 1640 3499 ut
1666 3456 1867 3519 quum
1910 3436 2052 3518 quis
2090 3434 2351 3498 fratrem

2475 2550 2646 2631 quod
2678 2550 2921 2613 seilicet
2949 2550 3049 2615 vir
3085 2558 3274 2614 tantae
3317 2549 3731 2633 perfectionis
3760 2573 3835 2617 ac
3864 2574 3963 2617 sa-

2475 2648 2733 2729 pientiae
2776 2657 3118 2730 antequam
3159 2648 3424 2731 praefato
3470 2651 3657 2713 modo
3708 2650 3963 2733 afflige-

2474 2755 2673 2823 retur,
2734 2747 3031 2811 nescierit
3088 2748 3407 2825 ordinem,
3471 2768 3836 2831 processum
3898 2762 3961 2815 et

2471 2846 2730 2907 modum
2780 2846 3013 2911 divinae
3070 2846 3333 2927 justitiae
3384 2846 3761 2911 dissimilem
3819 2869 3959 2913 esse

2469 2944 2659 3007 modo
2689 2953 2751 3007 et
2782 2945 2991 3007 ordini
3020 2945 3284 3027 justitiae
3314 2946 3621 3022 humanae,
3638 2955 3831 3027 atque
3850 2947 3960 3010 hu-

2470 3061 2720 3104 manam
2766 3042 3081 3124 justitiam
3126 3043 3190 3105 in
3235 3042 3566 3106 infinitum
3605 3042 3885 3109 deficere
3920 3067 3957 3109 a

2467 3141 2704 3203 divina.
2738 3142 3062 3219 Praeterea,
3100 3160 3433 3223 processus
3463 3152 3526 3205 et
3554 3143 3707 3205 ordo
3738 3144 3958 3208 huma-

2468 3258 2565 3302 nae
2600 3239 2865 3321 justitiae
2906 3248 3022 3316 est,
3060 3250 3129 3302 ut
3178 3240 3338 3302 nulli
3384 3239 3717 3319 infligatur
3763 3262 3955 3325 poena

2468 3338 2588 3399 nisi
2624 3358 2739 3420 pro
2782 3339 2993 3421 culpa.
3029 3338 3089 3401 Si
3126 3357 3277 3419 ergo
3306 3339 3423 3401 Job
3456 3339 3662 3421 primo
3704 3343 3953 3422 putavit

2465 3456 2533 3499 se
2560 3436 2830 3517 judicari
2861 3436 3092 3500 debere
3121 3458 3156 3500 a
3186 3438 3314 3500 Deo
3343 3437 3693 3500 seeundum
3732 3439 3955 3503 huma-

860 3542 1243 3616 peccantem,
1260 3536 1338 3597 de
1359 3535 1498 3618 ejus
1519 3535 1883 3599 excessibus
1904 3534 2354 3615 conquerendo
2465 3556 2609 3597 nam
2641 3535 2978 3617 justitiam,
3014 3535 3243 3599 fuisset
3282 3534 3567 3617 ejusdem
3598 3536 3947 3618 opinioniS,

859 3632 1177 3715 spirituali
1210 3633 1395 3715 patri,
1431 3634 1762 3696 caritative
1793 3640 2066 3708 accusat,
2104 3630 2204 3696 vel
2239 3630 2356 3693 hu-
2385 3634 2429 3697 C
2463 3634 2592 3697 imo
2621 3634 2877 3711 erroriS,
2903 3634 3086 3715 cujus
3118 3643 3181 3696 et
3202 3634 3301 3695 sui
3331 3634 3519 3697 amici
3553 3634 3615 3697 id
3639 3636 3953 3700 aestiman-

858 3731 1029 3793 milis
1062 3732 1139 3795 de
1171 3731 1402 3794 humili
1448 3732 1886 3813 conqueritur,
1919 3731 2090 3812 quod
2135 3729 2354 3792 omnia
2462 3742 2577 3808 teS,
2610 3734 2959 3795 secundum
2990 3732 3319 3808 Thomam,
3352 3731 3455 3795 vel
3501 3732 3723 3796 saltem
3764 3736 3951 3816 cujus

858 3832 935 3893 ad
967 3830 1394 3893 humilitatem
1433 3830 1786 3913 spectantia
1813 3848 2007 3911 opera
2045 3828 2169 3890 sibi
2203 3847 2353 3909 prae-
2461 3839 2524 3892 et
2552 3829 2835 3911 Eliphaz,
2870 3830 2933 3892 id
2974 3829 3316 3907 aestimanS,
3352 3831 3701 3893 secundum
3730 3831 3951 3896 Alber-

857 3930 1068 4011 ripiat,
1107 3949 1225 3992 nec
1265 3949 1332 3992 se
1371 3928 1617 4012 aliquid
1665 3928 1890 3992 talium
1931 3944 2116 4007 agere
2158 3926 2347 3989 sinat.
2459 3937 2592 3989 tum
2625 3929 2794 3991 hunc
2825 3928 3058 4010 ipsum.
3084 3928 3213 3991 Hoc
3234 3928 3408 3990 enim
3429 3929 3530 3992 vel
3552 3946 3772 3992 omnes
3796 3940 3943 4008 treS,

855 4028 974 4092 Sed
1015 4036 1274 4111 propter
1314 4046 1534 4111 poenas
1565 4048 1601 4090 a
1631 4028 1757 4091 Deo
1802 4026 2042 4089 directe
2074 4026 2177 4090 vel
2218 4044 2352 4107 per·
2458 4027 2558 4091 vel
2588 4027 2849 4109 Eliphaz
2893 4026 3113 4103 sensit,
3155 4027 3323 4107 quod
3370 4026 3663 4090 homines
3704 4029 3950 4110 judica—

851 4127 1114 4190 missive
1147 4126 1451 4205 inflictaS,
1477 4125 1806 4208 conqueri,
1843 4124 2349 4207 reprehensibile

851 4244 990 4288 esse
1012 4225 1285 4301 videtur,
1304 4234 1367 4289 et
1389 4224 1718 4307 potissime
1737 4224 1818 4287 de
1847 4223 2069 4286 divino
2099 4223 2347 4304 judicio

853 4342 972 4386 con
1024 4342 1184 4386 ueri.

931 4342 1195 4503 hilsuper
1223 4421 1426 4483 oritur
1469 4419 1828 4482 difficultas
1875 4419 2044 4482 circa
2071 4418 2339 4483 verbum

850 4520 1114 4596 Alberti,
1148 4538 1278 4602 quo
1315 4520 1423 4597 ait,
1457 4520 1628 4601 quod
1657 4518 1771 4581 Job
1820 4526 2060 4600 postea,
2098 4517 2343 4581 scilicet

851 4618 1120 4681 sanitate
1151 4619 1377 4701 adepta
1406 4618 1506 4682 vel
1537 4618 1817 4694 circiter,
1850 4616 2101 4679 rediens
2131 4617 2212 4679 ad
2242 4636 2345 4681 ve-

853 4737 994 4780 rum
1052 4717 1477 4795 intellectum,
1529 4718 1654 4779 Deo
1701 4716 1969 4779 docente
2019 4715 2337 4794 cognovit,

2457 4135 2677 4187 rentur
2696 4145 2733 4187 a
2753 4126 2877 4188 Deo
2900 4125 3249 4189 secundum
3271 4144 3633 4207 processum
3658 4126 3949 4191 humanae

2456 4223 2739 4304 justitiae,
2778 4224 2863 4286 ita
2907 4223 3225 4299 videlicet,
3258 4224 3430 4305 quod
3462 4224 3625 4287 Deus
3656 4226 3817 4287 nulli
3851 4226 3949 4288 in-

2459 4321 2712 4402 fligeret
2754 4340 3010 4404 poenam
3050 4322 3174 4383 nisi
3218 4340 3335 4403 pro
3374 4321 3561 4404 culpa
3596 4339 3611 4384 :
3648 4325 3817 4403 quod
3856 4344 3949 4387 er-

2455 4440 2719 4483 roneum
2770 4419 2935 4495 suit3
2983 4440 3098 4483 nec
3133 4420 3249 4483 Job
3298 4420 3473 4482 illius
3513 4420 3637 4482 fuit
3684 4423 3939 4500 erroriS,

2454 4518 2618 4581 sicut
2646 4527 2820 4602 patet
2839 4538 2915 4582 ex
2944 4519 3043 4580 his
3067 4538 3209 4599 quae
3238 4518 3305 4580 in
3324 4518 3721 4601 expositione
3749 4522 3941 4601 primi

2453 4617 2716 4698 capituli
2748 4616 2918 4679 dicta
2947 4625 3095 4679 sunt
3121 4617 3293 4679 circa
3323 4617 3515 4681 verba
3540 4617 3678 4680 Job.

2532 4716 2821 4798 Amplius
2852 4716 3054 4779 oritur
3082 4715 3435 4779 difficultas
3474 4716 3643 4780 circa
3671 4716 3939 4781 verbum

849 4817 1021 4898 quod
1040 4817 1192 4880 ordo
1211 4815 1440 4880 divinae
1455 4816 1718 4897 justitiae
1739 4816 1987 4897 penitus
2010 4812 2342 4877 dissimilis
2372 4821 2421 4883 D
2453 4814 2714 4891 Alberti‚
2735 4814 3028 4892 dicentiS,
3056 4814 3223 4895 quod
3256 4815 3323 4876 in
3355 4813 3489 4877 sine
3519 4834 3587 4879 se
3619 4816 3825 4898 ipsum
3850 4836 3941 4879 re-

849 4923 945 4976 est
973 4914 1182 4977 ordini
1211 4914 1476 4996 Justitiae
1505 4913 1839 4987 humanae3
1882 4920 1944 4975 et
1974 4912 2115 4975 ideo
2149 4912 2339 4975 homo
2451 4913 2789 4995 prehendit
2826 4922 3017 4995 atque
3052 4913 3373 4996 poenituit,
3412 4932 3487 4977 eo
3514 4915 3686 4995 quod
3728 4914 3939 4977 taliter

849 5031 976 5076 non
1020 5013 1247 5076 debeat
1286 5012 1558 5094 judicari
1590 5030 1627 5073 a
1653 5012 1781 5073 Deo
1823 5011 2175 5073 secundum
2226 5010 2341 5072 hu-

848 5130 1052 5175 manae
1075 5110 1392 5192 aequitatis
1424 5128 1792 5193 processum
1830 5125 1844 5170 :
1880 5128 1956 5171 cu
1961 5110 2064 5189 jus
2093 5108 2342 5190 opposi-
2450 5110 2719 5192 impium
2753 5111 2910 5192 ipse,
2938 5110 3181 5173 seilicet
3211 5111 3395 5187 DeuS,
3420 5111 3821 5173 condemnat.
3846 5110 3936 5172 Ex

849 5218 980 5271 tum
1015 5210 1080 5271 in
1122 5209 1440 5291 principio
1481 5228 1610 5271 suae
1654 5207 2039 5291 plagationis
2092 5207 2339 5289 putavit
2446 5226 2576 5291 quo
2606 5208 2788 5289 sequi
2819 5208 3091 5284 videtur,
3116 5208 3283 5289 quod
3304 5208 3421 5271 Job
3451 5208 3769 5289 loquendo
3790 5227 3935 5289 quae

847 5306 985 5385 Job,
1026 5314 1098 5369 ut
1136 5326 1212 5370 ex
1256 5308 1468 5371 verbis
1515 5306 1795 5369 inductis
1823 5306 2066 5369 Alberti
2105 5308 2342 5368 conse-‘
2446 5306 2569 5369 isto
2598 5306 2961 5369 scribuntur
3003 5306 3190 5383 libro,
3224 5306 3513 5388 peccavit
3546 5323 3561 5367 ε
3595 5306 3777 5386 qu'us
3816 5323 3934 5388 op-

3991 4640 4087 4685 lob
4106 4656 4133 4693 ι,
4150 4646 4221 4686 2¹.

2450 5011 2669 5089 sensit,
2719 5020 2781 5075 et
2824 5011 3129 5093 quoniam
3177 5012 3336 5074 dixit
3372 5030 3385 5073 :
3416 5012 3824 5075 Innocentem
3872 5021 3937 5075 et
3966 5029 4268 5093 thamsa
