4309 6259
854 483 975 549 7118

854 673 1150 734 Articulus
1176 674 1294 731 VII.
1324 672 1619 746 Expositio
1658 672 1927 731 litteralis
1962 672 2201 746 capituli

924 763 1165 822 secundi
1191 765 1468 821 :Factum
1499 767 1587 821 est
1612 767 1809 821 autem
1840 779 2024 836 quum
2055 779 2198 836 qua—

924 855 1063 911 dam
1101 854 1195 911 die
1235 853 1531 910 venissent
1577 853 1681 909 filii
1734 852 1856 919 nei,
1893 855 1952 910 et
1986 855 2209 910 starent

924 960 1119 1000 coram
1152 943 1401 998 Domino
1443 984 2199 998 .........
2241 942 2344 998 331

852 1033 1147 1091 Articulus
1172 1034 1314 1088 VlII.
1356 1032 1434 1090 De
1471 1032 1760 1104 spirituali
1808 1049 1914 1089 seu
1958 1031 2205 1104 mystico

923 1123 1185 1196 ejusdem
1220 1121 1460 1194 capituli
1490 1121 1732 1178 secundi
1763 1120 2061 1178 intellectu
2094 1164 2106 1176 .
2189 1165 2200 1176 .
2243 1121 2348 1177 337

853 1211 1151 1268 Articqus
1196 1211 1283 1266 IX.
1335 1210 1631 1282 Expositio
1686 1209 1925 1281 capituli
1980 1209 2137 1268 tertii
2187 1227 2201 1266 :

924 1301 1059 1356 Post
1094 1299 1219 1356 haec
1256 1299 1485 1371 aperuit
1524 1299 1627 1354 101)
1668 1315 1733 1354 os
1767 1315 1963 1364 suum,
1994 1301 2053 1355 et
2080 1315 2206 1356 ma-

924 1387 1129 1446 ledixit
1157 1388 1270 1446 dici
1301 1405 1406 1445 suo
1443 1430 2202 1444 .........
2242 1389 2351 1445 340

856 1479 1153 1536 Articulus
1179 1479 1244 1534 X.
1267 1479 1346 1535 De
1363 1477 1555 1535 verbis
1583 1477 1800 1535 Alberti
1829 1477 2021 1550 Magni
2051 1477 2207 1534 circa

925 1569 1348 1644 expositionem
1380 1568 1683 1641 praesentis
1712 1568 1949 1640 capituli
2002 1611 2013 1623 .
2093 1611 2106 1622 .
2189 1611 2202 1623 .
2243 1569 2351 1624 348

854 1658 1147 1714 Articulus
1167 1657 1257 1712 XI.
1284 1657 1640 1714 Introductio
1671 1657 1987 1713 dubiorum
2017 1659 2075 1714 et
2102 1655 2209 1712 dir-

926 1747 1249 1804 ficultatum
1282 1746 1439 1803 circa
1466 1745 1807 1818 praescripta
1824 1747 2017 1802 verba.
2096 1789 2108 1801 .
2191 1789 2203 1801 .
2244 1747 2351 1802 352

856 1836 1149 1893 Articulus
1186 1836 1301 1891 XII.
1350 1837 1427 1892 De
1476 1835 1836 1907 expositione
1874 1837 1931 1891 S.
1972 1835 2208 1892 Thomoe

926 1925 1083 1982 circa
1120 1925 1274 1982 idem
1316 1925 1638 1996 capitulum
1648 1967 2205 1980 .......
2245 1926 2353 1981 356

856 2014 1149 2072 Articulus
1187 2015 1328 2070 XIII.
1371 2014 1523 2080 Quid
1566 2015 1636 2071 de
1688 2013 1987 2072 intellectu
2031 2013 2209 2088 hujus

928 2103 1165 2177 capituli
1206 2103 1613 2160 rationabilius
1660 2103 1883 2160 dictum
1920 2103 2204 2160 videatur.
2246 2104 2353 2160 360

856 2193 1149 2250 Articulus
1178 2194 1315 2248 XIV.
1357 2193 1652 2265 Expositio
1691 2193 1928 2265 capituli
1968 2193 2160 2265 quarti
2191 2211 2205 2250 ε

926 2284 1304 2354 Respondens
1331 2285 1529 2339 autem
1559 2282 1798 2354 Eliphaz
1816 2281 2205 2347 Themanites,

927 2371 1076 2428 dixit
1083 2413 2206 2427 .............
2247 2372 2354 2427 363

857 2461 1152 2518 Articulus
1179 2461 1289 2516 XV.
1331 2459 1626 2533 Expositio
1665 2460 1932 2517 litteralis
1970 2459 2208 2532 capituli

927 2547 1118 2621 quinti
1160 2564 1174 2604 ε
1210 2549 1371 2603 Voca
1408 2563 1565 2620 erge,
1608 2547 1657 2602 si
1701 2550 1788 2604 est
1830 2546 1930 2619 qui
1973 2545 2079 2602 tibi
2122 2563 2211 2603 re-

931 2639 1215 2710 spondeat
1254 2677 2205 2692 ...........
2248 2637 2355 2693 374

858 2727 1155 2784 Articulus
1194 2727 1333 2782 XVI.
1373 2725 1615 2798 Mystica
1659 2726 1920 2798 ejusdem
1970 2725 2208 2798 capituli

929 2816 1261 2890 explanatio
1352 2857 2207 2872 ..........
2248 2817 2356 2873 384

860 2907 1155 2964 Articulus
1182 2906 1346 2961 XVII.
1378 2904 1720 2976 Explanatio
1759 2906 2025 2963 litteralis
2062 2905 2212 2978 capi-

929 2996 1036 3053 tuli
1104 2995 1251 3053 sexti
1308 3012 1322 3051 :
1382 2996 1757 3066 Respondens
1821 2999 2020 3053 autem
2085 2997 2208 3060 101),

862 3089 1385 3232 Atticam:
1418 3127 2214 3248 131..31.....;.j·..;1..;..;..12
2249 3085 2356 3142 ³⁹⁰

932 3265 1039 3322 tuli
1070 3263 1219 3322 sexti
1250 3264 1497 3337 mystica
1536 3307 2207 3321 ........
2249 3266 2356 3321 396

862 3353 1157 3412 Articulus
1199 3355 1335 3408 XIX.
1376 3352 1699 3410 Elucidatio
1746 3353 2013 3410 litteralis
2057 3353 2212 3427 capi-

932 3443 1039 3500 tuli
1088 3442 1320 3515 septimi
1360 3459 1374 3498 :
1416 3442 1620 3499 MiIItia
1659 3446 1748 3500 est
1791 3442 1910 3499 vita
1953 3442 2213 3499 hominis

932 3548 1108 3604 super
1144 3535 1361 3588 terram
1448 3575 2209 3589 .........
2249 3533 2352 3590 401

861 3621 1157 3679 Articulus
1202 3623 1312 3678 XX.
1365 3622 1444 3679 De
1500 3621 1797 3678 intellectu
1850 3621 2212 3694 tropologico

932 3712 1199 3785 ejusdcm
1238 3711 1477 3783 capituli
1516 3709 1748 3784 septimi
1812 3753 2206 3767 .....
2249 3711 2356 3768 409

863 3801 1158 3858 Articulus
1184 3801 1319 3857 XXI.
1366 3800 1659 3872 Expositio
1698 3799 1937 3872 capituli
1977 3801 2162 3856 octavi
2195 3817 2209 3856 t

932 3893 1312 3964 Respondens
1353 3893 1549 3947 autem
1589 3889 1809 3946 Baldad
1848 3889 2094 3954 Subites,
2128 3890 2217 3946 di·

930 3980 1017 4037 xit
1058 4020 2209 4036 .............
2249 3981 2358 4035 415

859 4069 1155 4127 Articulus
1178 4070 1341 4125 XXII.
1364 4068 1601 4141 Mystica
1618 4068 1928 4126 elucidatio
1948 4069 1996 4141 ej
2005 4071 2212 4126 usdem

932 4159 1170 4232 capituli
1210 4158 1393 4214 octavi
1437 4201 2210 4214 .........
2250 4159 2352 4215 421

818 4319 824 4326 ⁸
862 4248 1156 4307 Articulus
1184 4248 1375 4303 XXIII.
1410 4246 1731 4304 Declaratio
1762 4247 1999 4320 capituli
2031 4247 2209 4304 noni:

930 4339 999 4394 Et
1031 4338 1391 4409 respondens
1426 4337 1549 4401 Job,
1579 4337 1661 4392 ait
1692 4354 1705 4393 :
1736 4338 1879 4394 Vere
1906 4336 2025 4392 scio
2055 4338 2213 4410 quod

861 4430 1163 4574 Arlttitsllsss·
1176 4469 1361 4571 XXIV..
1386 4466 1462 4572 De
1484 4467 2218 4588 100το11151006ωέ510νί10
2252 4426 2360 4482 ⁴25

934 4606 1197 4678 eiusdem
1238 4603 1475 4677 capituli
1506 4604 1647 4661 noni
1726 4645 2214 4662 ......
2253 4607 2362 4662 438

864 4693 1159 4752 Articulus
1187 4694 1346 4749 XXV.
1386 4693 1708 4751 Elucidatio
1755 4693 2020 4750 litteralis
2062 4694 2218 4767 capi-

936 4779 1045 4841 tuli
1085 4782 1298 4840 decimi
1332 4799 1345 4838 :
1383 4783 1577 4839 Taedet
1610 4782 1875 4839 animam
1912 4800 2105 4840 meam
2135 4783 2218 4839 vi-

935 4876 1012 4928 tae
1042 4887 1190 4929 meae
1247 4913 2214 4928 ...........
2256 4874 2363 4930 446

866 4960 1161 5018 Articulus
1188 4961 1374 5018 XXVI.
1420 4961 1498 5018 De
1544 4961 1788 5034 mystico
1827 4961 2091 5034 ejusdem
2131 4979 2220 5018 ca-

940 5049 1110 5124 pituli
1139 5049 1353 5108 decimi
1384 5049 1685 5107 intellectu
1725 5092 2215 5107 ......
2257 5052 2366 5108 454

868 5140 1162 5197 Articulus
1200 5140 1410 5196 XXVII.
1454 5139 1777 5196 Elucidatio
1825 5139 2092 5198 litteralis
2128 5158 2223 5197 ca-

943 5228 1113 5302 pituli
1171 5228 1469 5286 undecimi
1518 5245 1532 5284 2
1592 5230 1967 5301 Respondens
2021 5233 2221 5286 autem

946 5318 1173 5394 Sophar
1208 5317 1627 5387 Naamathites,
1669 5318 1819 5375 dixit
1824 5359 2219 5378 .....
2259 5320 2367 5378 464

2120 499 2306 548 mnnx
2347 499 2682 550 omnus

2455 673 2751 732 Articulus
2769 675 3008 732 XXVIII.
3030 675 3111 733 De
3137 674 3427 748 spirituali
3455 675 3634 749 hujus
3649 673 3806 748 capi·

2525 762 2633 821 tuli
2665 763 2964 822 undecimi
2993 765 3380 837 intelligentia
3409 805 3803 821 .....
3839 765 3940 822 470

2456 853 2750 910 Articulus
2786 855 2973 909 XXIX.
3011 853 3334 911 Declaratio
3375 855 3614 927 capituli
3663 855 3808 912 duo·

2527 943 2739 1000 decimi
2792 960 2806 998 t
2856 944 3234 1016 Respondens
3292 948 3490 1002 autem
3539 945 3663 1009 101),
3711 943 3806 1000 di-

2528 1032 2616 1088 xit
2665 1073 3804 1089 .............
3841 1035 3942 1089 475

2456 1120 2750 1176 Articulus
2797 1121 2957 1176 XXX.
3009 1119 3087 1178 De
3137 1121 3498 1195 tropologica
3541 1121 3807 1194 ejusdem

2527 1210 2768 1283 capituli
2799 1211 3131 1268 duodecimi
3163 1211 3553 1285 intelligentia
3604 1255 3618 1268 .
3697 1255 3709 1266 .
3791 1255 3806 1266 .
3845 1211 3946 1266 483

2456 1299 2751 1358 Articulus
2779 1301 2964 1356 XXXI.
3005 1301 3329 1358 Elucidatio
3365 1302 3603 1374 capituIi
3632 1301 3811 1358 tertii-

2527 1389 2740 1447 decimi
2774 1407 2788 1445 ε
2819 1391 2962 1446 Ecce
3001 1390 3204 1447 omnia
3247 1390 3374 1446 hoec
3416 1391 3563 1447 vidit
3604 1390 3812 1447 oculus

2527 1496 2713 1542 meus,
2745 1483 2802 1536 et
2829 1479 3053 1536 audivit
3079 1479 3241 1536 auris
3278 1497 3412 1537 mes.
3417 1523 3806 1537 .....
3845 1481 3948 1536 489

2455 1569 2752 1626 Articulus
2789 1570 3001 1625 XXXII.
3043 1570 3120 1626 De
3171 1569 3502 1643 tropologia
3545 1570 3810 1644 ejusdem

2528 1659 2767 1731 capituli
2804 1657 3179 1715 tertiidecimi
3228 1701 3806 1715 .......
3845 1659 3952 1714 499

2457 1747 2753 1804 Articulus
2782 1747 3020 1803 XXXIII.
3061 1747 3384 1805 Elucidatio
3422 1746 3690 1805 litteralis
3723 1765 3813 1804 ca·

2530 1837 2699 1911 pituli
2738 1835 3147 1910 quartidecimi
3180 1853 3194 1892 t
3225 1839 3433 1894 Breves
3466 1837 3590 1895 dies
3621 1836 3812 1894 homi-

2532 1927 2624 1984 nis
2661 1929 2799 1981 sunt
2847 1969 3808 1983 ...........
3847 1926 3952 1982 504

2458 2015 2753 2072 Articulus
2785 2014 3019 2069 XXXIV.
3061 2014 3140 2072 De
3182 2015 3510 2072 moralitate
3547 2015 3812 2088 ejusdem

2531 2103 2767 2176 capituli
2808 2104 3219 2177 quartidecimi
3227 2147 3808 2162 .......
3847 2105 3951 2160 510

2459 2193 2753 2250 Articulus
2781 2193 2988 2249 XXXV.
3013 2193 3333 2250 Declaratio
3363 2194 3628 2251 litteralis
3657 2193 3814 2265 capi-

2530 2283 2637 2340 tuli
2686 2283 3094 2354 quintidecimi
3133 2299 3149 2339 z
3189 2285 3566 2355 Respondeas
3611 2286 3810 2339 autem

2531 2371 2765 2444 Eliphaz
2791 2371 3180 2438 Themanites,
3211 2373 3358 2429 dixit
3413 2414 3810 2429 .....
3849 2374 3952 2428 513

2461 2461 2754 2518 Articulus
2788 2462 3022 2517 XXXVI.
3063 2463 3141 2518 De
3181 2461 3508 2519 moralitate
3546 2462 3812 2536 ejusdem

2532 2549 2772 2623 capituli
2810 2549 3217 2622 quintidecimi
3227 2593 3810 2608 .......
3849 2553 3954 2608 520

2461 2639 2756 2696 Articulus
2783 2640 3044 2695 XXXVII.
3085 2639 3381 2713 Expositio
3417 2640 3684 2698 litteralis
3721 2657 3815 2697 ca-

2533 2728 2702 2801 pituli
2743 2728 3102 2786 sextidecimi
3145 2747 3159 2786 :
3201 2731 3573 2802 Respondens
3615 2733 3812 2787 autem

2531 2819 2654 2884 101),
2688 2819 2839 2875 dixit
2853 2861 3812 2876 ...........
3850 2821 3954 2876 525

2462 2907 2757 2965 Articulus
2800 2909 3086 2964 XXXVIII.
3137 2909 3216 2965 De
3263 2909 3509 2982 mystica
3549 2908 3814 2982 ejusdem

2534 2997 2773 3069 capituli
2814 2997 3178 3054 sextidecimi
3219 2998 3622 3071 intelligentia.
3703 3042 3716 3054 .
3797 3041 3812 3054 .
3849 2998 3952 3054 530

2463 3086 2760 3145 Articulus
2780 3087 3012 3142 XXXIX.
3045 3087 3342 3159 Expositio
3371 3087 3639 3144 litteralis
3665 3087 3818 3159 capi-

2533 3176 2643 3234 tuli
2674 3176 3128 3250 septimidecimi
3161 3195 3174 3233 :
3209 3176 3457 3250 Spiritus
3487 3194 3654 3235 meus
3678 3181 3816 3235 aue-

2535 3265 2816 3323 nuabitur
2849 3305 3810 3323 ...........
3849 3267 3952 3322 535

2464 3354 2760 3411 Articulus
2785 3355 2895 3410 XL.
2915 3353 2993 3410 De
3015 3353 3342 3412 moraIItate
3371 3354 3632 3428 ejusdem
3665 3353 3816 3426 capi-

2536 3443 2646 3500 tuli
2673 3442 3125 3516 septimidecimi
3133 3486 3809 3500 ........
3849 3443 3954 3499 540

2464 3532 2760 3591 Articulus
2789 3533 2922 3589 XLI.
2963 3532 3286 3590 Elucidatio
3326 3532 3563 3604 capItuli
3603 3531 3816 3588 octavi-

2536 3621 2747 3679 decimi
2783 3640 2795 3678 :
2829 3623 3206 3695 Respondens
3235 3625 3431 3679 autem
3459 3621 3678 3679 Baldad
3709 3623 3815 3679 Su-

2534 3711 2701 3777 hites,
2735 3711 2885 3768 dixit
2947 3753 3812 3768 ..........
3851 3713 3954 3770 545

2464 3801 2759 3857 Articulus
2805 3801 2965 3857 XLII.
3018 3800 3096 3857 De
3142 3800 3498 3873 tropologico
3552 3800 3814 3874 eJusdem

2536 3890 2774 3962 capituli
2814 3889 3216 3946 octavidecimi
3257 3889 3554 3947 intellectu
3603 3931 3620 3946 .
3702 3934 3715 3946 .
3797 3933 3810 3946 .
3851 3891 3954 3948 549

2465 3979 2762 4036 Articulus
2790 3979 2976 4035 XLIII.
3000 3978 3344 4050 Explanatio
3375 3977 3642 4036 litteralis
3667 3979 3819 4052 capi-

2537 4067 2644 4126 tuli
2705 4067 3061 4124 nonidecimi
3113 4085 3126 4125 :
3187 4068 3564 4140 Respondens
3617 4072 3814 4125 autem

2537 4158 2660 4223 101),
2704 4157 2854 4214 dixit
2869 4200 3814 4213 ...........
3851 4160 3951 4214 551

2467 4246 2762 4303 Articulus
2790 4247 2973 4303 XLIV.
3007 4247 3085 4303 De
3116 4245 3410 4319 mysteriis
3437 4246 3702 4319 eJusdem
3731 4265 3820 4304 ca-

2540 4335 2707 4409 pituli
2749 4335 3106 4392 nonidecImi
3151 4379 3814 4392 ........
3853 4337 3956 4393 557

2466 4426 2761 4483 Articulus
2791 4427 2946 4482 XLV.
2993 4425 3314 4482 Declaratio
3361 4425 3626 4482 litteralis
3662 4426 3819 4499 capi·

2538 4516 2647 4572 tuli
2692 4513 2956 4573 vicesimi
2997 4532 3011 4570 :
3062 4516 3435 4588 Respondcns
3479 4519 3674 4572 autem
3719 4517 3821 4572 So·

2541 4606 2688 4678 phar
2715 4604 3132 4670 NaamathiteS,
3165 4603 3314 4660 dixit
3339 4646 3817 4661 ......
3855 4605 3957 4660 565

2469 4695 2766 4752 Articulus
2810 4695 2988 4750 XLVI.
3040 4694 3117 4750 De
3175 4693 3562 4767 intelligentia
3609 4693 3819 4750 morali

2541 4785 2804 4858 ejusdem
2845 4783 3087 4856 capItuli
3121 4783 3385 4841 vicesimi
3433 4827 3819 4840 .....
3855 4783 3960 4840 570

2470 4873 2765 4930 Articulus
2793 4874 3000 4930 XLVII.
3024 4873 3344 4930 Declaratio
3372 4872 3637 4930 litteralis
3665 4873 3818 4944 capi-

2542 4962 2650 5018 tuli
2679 4961 2940 5018 vicesimi
2970 4961 3146 5034 primi
3176 4979 3190 5018 :
3222 4963 3597 5035 Respondens
3623 4966 3819 5019 autem

2542 5052 2666 5118 Joh,
2700 5050 2850 5124 dixit
2870 5093 3820 5107 ...........
3859 5053 3962 5108 574

2471 5141 2770 5198 Articulus
2799 5141 3032 5197 XLVIII.
3064 5140 3387 5197 Elucidatio
3427 5139 3696 5197 litteralis
3737 5158 3826 5197 ca·

2545 5228 2714 5302 pituli
2743 5229 3006 5286 vicesimi
3035 5228 3277 5286 secundi
3299 5246 3313 5285 ε
3335 5229 3711 5302 Respondeas
3729 5247 3828 5286 au·
3945 5305 3950 5308 Ι

2545 5323 2664 5377 tem
2695 5318 2932 5394 Eliphaz
2965 5317 3352 5386 Themanites‚
3377 5317 3542 5375 dixit.
3623 5361 3634 5372 .
3715 5361 3728 5374 .
3809 5361 3821 5374 .
3859 5319 3960 5375 581
