4309 6259
877 479 997 543 618

1684 504 2031 551 ENARRATIO
2074 505 2136 551 IN
2181 505 2317 552 CAP.
2358 505 2557 554 xxvlu
2591 504 2719 555 1013.
2765 526 2847 538 -
2884 507 3026 554 Am.
3073 508 3168 553 mv

879 669 1237 736 intellectus
1270 694 1378 737 seu
1414 674 1838 755 intelligentia
1866 675 1949 739 sit
1976 674 2366 759 principium
2397 674 2449 737 A
2479 693 2608 738 non
2639 675 2984 740 invenitur.
3009 680 3139 739 Nec
3165 679 3500 739 invenitur
3520 679 3596 737 in
3617 687 3788 737 terra
3815 697 3972 737 sua-

877 771 1205 853 sapientiae
1236 784 1299 837 et
1329 774 1633 854 scientiae,
1654 777 1896 840 scilicet
1916 779 2123 859 quoad
2154 786 2366 840 actum

874 890 1114 948 earum,
1161 875 1510 937 secundum
1554 876 1725 955 quod
1776 885 1922 938 sunt
1970 876 2225 939 habitus
2274 897 2370 938 su-

879 972 1314 1051 pernaturales
1364 972 1563 1035 infusi
1614 983 1675 1036 et
1721 975 1908 1037 dona.
1963 975 2064 1038 Sic
2112 994 2369 1056 quoque

880 1067 1368 1148 intelligentiam
1410 1072 1601 1133 sumit
1635 1072 1951 1135 AlbertuS.
1980 1073 2163 1136 Juxta
2200 1074 2369 1154 quod

880 1166 1046 1229 ultra
1078 1168 1541 1232 rationabiliter
1568 1170 1907 1249 diceretur,
1926 1173 2098 1253 quod
2128 1171 2372 1233 intelle-

879 1272 1018 1327 ctus
1069 1266 1169 1330 vel
1219 1267 1639 1347 intelligentia
1688 1269 1960 1331 sumitur
2002 1271 2133 1351 jam
2184 1279 2372 1351 prout

2479 778 2645 835 viter
2693 778 3074 849 viventium,
3127 776 3193 838 id
3242 785 3338 839 est
3386 776 3450 837 in
3491 775 3855 838 carnalibus
3903 782 3970 835 et

2480 874 2880 956 voluptuosis
2925 875 3316 953 hominibuS,
3363 876 3474 956 qui
3518 874 3715 936 vitam
3755 873 3973 936 bruta-

2480 975 2605 1037 lem
2666 975 3064 1056 praeeligunt,
3120 975 3566 1039 delectationes
3621 984 3848 1054 gustus
3907 980 3974 1035 et

2479 1082 2685 1137 tactus
2714 1074 2838 1137 Deo
2865 1094 2939 1137 ac
2970 1074 3410 1156 spiritualibus
3440 1073 3625 1136 bonis
3657 1072 3972 1135 vilissime

2482 1171 2893 1254 praeferentes
2929 1191 2943 1233 ε
2978 1173 3089 1254 qui
3121 1172 3341 1235 divina
3370 1170 3857 1246 illuminatione,
3882 1171 3976 1233 in·

2483 1270 2922 1334 flammatione
2976 1271 3328 1347 caritativa,
3387 1270 3821 1334 consolatione
3878 1268 3972 1329 in-

628 1373 820 1423 l⁸·x¹‚2·
880 1373 973 1427 est
1016 1368 1363 1430 secundum
1408 1368 1573 1431 inter
1612 1379 1853 1452 septem
1895 1370 2063 1432 dona
2098 1369 2370 1451 Spiritus

880 1463 1112 1527 Sancti.
1146 1465 1279 1527 Jam
1312 1465 1482 1529 enim
1514 1475 1611 1529 θεῖ
1650 1486 1856 1532 sermo
1896 1468 1975 1530 de
2006 1467 2369 1548 intelligen-

878 1562 987 1637 tia,
1033 1583 1175 1644 quae
1216 1564 1463 1627 vitiosis
1511 1583 1639 1628 non
1691 1566 1876 1641 inest,
1910 1568 2019 1629 sed
2069 1566 2368 1631 virtuosis

876 1662 1221 1724 dumtaxat.
1242 1662 1783 1737 Quemadmodum
1813 1674 2024 1728 autem
2058 1666 2368 1747 sapientia

879 1760 1085 1823 locum
1135 1761 1763 1827 circumscribentem
1814 1784 1923 1827 seu
1974 1764 2366 1847 corporalem

2483 1378 2661 1431 terna
2690 1388 2943 1451 prorsus
2976 1370 3222 1449 indigni
3253 1378 3414 1443 sunt,
3435 1378 3734 1449 tanquam
3765 1365 3971 1449 inepti

2481 1477 2545 1531 et
2577 1467 2908 1549 incapaces
2940 1469 3018 1531 ad
3051 1468 3221 1544 talia,
3247 1468 3410 1530 sicut
3442 1488 3550 1531 vas
3581 1466 3969 1529 stercoribus

2481 1567 2765 1649 plenum,
2801 1586 2928 1629 non
2961 1576 3055 1630 est
3095 1566 3423 1649 purissimi
3456 1564 3726 1628 balsami
3757 1584 3969 1627 susce-

2480 1666 2752 1748 ptivum.
2786 1665 3024 1728 Idcirco
3061 1666 3139 1727 ad
3177 1664 3536 1728 Corinthios
3579 1664 3670 1725 ait
3701 1664 3968 1746 Aposto-

2481 1765 2614 1826 lus:
2638 1764 3025 1846 Sapientiam
3057 1764 3381 1845 loquimur
3412 1764 3578 1825 inter
3608 1761 3960 1845 perfectos3
4007 1778 4146 1821 1cor.
4163 1792 4204 1820 n.
4217 1782 4258 1821 s.

880 1877 1006 1921 non
1038 1859 1248 1936 habet,
1286 1860 1375 1921 ita
1408 1880 1524 1924 nee
1556 1861 1980 1942 intelligentia
2015 1880 2027 1924 :
2064 1864 2172 1925 sed
2203 1862 2370 1925 sicut
2404 1863 2451 1925 B
2481 1870 2542 1926 et
2578 1881 2592 1923 :
2628 1862 2936 1925 Animalis
2982 1863 3173 1926 homo
3220 1880 3344 1925 non
3391 1861 3662 1945 percipit
3707 1880 3782 1923 ea
3823 1880 3966 1941 quae
4025 1884 4150 1925 rasa.
4177 1886 4240 1923 u.

880 1958 1248 2021 Aristoteles
1294 1960 1403 2035 ait,
1456 1961 1626 2041 quod
1678 1960 2039 2024 intellectus
2088 1962 2190 2024 vel
2239 1982 2368 2025 me-
2480 1969 2629 2022 sunt
2658 1960 2930 2044 Spiritus
2969 1962 3100 2024 Dei.
3137 1961 3326 2023 Isaias
3367 1978 3624 2042 quoque
3669 1958 3960 2021 inducit:

881 2058 1084 2119 moria
1114 2066 1209 2120 est
1239 2058 1413 2121 locus
1448 2058 1953 2139 intelligibilium
1984 2060 2362 2141 specierum,
2477 2058 2670 2131 Quem
2693 2059 2945 2123 docebit
2966 2059 3269 2124 Dominus
3299 2058 3671 2122 scientiam?
3693 2066 3758 2120 et
3774 2076 3962 2138 quem
4029 2080 4096 2121 ι..
4119 2094 4260 2126 mm.

614 2166 943 2225 -5012-v11.⁷,et
980 2157 1157 2238 juxta
1196 2157 1573 2239 ScripturaS,
1606 2159 1817 2220 anima
1857 2158 2012 2239 justi
2055 2159 2234 2222 sedes
2273 2168 2370 2221 est
2479 2158 2836 2238 intelligere
2884 2158 3076 2221 faciet
3125 2158 3464 2221 auditum?
3513 2158 3603 2220 Ad
3653 2157 3822 2238 quod
3872 2175 3967 2218 re-
3993 2146 4036 2187 ⁹·

592 2234 658 2275 ²⁸·
882 2257 1242 2338 sapientiam
1290 2257 1380 2319 sic
1431 2257 1819 2322 intellectiva
1861 2258 1957 2321 vis
2000 2277 2111 2320 seu
2162 2277 2366 2335 menS,
2479 2258 2749 2339 spondet
2790 2275 2803 2318 ε
2853 2257 3212 2321 Ablactatos
3261 2277 3298 2319 a
3347 2257 3530 2333 laete,
3581 2256 3838 2319 avulsos
3883 2254 3967 2317 ab

879 2356 1055 2418 locus
1096 2363 1191 2418 est
1230 2356 1557 2438 sapientiae
1596 2364 1659 2420 et
1698 2357 2158 2437 intelligentiae.
2193 2356 2366 2431 Quod
2480 2355 2696 2418 ubere.
2741 2354 2898 2417 Hinc
2945 2355 3239 2418 Salomon
3281 2354 3564 2435 loquitur
3596 2372 3610 2415 ε
3642 2353 3759 2427 Qui
3799 2361 3965 2415 amat
4021 2376 4289 2418 Prot-,xus

878 2454 1069 2517 etiam
1117 2453 1539 2535 Alphorabius
1579 2455 2057 2536 peripateticuS,
2094 2455 2160 2516 in
2203 2456 2368 2519 libro
2479 2455 2703 2517 vinum
2751 2463 2813 2517 et
2863 2454 3148 2536 pinguia,
3193 2474 3320 2517 non
3361 2454 3482 2516 erit
3527 2452 3804 2535 sapiens,
3837 2453 3912 2513 Et
3947 2472 3961 2514 :
4001 2441 4063 2482 ¹⁷·
4288 2480 4289 2541 ἡ

877 2572 991 2616 suo
1024 2554 1101 2615 de
1132 2554 1461 2617 Intellectu
1493 2563 1555 2616 et
1587 2552 2000 2633 intelligibili,
2026 2554 2135 2616 ait.
2477 2552 2761 2635 Cogitavi
2795 2573 2832 2615 a
2860 2553 3012 2615 vino
3053 2553 3420 2616 abstrahere
3447 2570 3704 2615 earnem
3734 2570 3964 2627 meam,
3997 2574 4250 2618 nectam
4288 2602 4289 2627 1

956 2652 1192 2715 Deinde
1233 2651 1413 2733 ponit
1454 2652 1783 2733 sapientiae
1820 2650 2370 2731 dignitatem.Ne-
2479 2660 2547 2713 ut
2601 2652 2885 2713 animum
2941 2671 3153 2714 meum
3208 2649 3620 2714 transferrem
3669 2651 3747 2711 ad
3807 2650 3972 2731 sapi·
4288 2634 4289 2727 ξ

874 2752 993 2812 scit
1023 2754 1204 2812 homo
1228 2753 1516 2829 pretium
1547 2752 1713 2828 ejus,
1736 2752 1887 2832 quia
1919 2752 2368 2835 impretiabilis
2480 2749 2740 2825 entiam,
2773 2750 3254 2831 devitaremque
3299 2748 3656 2821 stultitiam.
3687 2750 3974 2826 Abyssus
4288 2734 4289 2765 ³

878 2856 995 2925 est,
1032 2868 1148 2911 nec
1194 2848 1493 2912 aestimari
1528 2857 1734 2930 potest
1770 2850 1987 2931 aliquo
2033 2852 2201 2915 bono
2240 2870 2371 2913 cor·
2479 2851 2686 2909 dicit:
2717 2852 2861 2913 Non
2907 2860 2995 2909 est
3035 2852 3108 2909 in
3149 2871 3292 2920 me,·
3325 2860 3386 2910 et
3423 2869 3600 2909 mare
3637 2850 3930 2927 loquitur
3949 2871 3972 2908 .-

879 2948 1083 3029 porali
1112 2955 1221 3008 aut
1254 2947 1608 3027 temporali,
1630 2968 1747 3011 nec
1776 2957 1868 3011 est
1898 2950 2369 3014 commutabilis
2483 2949 2632 3009 Non
2660 2958 2748 3007 est
2770 2969 3037 3009 mecum.
3070 2947 3183 3010 Per
3212 2946 3532 3029 abyssum,
3569 2945 3842 3026 intelligi
3873 2965 3978 3029 po·

882 3065 993 3107 seu
1024 3043 1377 3127 emptibilis
1410 3045 1615 3125 pretio
1646 3045 1777 3108 tali.
1813 3047 2072 3129 Propter
2100 3048 2270 3128 quod
2305 3048 2369 3109 in
2407 3055 2452 3117 C
2484 3055 2606 3109 test
2649 3045 2967 3121 Oceanus3
3003 3065 3114 3128 per
3157 3064 3352 3121 mare,
3387 3063 3808 3127 quaecumque
3850 3047 3980 3108 alia

884 3143 1054 3205 Actis
1102 3142 1340 3204 dictum
1380 3152 1476 3204 est
1511 3162 1547 3204 a
1588 3144 1879 3226 principe
1927 3145 2370 3227 Apostolorum
2483 3163 2712 3224 magna
2739 3164 3048 3225 aquarum
3092 3143 3408 3207 collectio.
3445 3143 3583 3206 Haec
3623 3163 3772 3225 ergo
3809 3144 3979 3208 facto

592 3258 852 3307 Actvnteo.
885 3238 1127 3301 Simoni
1174 3256 1357 3319 mago
1390 3257 1403 3300 :
1449 3229 1720 3302 Pecunia
1768 3250 1873 3303 tua
1926 3250 2130 3304 tecum
2183 3242 2266 3303 sit
2306 3243 2372 3303 in
2485 3263 2597 3305 seu
2625 3241 3039 3305 materialiter
3060 3242 3304 3319 dicunt,
3327 3242 3390 3305 id
3413 3249 3522 3318 est,
3545 3242 3979 3306 consideranti

884 3337 1327 3419 perditionem,
1372 3338 1675 3418 quoniam
1717 3340 1955 3402 donum
2008 3339 2114 3403 Dei
2162 3340 2376 3402 existi-
2484 3346 2861 3422 ostendunt,
2923 3364 3034 3407 seu
3095 3344 3520 3424 cognoscendi
3579 3344 3978 3408 occasionem

884 3435 1071 3497 masti
1109 3436 1379 3517 pecunia
1418 3436 1751 3517 possideri.
1803 3438 2087 3518 Denique
2133 3439 2376 3520 sapien·
2486 3444 2875 3520 minist-rant,
2909 3444 3080 3524 quod
3111 3443 3178 3505 in
3207 3443 3300 3505 eis
3333 3461 3460 3506 non
3493 3443 3576 3504 sit
3614 3444 3928 3526 sapientia
3961 3464 3978 3505 :

884 3534 972 3596 tia
1003 3553 1129 3597 non
1171 3544 1418 3596 amatur
1452 3544 1521 3596 ut
1558 3536 1856 3616 pretium,
1893 3537 2197 3617 quoniam
2236 3557 2376 3619 pre-
2485 3560 2628 3623 quae
2649 3550 2745 3603 est
2766 3542 3098 3624 spirituale
3127 3541 3368 3604 bonum
3400 3549 3585 3621 atque
3604 3540 3982 3621 dignissima

618 4146 747 4189 Prov.

590 4209 654 4250 16.

760 4162 809 4189 XV

886 3634 1042 3695 tium
1101 3642 1360 3715 propter
1418 3632 1588 3695 aliud
1651 3634 1961 3714 diligitur,
2015 3644 2084 3697 ut
2140 3636 2378 3699 dicitur

886 3740 1061 3796 sexto
1101 3732 1492 3809 Ethicorum,
1527 3752 1725 3814 quum
1766 3734 1847 3794 sit
1884 3734 2067 3815 quasi
2112 3734 2379 3816 fidejus-

885 3852 990 3896 sor
1021 3830 1252 3894 futurae
1284 3829 1698 3893 necessitatis.
1726 3831 2049 3913 Sapientia
2068 3852 2222 3897 vero
2245 3852 2379 3915 pro—

884 3941 1025 4015 pter
1057 3950 1123 3993 se
1156 3931 1357 4012 ipsam
1399 3930 1709 4011 diligitur,
1744 3931 1820 3993 ad
1858 3951 2051 4013 quam
2090 3951 2380 4015 corpora-

887 4032 971 4093 lia
1002 4030 1167 4094 bona
1206 4038 1355 4091 sunt
1394 4030 1770 4091 ordinanda.
1804 4030 2066 4111 Propter
2106 4033 2278 4111 quod
2313 4032 2376 4093 in

814 4163 851 4200 n,
884 4127 1245 4192 Proverbiis
1280 4127 1587 4209 scriptum
1628 4136 1723 4189 est
1758 4146 1770 4189 :
1804 4127 1962 4200 Quid
2002 4131 2262 4211 prodest
2291 4130 2380 4194 di-

2487 3640 2785 3722 qualitaS,
2808 3639 2995 3720 cujus
3029 3640 3387 3719 subjectum
3421 3647 3484 3701 et
3515 3639 3692 3701 locus
3724 3658 3852 3701 non
3885 3650 3980 3703 est

2488 3738 2612 3800 nisi
2648 3737 2859 3800 vitalis
2893 3757 2965 3800 ac
2994 3737 3446 3799 intellectualis
3477 3737 3775 3800 essentia.

2569 3840 2715 3899 Non
2737 3839 3008 3897 dabitur
3025 3856 3266 3897 aurum
3285 3837 3583 3895 obrizum
3597 3855 3720 3912 pro
3737 3856 3831 3907 ea,
3855 3844 3982 3899 tan·

2487 3932 3102 4014 quam-condignum
3147 3931 3423 4013 pretium
3460 3931 3621 4012 ejuS‚
3659 3940 3768 3995 aut
3806 3934 3980 4014 quod

2489 4051 2604 4113 pro
2654 4031 2765 4092 tali
2812 4050 2968 4093 auro
3020 4030 3226 4095 valeat
3272 4030 3422 4093 emi.
3475 4032 3716 4093 Aurum
3764 4040 3978 4094 autem

2489 4129 2792 4206 obrizum,
2808 4128 2974 4191 inter
3003 4128 3408 4191 differentias
3437 4130 3572 4191 auri
3607 4129 3985 4211 pretiosissi-

886 4229 1073 4291 vitias
1094 4227 1328 4288 habere
1361 4225 1573 4303 stulto,
1593 4246 1787 4307 quum
1823 4228 2199 4309 sapientiam
2223 4248 2380 4292 eme·
2409 4235 2460 4297 D
2491 4247 2660 4289 mum
2697 4235 2792 4289 cst
2822 4234 3014 4307 atque
3044 4226 3861 4309 purissimum,optimique
3889 4248 3986 4291 co—

885 4347 951 4389 re
997 4345 1125 4389 non
1170 4324 1414 4406 possit?
1447 4326 1513 4386 In
1554 4333 1697 4387 actu
1751 4326 2014 4408 insuper
2051 4327 2380 4409 sapientiae

884 4444 1104 4488 omnes
1164 4422 1460 4486 meliores
1522 4422 1911 4505 philosophi,
1974 4424 2372 4503 AristotcleS,

881 4523 1057 4585 Plato
1088 4530 1148 4585 et
1185 4539 1405 4585 eorum
1439 4541 1765 4603 sequaceS,
1798 4522 2189 4601 Augustinus
2227 4543 2378 4604 quo-

883 4640 1011 4703 que
1063 4640 1208 4683 cum
1257 4620 1579 4702 praeclaris
1629 4621 1961 4700 theologiS,
2004 4620 2375 4685 felicitatem

884 4720 1305 4795 constituunt,
1358 4719 1707 4801 praesertim
1758 4739 1956 4800 quum
1998 4720 2375 4801 Unigenitus

2491 4326 2666 4389 loris,
2719 4325 2894 4387 Unde
2944 4324 3228 4387 obrizum
3273 4324 3528 4403 dicitur,
3568 4326 3752 4406 quasi
3803 4326 3986 4389 obra-

2489 4424 2694 4486 dianS.
2747 4423 2860 4485 Vel
2917 4424 3298 4502 (secundum
3350 4423 3706 4505 Albertum)
3753 4443 3980 4486 aurum

2487 4522 2774 4585 obrizum
2805 4521 3060 4597 dicitur,
3085 4521 3268 4601 quasi
3298 4520 3564 4597 obrude,
3594 4523 3744 4603 quia
3776 4522 3843 4584 in
3865 4541 3980 4583 sua

2487 4639 2750 4682 manens
2798 4628 3041 4694 natura,
3088 4618 3248 4680 nulli
3290 4618 3514 4682 alienae
3559 4628 3800 4683 naturae
3839 4640 3982 4702 per-

2486 4718 2755 4781 mixtum
2793 4728 2910 4795 est,
2945 4738 3062 4781 nec
3102 4719 3181 4780 ad
3226 4738 3377 4780 usus
3417 4718 3666 4800 aliquos
3707 4718 3979 4783 fabrica-

2488 4826 2621 4879 tum
2645 4836 2658 4879 :
2680 4818 2848 4899 quod
2884 4818 2949 4880 in
2980 4815 3258 4879 metallis
3277 4817 3807 4899 pretiosissimum
3841 4837 3978 4900 per·

2486 4916 2763 4979 hibetur.
2801 4916 2957 4979 Hinc
3001 4916 3066 4978 in
3100 4916 3440 4998 Sapientiae
3484 4916 3648 4979 libro
3697 4917 3966 4999 legitur:
4288 4980 4289 4985 ,

2485 5015 2683 5079 Omne
2708 5033 2931 5077 aurum
2965 5014 3028 5075 in
3065 5014 3538 5096 comparatione
3577 5014 3750 5077 illius
3779 5034 3972 5077 arena
4013 5040 4244 5095 Sap.m,···‚
4288 5066 4289 5069 ,

2485 5122 2580 5177 θεῖ
2625 5113 2968 5193 exigua.1n
3005 5112 3360 5176 Proverbiis
3405 5130 3664 5195 quoque
3697 5131 3711 5174 :
3747 5114 3970 5176 Beatus
4043 5140 4244 5181 From-

2485 5212 2674 5275 homo
2723 5212 2836 5293 qui
2885 5211 3132 5274 invenit
3177 5211 3576 5294 sapientiam.
3618 5211 3833 5275 Melior
3875 5222 3970 5275 est
4003 5204 4064 5247 ¹³·
4091 5203 4153 5242 ¹⁴·

2487 5308 2823 5391 acquisitio
2855 5308 2994 5390 ejus
3027 5308 3454 5391 negotiatione
3491 5309 3628 5371 auri
3659 5317 3722 5373 et
3749 5328 3970 5391 argen-

603 4830 850 4881 Joannxvn.
883 4820 993 4882 Dei
1022 4818 1223 4881 Patris
1272 4818 1442 4881 dicat
1483 4818 1561 4881 ad
1602 4819 1847 4880 Patrem
1894 4836 1906 4879 :
1952 4819 2092 4882 Haec
2140 4828 2238 4883 est
2281 4820 2376 4883 vi-

884 4926 946 4980 ta
990 4926 1245 4993 aeterna,
1279 4925 1349 4978 ut
1388 4923 1772 4996 cognoscant
1810 4924 1869 4979 te
1899 4936 2121 4979 verum
2150 4918 2371 4981 Deum.

618 5026 852 5077 Prov-wnn,
884 5016 1041 5077 Hinc
1075 5014 1141 5076 in
1171 5013 1529 5077 Proverbiis
1562 5012 1762 5075 fertur
1796 5030 1809 5074 z
1843 5014 2060 5078 Melior
2088 5024 2184 5078 est
2213 5016 2378 5097 sapi-

595 5089 658 5129 ¹¹'
884 5114 1058 5176 entia
1102 5113 1349 5176 cunctis
1394 5112 1646 5195 opibuS,
1681 5120 1745 5173 et
1783 5113 1997 5175 omnia
2035 5134 2179 5195 quae
2216 5114 2374 5176 desi-

885 5214 1211 5287 derantur,
1248 5211 1399 5273 huic
1432 5229 1558 5274 non
1590 5210 1804 5273 valent
1832 5212 2209 5293 comparari.

966 5309 1202 5385 Deinde
1250 5308 1431 5391 ponit
1478 5309 1615 5371 loca
1664 5308 1730 5370 in
1779 5309 2013 5391 quibus
2064 5309 2376 5391 sapientia
