4309 6259
1009 504 1358 551 ENARRATIO
1400 503 1462 550 IN
1505 504 1642 550 CAP-
1690 503 1728 547 V
1770 502 1928 548 LIBRI
1968 501 2193 557 Quam!
2232 504 2457 553 REGtm.
2512 526 2583 536 -
2624 508 2768 554 ART.
2813 510 2898 555 vll

3416 494 3495 558 29

389 678 732 760 praecipitu
744 698 785 749 r,
808 698 889 741 ne
913 678 1078 741 ultra
1099 697 1438 741 numerum
1458 695 1890 759 personarum,
1925 675 1977 737 A
2003 678 2260 741 bentem
2291 677 2587 743 officium
2627 682 3024 746 sustentandi
3056 700 3292 763 regem,
3327 682 3493 747 sicut

389 795 584 856 quem
627 777 847 839 valent
891 784 1268 851 sustentare,
1289 775 1720 857 recipiant.Et
1760 794 1892 837 rur-

389 894 500 936 sus
529 874 612 936 ab
641 875 897 939 Urbano
928 876 1092 956 Papa
1112 875 1185 950 V,
1209 874 1638 955 Gregorioque
1657 874 1736 936 xl
1763 874 1897 955 jus-

390 992 538 1035 sum
566 982 688 1051 est,
725 994 808 1037 ne
847 973 1160 1053 religiosae
1193 992 1480 1055 personae
1511 973 1750 1036 directe
1787 980 1896 1035 aut

389 1072 732 1149 indirecte,
760 1092 876 1156 per
896 1092 986 1149 se,
1011 1073 1530 1155 interpositamve
1559 1090 1896 1154 personam

387 1172 642 1254 aliquid
677 1173 1027 1257 temporale
1048 1193 1085 1235 a
1117 1172 1481 1254 recipienda
1509 1172 1610 1234 vel
1643 1180 1896 1254 recepta

385 1279 686 1353 quaerant
735 1291 1008 1354 persona
1055 1273 1122 1333 in
1167 1271 1307 1354 ejus
1356 1270 1741 1353 receptione,
1779 1289 1896 1333 nec

385 1378 580 1433 antea
639 1390 758 1435 nec
807 1379 1048 1452 postea,
1083 1370 1250 1433 sicut
1289 1371 1368 1432 de
1417 1370 1535 1431 hac
1581 1388 1648 1432 re
1691 1388 1895 1450 nuper

385 1467 458 1529 in
489 1469 884 1549 quibusdam
913 1469 1166 1551 plenius
1207 1468 1639 1531 demonstravi
1673 1475 1896 1530 tracta-

387 1567 568 1628 tulis.
588 1568 1046 1631 Verumtamen
1077 1567 1275 1649 quaeri
1309 1574 1539 1648 potest,
1566 1585 1766 1647 quum
1797 1585 1894 1627 sa-

385 1664 558 1727 nitas
593 1665 679 1728 sit
710 1685 811 1729 res
832 1666 1208 1748 corporaliS,
1231 1684 1345 1728 our
1376 1684 1490 1747 pro
1512 1684 1584 1728 ea
1605 1664 1893 1747 accipere

379 1764 638 1845 aliquid
673 1772 976 1847 tanquam
1008 1764 1300 1847 pretium,
1329 1764 1412 1826 sit
1443 1763 1886 1827 simoniacum.

383 1862 856 1945 Respondetur,
879 1864 1052 1946 quod
1083 1864 1320 1925 sanitas
1352 1861 1419 1924 in
1451 1882 1541 1938 se,
1563 1861 1892 1943 corporale
1928 1857 1972 1917 B
2001 1861 2241 1924 idolum
2272 1864 2555 1941 adorare,
2587 1865 2739 1946 quia
2769 1866 2888 1929 hoc
2924 1866 3064 1931 sine
3096 1866 3349 1931 offensa
3400 1886 3495 1930 re-

379 1961 545 2042 quid
593 1968 734 2037 est;
787 1962 899 2025 sed
953 1961 1163 2024 taliter
1210 1969 1272 2024 et
1323 1961 1888 2043 supernaturaliter

378 2060 696 2141 praestita,
733 2042 1068 2142 spirituale
1110 2059 1236 2122 fuit
1264 2059 1504 2122 bonum
1547 2067 1738 2140 atque
1777 2060 1885 2122 de-

378 2177 584 2241 super
610 2159 891 2238 gratuite
920 2159 1162 2220 datum.

462 2259 786 2337 Dian-itque
825 2258 1136 2321 Naaman
1176 2278 1198 2315 .·
1242 2258 1318 2317 Ue
1368 2258 1492 2327 υἰε,
1525 2256 1589 2319 id
1640 2264 1756 2334 est,
1795 2275 1886 2319 se-

377 2356 676 2418 cundum
719 2363 896 2418 tuam
936 2353 1054 2418 fiat
1095 2355 1510 2418 voluntatem.
1546 2358 1702 2425 Sed,
1731 2357 1890 2415 obse-

377 2476 519 2526 cr0,
538 2454 810 2515 concede
841 2456 1009 2515 mila·
1025 2473 1204 2514 servo
1229 2464 1358 2523 cuc,
1382 2464 1454 2514 ut
1479 2457 1696 2515 tollam
1729 2474 1889 2514 onus

377 2558 674 2614 duorum
708 2556 1076 2615 burdonum
1096 2555 1176 2612 de
1207 2562 1404 2623 terra,
1427 2552 1492 2615 id
1523 2562 1640 2629 est,
1667 2552 1745 2615 de
1775 2559 1890 2614 ter-

380 2671 460 2714 ra
497 2651 685 2732 regni
719 2651 918 2734 hujus
967 2670 1218 2714 mecum
1268 2649 1498 2714 faciam
1543 2650 1884 2732 deportari,

375 2759 707 2831 quantum
745 2757 995 2831 queunt
1040 2757 1291 2831 portare
1339 2750 1466 2812 duo
1514 2749 1834 2812 burdones
1871 2765 1886 2809 :

371 2868 530 2930 quae
561 2856 716 2911 sunt
757 2847 1062 2911 animalia
1101 2846 1318 2927 genita
1346 2866 1424 2910 ex
1452 2866 1618 2929 equo
1657 2855 1720 2909 et
1765 2847 1888 2909 asi-

375 2966 490 3023 na,
531 2946 1078 3029 quemadmodum
1122 2945 1280 3017 muli
1312 2965 1388 3009 ex
1418 2964 1586 3028 equa
1614 2954 1678 3009 et
1707 2945 1887 3010 asino

2001 778 2191 841 modo
2248 778 2610 842 innituntur
2658 781 2917 862 reginae,
2965 791 3155 865 prout
3205 784 3270 844 in
3323 781 3491 845 libro

2004 873 2228 937 Esther
2258 877 2336 939 de
2364 876 2503 959 ipsa
2532 878 2749 958 regina
2767 879 2991 942 Esther
3010 880 3293 955 habetur,
3318 880 3491 961 quod

2004 991 2196 1054 super
2226 993 2419 1036 unam
2451 974 2835 1039 famularum
2866 976 3275 1056 innitebatur,
3306 978 3491 1059 quasi
3538 995 3703 1040 Esther
3716 1010 3786 1052 xv,

2005 1091 2236 1155 corpus
2266 1093 2451 1136 suum
2494 1094 2623 1157 prae
2652 1076 2900 1139 deliciis
2934 1077 3101 1141 ferre
3132 1097 3259 1141 non
3302 1078 3492 1141 susti-
3520 1062 3545 1103 ⁶

2007 1189 2206 1247 nens3
2255 1175 2315 1232 si
2362 1177 2713 1235 adoravero
2764 1179 2837 1237 in
2879 1182 3106 1255 templo
3154 1181 3488 1250 Remmon,

2005 1280 2078 1330 ut
2115 1274 2401 1347 ignoscat
2440 1276 2610 1333 mila-1:
2646 1278 2960 1336 Dominus
2998 1297 3175 1337 servo
3224 1287 3329 1338 cuo
3368 1298 3492 1356 pro

2005 1372 2125 1429 hac
2151 1390 2242 1430 re.

2084 1468 2254 1529 Istud
2286 1488 2321 1530 a
2350 1469 2641 1547 diversiS,
2667 1470 2862 1534 variis
2892 1472 3097 1535 modis
3127 1474 3487 1555 exponitur.

2002 1564 2270 1639 Quidam
2318 1579 2647 1649 exponunt
2696 1570 2788 1633 sie
2835 1589 2849 1633 :
2899 1571 2963 1634 Si
3022 1572 3367 1637 adoravero
3424 1572 3492 1634 in

2005 1666 2241 1747 templo
2288 1665 2617 1745 Remmon,
2668 1688 2797 1731 non
2849 1669 3090 1733 idolum
3149 1670 3332 1747 illud,
3383 1671 3491 1734 sed

2001 1781 2223 1825 verum
2279 1765 2515 1839 Deum3
2571 1774 2782 1829 tamen
2832 1766 2886 1829 si
2940 1768 3324 1831 simulavero
3384 1787 3485 1831 me

1995 1961 2095 2041 gis
2127 1960 2252 2023 mei
2282 1962 2483 2025 vitare
2514 1982 2641 2026 non
2675 1964 2875 2042 valeo,
2910 1973 2982 2027 ut
3022 1965 3142 2029 hoc
3174 1966 3481 2029 Dominus

1997 2059 2157 2121 mihi
2207 2059 2553 2142 indulgeat.
2606 2061 2683 2122 Et
2732 2062 2974 2141 dicunt,
3018 2066 3191 2146 quod
3239 2063 3490 2129 Eliseus

1997 2156 2117 2221 hoc
2149 2157 2274 2220 sibi
2311 2159 2639 2235 concessit,
2681 2160 3109 2243 dispensando
3152 2182 3369 2227 secum
3411 2165 3489 2227 ad

1998 2255 2118 2319 hoc
2150 2258 2486 2336 agendum.
2524 2256 2639 2322 Sed
2672 2261 2975 2342 quoniam
3005 2261 3329 2326 simulatio
3362 2263 3493 2327 ido-

1997 2354 2283 2433 lolatriae‚
2318 2365 2413 2419 est
2454 2357 2793 2440 culpabilis
2835 2359 2901 2421 in
2947 2380 3015 2423 se
3068 2368 3131 2424 et
3175 2362 3489 2425 scandali-

1995 2451 2219 2530 zativa,
2256 2462 2320 2517 et
2366 2463 2586 2518 contra
2624 2455 2783 2517 illud
2815 2457 3128 2539 Apostoli,
3170 2458 3266 2521 Ab
3308 2460 3487 2523 omni

1997 2551 2209 2633 speeie
2239 2551 2390 2614 mali
2420 2552 2736 2616 abstinete
2762 2580 2775 2629 3
2810 2564 2873 2617 et
2902 2564 3123 2619 contra
3154 2556 3338 2635 illud,
3374 2558 3477 2622 Sic

3545 2478 3562 2520 1
3578 2478 3727 2521 Thess.
3739 2492 3780 2530 v,

3552 2602 3719 2647 Mami.
3736 2617 3779 2655 v,

1996 2649 2204 2712 luceat
2238 2650 2348 2713 lux
2374 2659 2585 2714 vestra
2622 2670 2834 2715 coram
2875 2652 3243 2717 hominibus
3280 2674 3293 2718 :
3331 2655 3475 2720 ideo
3521 2671 3586 2712 ¹⁶-

1995 2747 2106 2810 alii
2127 2756 2439 2827 asserunt,
2468 2751 2639 2831 quod
2660 2749 2903 2814 Eliseus
2926 2770 3053 2815 non
3076 2753 3286 2836 potuit
3319 2755 3487 2818 istud

1995 2847 2385 2928 permittere,
2432 2866 2548 2911 nec
2586 2849 3018 2931 dispensabile
3058 2850 3200 2918 suit.
3248 2853 3488 2918 Idcirco

1997 2954 2324 3028 exponunt
2344 2946 2469 3008 sic:
2497 2944 2560 3009 Si
2583 2948 2927 3012 adoravero
2950 2949 3015 3011 in
3045 2952 3284 3034 templo
3306 2953 3488 3016 Rem-

373 3053 801 3125 generantur.
852 3044 976 3107 Cur
1025 3052 1236 3106 autem
1284 3043 1564 3106 Naaman
1617 3044 1888 3108 voluerit
1924 3039 1967 3102 C
1997 3063 2148 3107 mon
2194 3063 2414 3106 verum
2463 3045 2681 3123 Deum,
2737 3066 2864 3110 non
2913 3047 3274 3114 simulando
3328 3051 3487 3117 idoli

375 3163 604 3207 secum
641 3142 812 3207 serre
833 3144 912 3206 de
932 3151 1100 3206 'terra
1123 3142 1256 3219 illa,
1277 3142 1691 3223 subjungitur
1717 3160 1732 3205 ε
1757 3166 1888 3207 non

372 3248 566 3305 enim
595 3246 796 3322 faciet
823 3263 1046 3303 servus
1073 3253 1222 3303 tuus
1251 3246 1431 3303 ultra
1450 3245 1888 3305 holocaustum

373 3352 504 3404 aut
551 3344 893 3403 victimam
939 3342 1071 3401 diis
1115 3342 1372 3412 alieni-3,
1406 3342 1542 3401 nisi
1582 3344 1888 3412 Domin0‚

377 3441 452 3503 id
510 3446 612 3503 est
661 3439 782 3502 soli
815 3439 1262 3501 universorum
1301 3438 1686 3501 dominatori
1737 3459 1887 3504 vero

375 3540 516 3603 Deo
548 3556 564 3601 ε
598 3557 676 3601 ac
723 3538 780 3601 si
828 3538 1017 3614 dicat,
1052 3538 1140 3600 De
1169 3544 1338 3599 terra
1386 3537 1510 3600 ista
1549 3538 1886 3602 aedificabo

376 3638 611 3714 altare,
645 3656 840 3719 super
877 3636 1046 3717 quod
1091 3654 1242 3698 vero
1281 3636 1407 3698 Deo
1451 3636 1752 3720 deinceps
1795 3657 1888 3699 sa—

373 3736 723 3800 crificabo.
757 3734 974 3815 Aliqui
1020 3742 1229 3796 tamen
1276 3734 1521 3812 dicunt,
1555 3737 1729 3817 quod
1771 3744 1887 3799 ter-

375 3854 522 3897 ram
558 3834 740 3896 illam
769 3832 984 3895 attulit
1011 3851 1252 3909 secum,
1284 3841 1356 3894 ut
1395 3840 1705 3897 sterneret
1747 3854 1885 3898 eam

375 3934 452 3995 in
517 3931 690 3994 fanis
747 3930 1090 4007 idolorum,
1143 3939 1457 4012 quatenus
1513 3950 1704 4014 super
1749 3952 1884 3996 eam

375 4040 592 4107 stans,
625 4030 824 4092 Deum
852 4029 1042 4092 Israel
1074 4029 1366 4092 adoraret
1393 4053 1408 4103 ;
1455 4030 1565 4092 sed
1607 4031 1883 4111 primum

373 4130 608 4195 verius
645 4136 997 4210 reputatur.
1043 4127 1292 4189 Poterat
1331 4134 1544 4190 tamen
1590 4128 1668 4191 de
1717 4137 1886 4192 terra

1996 3142 2449 3220 adorationem,
2477 3143 2585 3205 sed
2616 3154 2928 3226 quantum
2960 3147 3038 3209 ad
3070 3146 3285 3211 locum
3317 3169 3483 3214 com-

1995 3240 2381 3303 municando
2412 3260 2559 3303 cum
2601 3261 2747 3323 rege
2778 3243 3131 3323 idololatra,
3167 3247 3259 3310 ita
3303 3257 3373 3311 ut
3418 3250 3485 3312 in

1996 3358 2071 3403 eo
2103 3338 2255 3402 fano
2283 3341 2480 3403 Deum
2513 3360 2733 3404 verum
2774 3343 3050 3421 adorem,
3087 3344 3154 3407 in
3186 3365 3316 3428 quo
3348 3348 3487 3432 ipse

1996 3436 2237 3501 idolum
2268 3458 2455 3501 suum
2482 3456 2496 3501 :
2529 3440 2701 3520 quod
2730 3458 2859 3503 non
2890 3450 2985 3503 est
3014 3444 3256 3507 malum
3287 3446 3355 3508 in
3385 3468 3474 3526 se,

1995 3536 2146 3618 quia
2178 3537 2418 3618 ubique
2438 3537 2603 3601 Deus
2634 3546 2842 3620 potest
2862 3541 3109 3605 adorari
3142 3552 3205 3606 et
3234 3545 3358 3608 coli
3382 3570 3396 3621 ;
3424 3557 3487 3610 et

1993 3644 2205 3699 tamen
2234 3636 2467 3718 poterit
2486 3638 2655 3718 apud
2682 3637 3046 3719 ignorantes
3078 3641 3313 3707 habere
3347 3664 3482 3727 spe-

1995 3735 2161 3798 ciem
2192 3734 2366 3812 mali,
2392 3734 2545 3816 quia
2572 3735 2861 3798 videntes
2900 3756 3002 3801 me
3032 3738 3185 3803 illuc
3218 3741 3481 3807 introire

1994 3853 2139 3897 cum
2172 3853 2339 3915 rege,
2367 3841 2664 3914 poterunt
2693 3834 3029 3913 aestimare‚
3057 3840 3227 3918 quod
3260 3860 3375 3922 pro
3405 3862 3482 3906 ea

1994 3951 2184 3994 causa
2231 3932 2384 3993 illuc
2436 3931 2821 4013 ingrederer,
2860 3952 2976 4014 pro
3026 3954 3152 4015 qua
3199 3936 3357 4018 ipse.
3406 3941 3485 4003 Et

1993 4037 2305 4111 quantum
2352 4030 2431 4092 ad
2480 4029 2621 4107 hoe,
2663 4028 2938 4109 indiguit
2980 4032 3475 4116 dispensatione,

1992 4147 2188 4209 quam
2220 4125 2429 4189 facere
2457 4135 2703 4209 poterat
2725 4127 2991 4207 Eliseus,
3018 4132 3369 4213 praesertim
3399 4156 3478 4199 ex

374 4236 450 4293 et
479 4226 658 4290 saxis
689 4224 884 4307 Syriae
912 4224 1236 4289 aedificare
1266 4224 1501 4301 altare3
1538 4227 1648 4288 sed
1678 4246 1754 4290 ex
1785 4228 1887 4291 de·
1916 4228 1965 4290 D
1997 4226 2305 4288 instinctu
2332 4224 2586 4302 divin03
2626 4225 2749 4304 vel,
2774 4235 2844 4289 ut
2889 4228 3093 4310 aliqui
3122 4229 3365 4312 dicunt,
3391 4254 3483 4299 so-

375 4327 654 4391 votione
702 4324 781 4387 ad
829 4324 1028 4386 Deum
1077 4323 1289 4400 Israel,
1332 4322 1538 4385 voluit
1588 4325 1667 4387 de
1717 4334 1886 4390 terra

373 4425 604 4489 cultus
633 4423 734 4485 sui
768 4421 928 4485 illud
959 4429 1348 4498 construere,
1374 4430 1674 4503 reputans
1706 4423 1882 4487 illam

373 4531 678 4587 sanctam
711 4529 972 4603 propter
999 4519 1242 4582 cultum
1264 4519 1373 4582 Dei
1404 4519 1472 4581 in
1504 4540 1597 4583 ea.

467 4626 611 4685 Hoc
629 4630 850 4683 autem
867 4624 1077 4680 solum
1096 4628 1212 4687 est,
1230 4622 1310 4679 de
1338 4639 1488 4697 qam,
1519 4619 1678 4681 mihi
1713 4620 1884 4702 igno-

372 4721 628 4786 scendo
657 4719 764 4783 vel
795 4737 924 4781 non
955 4717 1328 4799 imputando
1358 4718 1437 4780 ad
1467 4718 1743 4802 culpam,
1777 4726 1884 4783 de-

371 4822 667 4899 preceris
683 4819 1042 4879 Dominum
1051 4837 1175 4894 pro
1195 4835 1298 4879 me
1317 4836 1494 4877 servo
1520 4827 1626 4878 tuo
1643 4840 1666 4879 .·
1685 4841 1886 4899 quan-

371 4923 466 4981 do
524 4918 836 4979 dominus
883 4936 1062 4977 meus
1117 4934 1226 4978 rex
1275 4915 1468 4997 Syriae
1513 4918 1886 4994 inyreditur

376 5020 704 5095 templum
731 5018 1073 5084 Remmon,
1095 5014 1159 5075 id
1191 5021 1284 5077 est
1329 5014 1481 5076 idoli
1521 5015 1618 5077 sui
1659 5016 1752 5080 sic
1797 5018 1885 5081 di-

374 5116 496 5193 cti,
529 5125 607 5176 ut
635 5117 862 5175 adoret
894 5112 1133 5175 idolum
1164 5111 1346 5189 illud,
1370 5124 1428 5174 et
1459 5117 1572 5174 illo
1604 5117 1884 5179 inniten-

373 5226 442 5277 te
481 5234 684 5291 swper
725 5230 999 5273 manum
1039 5232 1248 5273 meam
1276 5232 1298 5271 .·
1329 5212 1482 5293 quia
1522 5220 1672 5276 tunc
1705 5230 1882 5294 reges

371 5310 836 5377 innitebantur
865 5328 1058 5392 super
1077 5309 1356 5391 aliquem
1387 5310 1746 5393 principem
1780 5312 1884 5375 ha-

1994 4324 2127 4387 lum
2170 4323 2536 4403 declaravit,
2570 4325 2691 4389 hoc
2724 4325 2849 4408 ipsi
2888 4326 3165 4391 Naaman
3214 4350 3343 4395 non
3388 4354 3482 4398 es-

1993 4444 2061 4487 se
2092 4423 2411 4487 illicitum.
2447 4424 2623 4487 Unde
2671 4424 2867 4507 aliqui
2905 4427 3263 4507 adstruunt,
3306 4436 3479 4514 quod

1993 4522 2289 4604 quamvis
2332 4522 2691 4585 idololatria
2726 4531 2790 4586 et
2828 4525 2969 4607 ejus
3011 4526 3335 4593 simulatio
3374 4530 3479 4595 fu-

1994 4620 2163 4685 erint
2200 4620 2445 4684 vitiosae
2481 4622 2561 4684 de
2599 4621 2738 4702 lege
2784 4631 3047 4703 naturae,
3088 4644 3216 4689 non
3266 4636 3479 4693 tamen

1995 4719 2059 4782 id
2096 4720 2269 4802 quod
2303 4719 2495 4783 habet
2526 4720 2805 4802 speeiem
2843 4722 2987 4785 talis
3025 4723 3473 4809 simulationiS,

1993 4819 2337 4881 dummodo
2370 4836 2498 4881 non
2540 4819 2623 4881 sit
2655 4818 2718 4881 in
2751 4838 2826 4883 eo
2864 4820 3227 4887 idololatria
3255 4835 3365 4889 aut
3396 4828 3480 4890 si-

1994 4917 2259 4981 mulatio
2306 4918 2465 5000 ejuS.
2497 4917 2800 4982 Praeterea
2842 4920 3101 5001 quidam
3150 4936 3481 5006 exponunt

1994 5017 2107 5094 sie,
2142 5017 2312 5098 quod
2343 5016 2617 5079 Naaman
2663 5018 2869 5081 solum
2899 5020 3145 5101 petivit,
3180 5030 3249 5084 ut
3291 5044 3475 5088 suum

1993 5114 2311 5192 officium,
2338 5116 2603 5193 scilicet,
2626 5125 2980 5180 sustentare
3002 5139 3239 5201 regem,
3264 5133 3479 5203 posset

1994 5214 2167 5278 licite
2199 5213 2406 5277 facere
2439 5214 2505 5277 in
2528 5214 2713 5290 fan03
2740 5216 2905 5279 sicut
2933 5225 2997 5279 et
3025 5226 3198 5281 extra
3228 5218 3471 5302 fanum,

1992 5322 2056 5377 et
2085 5322 2155 5376 ut
2182 5320 2328 5376 ante
2357 5333 2537 5376 suam
2568 5314 2961 5378 curationem
2997 5316 3209 5381 facere
3253 5338 3479 5388 consu-
