4309 6259
552 3153 747 3259 ¹12Theu.
759 3168 816 3209 iv,

553 3352 703 3457 ¹forn.
726 3364 814 3402 suu,

565 3548 696 3592 cant.
715 3562 755 3598 v,
772 3550 812 3592 2.

857 490 975 557 370

857 679 1284 761 prolixitatem
1342 679 1665 742 vitandam
1726 687 2100 761 pertranseo
2157 696 2171 739 :

857 778 1028 841 enim
1079 778 1274 841 verba
1327 778 1783 861 expositorum,
1817 778 1924 839 sed
1978 783 2206 852 textuS,
2242 794 2346 838 ex-

855 878 1150 958 ponenda
1193 876 1466 957 suscepi.

934 975 1114 1037 Circa
1132 974 1303 1037 hunc
1324 993 1582 1056 passum
1604 974 1692 1036 ait
1710 973 2046 1053 Gregorius
2073 991 2087 1035 :
2113 973 2344 1035 Horror

854 1084 1180 1137 nocturnae
1209 1073 1496 1151 visioniS,
1531 1081 1628 1137 est
1657 1092 1854 1155 pavor
1893 1072 2162 1135 internae
2200 1090 2345 1134 con-

849 1171 1305 1253 templationis,
1357 1172 1644 1233 Humana
1700 1171 1936 1234 etenim
1987 1190 2167 1234 mens
2214 1187 2342 1251 quo

848 1269 1038 1332 altius
1079 1270 1346 1348 elevata,
1391 1288 1532 1350 quae
1578 1278 1726 1331 sunt
1771 1277 2008 1332 aeterna
2052 1268 2342 1332 conside-

849 1376 965 1445 rat,
989 1387 1064 1430 eo
1094 1368 1174 1431 de
1205 1367 1392 1430 factis
1423 1368 1558 1428 suis
1593 1367 2051 1450 temporalibus
2079 1366 2338 1447 gravius

847 1465 1217 1529 tremefacta
1262 1465 1562 1527 Formidat
1597 1483 1609 1527 :
1647 1465 1800 1547 quia
1845 1474 2020 1527 tanto
2060 1484 2127 1527 se
2167 1484 2337 1526 ream

848 1563 1060 1628 verius
1088 1563 1310 1639 cernit,
1329 1571 1568 1644 quanto
1600 1582 1668 1625 se
1696 1563 1777 1625 ab
1805 1562 1916 1625 illo
1945 1563 2188 1625 lumine
2216 1562 2341 1624 dis-

847 1680 1162 1744 crepasse,
1205 1662 1376 1743 quod
1420 1680 1610 1743 super
1650 1680 1718 1723 se
1764 1661 2146 1737 intermicat,
2190 1680 2340 1723 con-

849 1759 1061 1841 spicit.
1095 1760 1211 1823 Sed
1245 1760 1502 1841 quando
1532 1760 1611 1821 ad
1642 1759 1937 1822 infirmos
1969 1760 2200 1822 mentis
2230 1779 2339 1822 no-

850 1866 994 1920 strae
1036 1857 1255 1920 oculos
1306 1857 1465 1920 illud
1519 1857 2044 1920 incommutabile
2093 1858 2331 1935 lumen,
2372 1861 2419 1922 B
2448 1857 2699 1919 sionum
2748 1876 3004 1919 suarum
3044 1856 3375 1933 :Domine,
3419 1855 3483 1917 in
3530 1855 3777 1918 visione
3822 1864 3941 1919 tua
3986 1875 4251 1919 numme..

2446 1956 2771 2019 dissolutae
2812 1963 2961 2017 sunt
2997 1972 3331 2035 compages
3363 1972 3539 2031 meae,
3564 1962 3627 2015 ει
3655 1952 3815 2015 nihil
3863 1955 3937 2017 in
3968 1940 4043 1978 ¹⁷·

849 1957 1012 2019 sicut
1044 1965 1160 2033 est,
1196 1974 1322 2018 non
1355 1956 1654 2039 erumpit,
1689 1956 1894 2019 adhuc
1929 1958 2122 2019 Deum
2151 1957 2336 2037 quasi

848 2054 914 2117 in
949 2064 1258 2117 nocturna
1289 2054 1535 2119 visione
1578 2054 1967 2137 adspicimus
2005 2073 2018 2116 ε
2055 2055 2120 2117 in
2150 2056 2335 2136 cujus

847 2153 1302 2232 magnitudinis
1358 2154 1916 2235 comtemplatione
1963 2171 2144 2217 mens
2192 2154 2337 2217 hor-

847 2252 1056 2329 rescit,
1082 2252 1385 2333 quoniam
1423 2252 1578 2335 ipsis
1601 2251 2161 2334 contemplationis
2193 2252 2334 2333 ejus

845 2349 1130 2430 vestigiis
1173 2368 1240 2412 se
1283 2350 1590 2432 imparem
1635 2350 1866 2424 sentit3
1902 2358 2091 2431 atque
2133 2351 2215 2413 ad
2266 2370 2335 2413 se

844 2447 1117 2529 relapsa,
1162 2468 1308 2511 eum
1349 2448 1584 2511 arctius
1615 2448 1848 2530 diligit,
1882 2449 2068 2530 cujus
2105 2449 2332 2511 miram

842 2546 1244 2609 dulcedinem
1276 2547 1444 2609 i'erre
1474 2566 1602 2609 non
1625 2547 1866 2623 valenS,
1891 2547 1996 2609 vix
2018 2547 2183 2610 hanc
2212 2548 2331 2610 sub

844 2644 1228 2727 incompleta
1248 2645 1497 2709 visione
1514 2645 1814 2725 gustavit.
1830 2644 2136 2726 Denique,
2162 2648 2333 2727 quis-

841 2743 988 2824 quis
1036 2743 1353 2807 internam
1401 2762 1695 2825 quaerens
1744 2744 2048 2824 quietem,
2103 2745 2332 2808 mundi

842 2841 1177 2924 strepitum
1225 2840 1412 2923 fugit,
1444 2841 1628 2923 quasi
1668 2841 2010 2905 obdormit.
2057 2842 2331 2906 Somnus

841 2948 1053 3001 autem
1112 2940 1176 3001 in
1227 2938 1570 3021 Scripturis
1631 2939 1970 3021 tripliciter
2031 2941 2325 3003 sumitur.

1717 507 2068 555 ENARRATIO
2109 508 2174 553 IN
2216 507 2354 554 ceoe.
2400 506 2460 551 lv
2500 505 2626 551 1013.
2671 524 2753 537 ·--
2793 505 2935 551 ΛΒΤ.
2981 505 3086 552 xlv

2226 696 2344 739 nec
2373 677 2422 738 A
2453 674 2643 737 situm
2672 700 2685 749 3
2720 674 3049 738 destitutio
3078 681 3291 736 autem
3309 672 3537 737 caloris
3556 679 3621 735 et
3648 670 3939 753 spirituS,

2453 774 2697 836 faciunt
2724 773 3015 836 decidere
3048 773 3122 834 ad
3156 772 3350 835 situm
3384 770 3745 853 oppositum
3773 787 3787 829 :
3812 768 3943 831 sic-

2450 891 2575 953 que
2617 879 2915 935 causatur
2957 880 3193 933 tremor
3233 870 3398 932 inter
3428 869 3587 933 duos
3630 867 3791 930 situs
3834 886 3946 949 op-

2450 970 2713 1053 positos

2536 1074 2616 1132 Et
2660 1071 2881 1130 omnia
2917 1089 3053 1129 ossa
3092 1089 3231 1129 mea
3267 1069 3612 1147 perterrita
3656 1076 3833 1136 sunt,
3875 1065 3943 1127 id

2450 1178 2546 1231 εει
2576 1177 2849 1230 tremore
2869 1186 3178 1230 concussa
3210 1185 3320 1228 seu
3351 1166 3633 1242 alterata,
3658 1165 3745 1227 ita
3764 1164 3942 1245 quod

2452 1265 2641 1329 timor
2668 1266 2878 1328 cordis
2911 1273 3035 1327 tam
3066 1264 3292 1346 ingens
3323 1283 3395 1327 ac
3416 1264 3755 1328 vehemens
3788 1262 3937 1339 suit,

2447 1365 2619 1446 quod
2653 1364 2717 1426 in
2754 1372 2952 1426 totum
2984 1382 3215 1445 corpus
3248 1362 3473 1425 intime
3501 1370 3691 1443 atque
3721 1360 3943 1424 fortis-

2449 1464 2608 1525 sime
2652 1462 3049 1525 redundavit.
3104 1461 3204 1525 Sic
3248 1470 3311 1525 et
3359 1460 3549 1523 lsaias
3590 1462 3670 1523 de
3723 1478 3791 1523 se
3839 1460 3941 1541 ip-

2448 1582 2518 1626 so
2548 1569 2815 1625 testatur
2850 1578 2863 1621 :
2906 1560 3150 1637 Corrui,
3186 1559 3736 1641 quumaudirem3
3784 1578 3941 1621 con·
3966 1577 4256 1627 tantu.

2450 1660 2737 1721 turbatus
2787 1678 2951 1734 sum,
3004 1678 3202 1740 quum
3254 1658 3575 1731 viderem3
3624 1658 3939 1721 emarcuit

2446 1779 2555 1822 cor
2582 1778 2815 1821 meum.
2852 1758 3157 1821 Similiter
3187 1756 3404 1820 Daniel
3435 1756 3523 1819 ait
3553 1757 3620 1819 in
3650 1756 3811 1820 libro
3838 1757 3941 1821 vi-

2445 2074 2547 2117 me
2578 2052 2884 2117 remansit
2920 2053 3179 2117 virium.
3214 2052 3334 2114 Sed
3377 2060 3441 2115 et
3468 2052 3705 2115 halitus
3747 2071 3933 2115 meus

2442 2152 2912 2216 intercluditur.
2938 2150 3386 2233 Spiritualiter,
3414 2151 3757 2213 secundum
3788 2150 3937 2215 Gre-

2443 2251 2715 2331 gorium,
2751 2269 2894 2313 ossa
2941 2257 3090 2311 sunt
3132 2268 3325 2331 opera
3364 2249 3647 2312 virtuosa
3684 2269 3758 2312 ac
3799 2249 3933 2313 for-

2446 2350 2579 2410 tia:
2628 2367 2771 2430 quae
2826 2348 2938 2429 qui
2992 2356 3209 2427 agunt,
3260 2347 3531 2428 alicujus
3580 2348 3931 2430 aliquando

2441 2447 2746 2510 momenti
2768 2466 2841 2509 ea
2864 2446 3253 2523 existimant,
3279 2446 3431 2526 quia
3461 2465 3649 2528 quam
3682 2446 3763 2508 sit
3782 2448 3933 2511 sub-

2443 2546 2554 2610 tile
2598 2544 2913 2627 judicium
2974 2544 3209 2608 divinae
3257 2543 3696 2622 districtioniS‚
3745 2544 3931 2625 igno-

2442 2654 2603 2707 rant.
2630 2646 2750 2707 Scd
2780 2664 2978 2726 quum
3002 2662 3117 2726 per
3136 2644 3739 2725 contemplationem
3759 2646 3933 2727 rapti

2440 2764 2714 2827 superna
2741 2742 3167 2825 conspiciunt,
3186 2761 3224 2804 a
3244 2761 3371 2805 suae
3402 2743 3755 2805 securitatis
3776 2763 3931 2826 prae-

2439 2843 2803 2925 sumptione
2850 2841 3236 2923 liquefiunt3
3285 2850 3349 2903 et
3390 2850 3563 2903 tanto
3608 2843 3809 2924 magis
3857 2844 3929 2906 in

2437 2939 2657 3006 divino
2713 2948 3060 3021 conspectu
3118 2939 3458 3021 trepidant,
3513 2950 3750 3021 quanto
3809 2961 3931 3006 nec

843 3038 1072 3114 Prim0,
1107 3057 1222 3120 pro
1266 3046 1470 3100 morte
1511 3037 1743 3115 carniS,
1779 3038 2032 3100 dicente
2069 3037 2331 3121 Aposto-
2362 3040 2405 3104 C
2442 3039 2605 3102 bona
2648 3059 2763 3101 sua
2803 3039 2995 3118 digna
3034 3039 3171 3120 ejus
3202 3038 3504 3101 examine
3543 3057 3735 3120 quem
3778 3059 3931 3103 con-

845 3136 908 3198 lo
951 3153 964 3197 :
1017 3134 1321 3197 Nolumus
1371 3153 1482 3198 vos
1535 3135 1826 3216 ignorare
1872 3136 1950 3197 de
2005 3137 2330 3200 dormien-

844 3233 1038 3296 tibus.
1082 3233 1392 3309 Secundo,
1439 3252 1553 3314 pro
1599 3242 1849 3315 torpore
1896 3234 2326 3316 negligentiae,

841 3332 1021 3414 juxta
1072 3332 1231 3395 illud
1278 3350 1292 3393 :
1335 3333 1610 3413 Tempus
1659 3342 1754 3395 cst
1803 3352 1919 3395 nos
1973 3334 2052 3395 de
2101 3352 2329 3398 somno

845 3449 1122 3511 surgere.
1166 3430 1397 3508 Tertio,
1432 3450 1548 3513 pro
1598 3431 1814 3513 quiete
1859 3432 2005 3494 vitae
2051 3440 2324 3509 aeternae,

844 3538 914 3591 ut
954 3547 1107 3592 voce
1146 3528 1405 3611 Sponsae
1444 3529 1510 3590 in
1549 3529 1828 3592 Canticis
1867 3529 2103 3592 dicitur
2140 3548 2154 3591 :
2200 3531 2329 3611 Ego

841 3628 1108 3704 dormio,
1145 3636 1208 3689 et
1243 3646 1352 3689 cor
1391 3646 1604 3689 meum
1638 3627 1882 3706 vigilat.

917 3729 1138 3788 Pavor
1177 3728 1385 3786 tenuit
1413 3746 1513 3785 me
1553 3736 1614 3786 et
1656 3736 1914 3795 cremor,
1943 3726 2008 3787 id
2050 3734 2168 3803 est,
2206 3725 2330 3788 for-

840 3824 1011 3888 mido
1043 3824 1272 3886 animae
1302 3833 1366 3886 et
1397 3823 1682 3906 corporis
1712 3824 2050 3905 trepidatio
2081 3825 2329 3889 invase—

838 3931 986 3985 runt
1017 3931 1080 3986 et
1109 3932 1582 4006 occupaverunt
1609 3942 1734 3984 me.
1767 3922 1856 3983 Ex
1885 3922 2326 4003 hujuscemodi

837 4040 1112 4102 namque
1143 4022 1438 4104 supernis
1469 4030 1659 4103 atque
1690 4020 1966 4083 insolitis
1997 4021 2233 4083 auditis
2266 4031 2329 4083 et

836 4119 1014 4196 visiS‚
1050 4120 1397 4202 praesertim
1447 4127 1728 4201 tempore
1773 4120 1994 4196 noctiS,
2037 4120 2327 4183 naturale

2440 3138 2741 3219 spiciunt,
2778 3145 3069 3219 pensant.

2532 3239 2618 3297 Et
2656 3257 2859 3315 quum
2910 3238 3183 3313 spiritus
3226 3256 3328 3296 me
3360 3247 3673 3313 prce-sente
3717 3248 3933 3299 trans-

2442 3338 2585 3407 iret,
2638 3335 2700 3397 id
2758 3344 2875 3411 est,
2940 3353 3041 3396 me
3100 3334 3444 3410 accederet,
3506 3354 3701 3416 seque
3762 3336 3925 3399 mihi

2438 3433 2785 3497 adveniens
2842 3440 3278 3515 praesentaret,
3336 3432 3753 3513 intelligendo
3810 3454 3927 3516 per

2439 3531 2757 3613 spiritum,
2792 3530 3085 3611 angelum
3125 3530 3188 3591 in
3226 3530 3430 3593 forma
3459 3530 3699 3594 visibili
3732 3551 3927 3614 appa—

2438 3639 2705 3707 rentem,
2742 3638 2809 3693 ut
2855 3630 3125 3693 Thomas
3173 3629 3405 3705 innuit,
3438 3639 3502 3693 et
3546 3630 3704 3712 Lyra
3748 3651 3931 3714 aper-

2438 3730 2563 3791 tius
2606 3729 2785 3791 dicit.
2819 3728 3113 3791 Albertus
3162 3737 3395 3805 tamen,
3443 3747 3556 3810 per
3596 3729 3922 3811 spiritum,

2437 3828 2738 3907 intelligit
2768 3826 3160 3909 superiorem
3190 3826 3419 3889 animae
3448 3827 3827 3909 portionem,
3854 3829 3923 3891 in

2434 3946 2560 4008 qua
2604 3926 2865 4008 ponitur
2906 3925 3268 3987 intellectus
3304 3942 3317 3986 :
3352 3925 3464 4009 qui
3505 3926 3821 4002 transivit,
3856 3927 3921 3990 id

2434 4034 2551 4102 est,
2574 4026 2638 4087 in
2683 4024 2949 4087 transitu
3005 4024 3235 4106 raptim
3286 4023 3677 4087 intellectum
3728 4026 3927 4089 visio-

2436 4124 2536 4185 nis
2567 4124 2832 4205 accepit.
2864 4122 3087 4186 Coram
3128 4140 3251 4200 me,
3285 4121 3517 4203 inquit,
3552 4122 3619 4185 id
3648 4133 3744 4187 est
3772 4133 3923 4189 ante

837 4227 933 4280 est
998 4218 1266 4295 homini,
1328 4235 1558 4297 magno
1617 4218 2012 4299 apprehendi
2069 4218 2318 4281 timore.
2358 4228 2408 4290 D
2437 4242 2646 4285 meum
2678 4230 3113 4304 conspectum.
3138 4220 3259 4283 Sed
3287 4220 3599 4303 expositio
3630 4222 3805 4304 prior
3823 4234 3923 4287 est

836 4316 1012 4378 Unde
1041 4333 1240 4397 quum
1277 4316 1522 4377 homini
1559 4315 1728 4378 fiunt
1767 4317 2184 4380 revelationes
2230 4317 2328 4379 in-

836 4413 1059 4490 solitae,
1096 4412 1162 4475 in
1193 4413 1512 4495 principio
1541 4413 1769 4477 timore
1799 4416 2181 4491 concutitur,
2218 4435 2326 4497 pa-

835 4510 1119 4591 titurque
1165 4518 1524 4573 tremorem.
1560 4512 1770 4589 Porro,
1826 4514 2176 4575 secundum
2225 4513 2325 4575 Al-

833 4608 1106 4686 bertum,
1141 4628 1338 4691 pavor
1368 4617 1577 4673 motus
1607 4618 1704 4675 est
1732 4612 1940 4674 cordis
1971 4613 2322 4675 secundum

833 4708 1112 4790 systolen
1141 4734 1156 4786 3
1190 4716 1429 4771 tremor
1475 4717 1572 4771 est
1621 4710 1960 4792 trepidatio
2007 4710 2315 4792 corporis,

831 4815 1055 4889 estque
1085 4826 1316 4889 magno
1347 4807 1564 4889 aliquo
1599 4817 1967 4889 apparente,
2007 4808 2154 4889 l'uga
2187 4829 2325 4872 cor-

830 4906 930 4967 dis
988 4906 1156 4968 intra
1205 4925 1272 4968 se
1321 4906 1554 4987 ipsum.
1608 4907 1766 4968 Dum
1816 4908 1988 4969 enim
2039 4907 2207 4969 intra
2254 4928 2321 4971 se

832 5003 1107 5085 fugienS,
1143 5004 1310 5066 intra
1337 5022 1404 5066 se
1432 5004 1674 5067 claudit
1703 5005 2018 5087 spiritum,
2045 5005 2320 5069 calorem

833 5112 896 5166 et
943 5103 1340 5183 sanguinem,
1376 5104 1687 5165 exteriora
1737 5103 2022 5166 membra
2069 5104 2169 5165 his
2222 5106 2323 5167 tri-

833 5201 954 5264 bus
973 5201 1294 5276 destituta,
1319 5220 1464 5264 mox
1483 5210 1784 5263 tremunt.
1809 5202 2023 5264 Virtus
2045 5221 2321 5284 namque

833 5299 1118 5363 membro
1146 5298 1350 5362 affixa
1378 5308 1442 5385 et
1469 5298 1725 5377 debiliS,
1759 5309 1972 5365 movet
2009 5302 2086 5364 ad
2117 5322 2319 5365 unum

2434 4321 2663 4403 aptior.
2699 4324 3201 4390 Inhorruerunt,
3232 4319 3294 4381 id
3334 4327 3452 4396 εει,
3494 4320 3923 4403 horripilatio-

2435 4439 2578 4482 nem
2628 4418 2798 4501 passi
2843 4425 3014 4494 sunt,
3062 4437 3175 4480 seu
3222 4436 3354 4499 prae
3402 4417 3665 4483 horrore
3712 4420 3778 4481 in
3826 4420 3921 4483 al-

2435 4526 2568 4581 tum
2612 4525 3040 4593 surrexerunt,
3068 4518 3203 4593 pili
3228 4519 3449 4577 carnis
3490 4539 3662 4580 meoe.
3698 4518 3919 4582 Calore

2432 4636 2711 4699 namque
2756 4625 2821 4679 ει
2862 4614 3089 4697 spiritu
3138 4616 3217 4677 ad
3259 4614 3561 4678 interiora
3605 4617 3915 4695 retractiS,

2434 4714 2635 4796 frigus
2665 4714 2917 4796 obrepit
2946 4713 3011 4775 in
3043 4714 3232 4796 pelle,
3263 4733 3391 4795 qua
3418 4723 3761 4794 contracta,
3796 4719 3919 4780 eri-

2429 4819 2667 4893 guntur
2686 4811 2903 4893 capilli
2931 4812 3134 4892 :quod
3166 4810 3565 4893 horripilatio
3588 4832 3917 4897 nuncupa-

2430 4919 2554 4972 tur.
2590 4911 2713 4973 Nec
2744 4910 3001 4986 mirum,
3040 4909 3093 4971 si
3125 4909 3202 4971 ad
3232 4910 3633 4991 praesentiam
3678 4913 3921 4992 augeli-

2430 5028 2518 5071 cae
2554 5028 2626 5071 ac
2664 5008 2941 5071 coelestis
2974 5008 3384 5089 praepotentis
3412 5008 3690 5087 virtutiS,
3713 5012 3917 5075 virtus

2429 5108 2708 5169 humana
2748 5105 3017 5169 inferior
3042 5105 3333 5185 'fragilis‚
3367 5107 3577 5170 taliter
3610 5108 3917 5173 alteretur

2428 5226 2500 5269 ac
2550 5206 2847 5281 varietur,
2890 5204 3241 5286 praesertim
3291 5204 3356 5266 in
3407 5214 3609 5283 nocte,
3658 5208 3917 5287 quando

2428 5323 2527 5367 res
2556 5321 2871 5386 apparens
2902 5320 3013 5363 seu
3045 5301 3281 5378 audita,
3302 5301 3445 5366 visu
3474 5303 3751 5367 discerni
3778 5323 3913 5368 non
