4309 6259
111 2277 162 2320 n·
175 2278 280 2333 Bey.
293 2290 354 2328 ω,

109 2358 150 2383 ὗ.

126 3363 232 3405 θοι.
255 3376 358 3405 xxv.

1011 512 1357 559 ENARRATIO
1401 514 1462 559 m
1506 514 1642 560 GAP.
1691 514 1750 559 lv
1794 514 1952 559 unm
1993 515 2217 569 QUARTl
2262 516 2483 561 REGUM.
2530 536 2609 545 —
2652 518 2791 563 ΛΒΤ.
2840 519 2877 561 V

377 702 550 743 eam.
584 682 766 745 Unde
797 684 1237 767 perpenditur,
1272 685 1444 766 quod
1475 684 1722 748 Eliseus
1761 703 1888 747 non
1919 682 1971 744 A
2000 684 2186 747 cendi
2216 685 2356 748 loco
2388 695 2450 748 et
2482 695 2764 767 tempore
2784 697 3163 768 opportuno.
3188 687 3486 763 Quamvis
3518 746 3526 753 .

379 778 636 842 solebat
657 781 996 845 admittere
1015 783 1357 845 mulierum
1381 791 1766 859 contactum,
1789 802 1890 845 ne-

377 898 508 959 que
553 880 636 941 ad
675 880 896 962 pedes,
932 884 1016 943 Et
1059 884 1158 942 ait
1199 886 1384 943 homo
1415 884 1538 941 Dei
1567 900 1590 942 .·
1618 884 1892 943 Dimitte

375 980 600 1049 illam,
653 998 736 1041 ne
784 979 1212 1043 abstrahendo
1262 999 1425 1057 eam,
1479 998 1708 1061 augeas
1749 980 1888 1062 ejus

377 1076 676 1140 dolorem
718 1094 734 1139 :
779 1078 935 1159 quia
983 1097 1110 1141 non
1159 1087 1256 1141 est
1301 1078 1552 1142 afflicto
1601 1080 1891 1142 addenda

379 1174 693 1252 afflictio,
729 1177 857 1238 nisi
903 1178 1199 1260 specialis
1229 1186 1292 1240 et
1336 1177 1736 1240 rationabilis
1766 1179 1890 1240 exi-

377 1281 492 1353 gat
515 1274 703 1336 ratio.
726 1272 958 1355 Sieque
983 1274 1297 1337 discretus
1328 1284 1391 1337 et
1414 1275 1559 1357 pius
1579 1274 1892 1357 Propheta

379 1391 462 1434 ex
513 1372 964 1454 compassione
1005 1373 1312 1437 relaxavit
1355 1393 1539 1436 suum
1589 1374 1886 1454 rigorem,

381 1478 450 1532 et
480 1471 782 1535 toleravit
801 1471 1188 1534 venerabilis
1219 1481 1518 1534 matronae
1546 1480 1845 1534 attactum
1873 1489 1884 1532 :

379 1570 560 1651 quod
595 1589 1002 1651 nequaquam
1050 1588 1127 1633 ex
1174 1571 1416 1633 carnali
1457 1570 1768 1653 processit
1799 1569 1894 1632 af-

382 1666 586 1744 fectu,
613 1668 726 1730 sed
758 1687 834 1730 ex
867 1668 1272 1731 vehementia
1291 1670 1564 1751 quadam
1596 1669 1894 1751 spiritua-

383 1766 468 1829 lis
491 1766 755 1829 amoriS.
779 1766 940 1829 Hine
962 1767 1256 1830 subditur
1277 1786 1290 1829 ε
1311 1771 1536 1829 anima
1559 1770 1734 1829 em'm
1753 1770 1892 1845 ejus

383 1867 462 1925 in
491 1868 954 1927 amaritudine
970 1876 1078 1935 est,
1097 1876 1157 1927 et
1173 1870 1493 1929 Dominus
1521 1868 1754 1928 celavit
1775 1888 1893 1939 me,
1929 1867 1975 1928 B
2002 1866 2154 1946 quia

380 1975 446 2025 et
479 1985 612 2025 non
644 1966 972 2025 indicavit
1004 1967 1194 2035 mihi,
1215 1964 1280 2027 id
1312 1975 1428 2041 est,
1462 1965 1622 2027 mihi
1655 1984 1780 2028 non
1803 1984 1895 2028 re-

386 2062 654 2140 velavit,
681 2063 842 2146 quid
871 2071 1096 2143 urgeat
1125 2081 1286 2126 eam.
1311 2064 1446 2127 Non
1477 2064 1647 2126 enim
1678 2064 1896 2127 omnia

387 2158 852 2224 revelabantur
908 2161 1020 2223 uni
1069 2161 1418 2243 Prophetae,
1481 2181 1598 2225 nee
1653 2163 1893 2224 donum

387 2259 754 2343 prophetiae
775 2278 1027 2341 semper
1048 2259 1382 2323 actualiter
1402 2259 1513 2322 ads
1517 2260 1611 2323 uit
1627 2260 1898 2341 Prophe-

390 2359 498 2435 tis,
522 2357 870 2420 ut·dictum
892 2365 1010 2434 est,
1034 2358 1142 2421 sed
1164 2357 1342 2439 juxta
1375 2359 1780 2421 moderamen
1802 2377 1898 2419 sa-

387 2457 662 2541 pientiae
699 2456 812 2519 Dei
856 2456 1278 2536 tangebantur
1315 2476 1352 2518 a
1375 2456 1613 2538 Spiritu
1647 2455 1890 2519 Sancto.

479 2560 639 2626 Quoe
669 2555 848 2614 dixit
877 2556 988 2614 illi
1017 2572 1040 2614 .·
1077 2556 1422 2633 Numquid
1443 2556 1652 2633 petivi
1677 2557 1897 2631 filium

387 2676 436 2716 a
475 2656 744 2715 domino
787 2672 921 2713 meo
943 2654 975 2713 ?
1011 2650 1194 2734 quasi
1231 2652 1423 2728 dicat,
1455 2653 1586 2733 Ego
1632 2672 1760 2715 non
1805 2671 1900 2715 ro-

386 2752 542 2835 gavi
576 2761 664 2827 te,
701 2758 774 2813 ut
803 2750 966 2812 mihi
1005 2749 1218 2813 filium
1256 2752 1652 2833 impetrareS,
1689 2752 1798 2815 sed
1833 2760 1900 2813 tu

388 2851 610 2935 primo
641 2849 805 2912 mihi
836 2849 986 2913 inde
1018 2850 1266 2914 locutus
1297 2870 1388 2928 eS,
1415 2858 1478 2913 et
1506 2850 1895 2932 promisisti:

389 2950 642 3013 idcireo
687 2948 872 3012 decet
913 2956 976 3011 te
1016 2967 1392 3030 recuperare
1443 2951 1683 3012 donum
1727 2950 1898 3030 quod

3406 502 3479 563 21

2002 784 2217 865 itaque
2266 784 2621 865 proximum
2674 785 2947 847 salutare
2996 794 3059 849 et
3106 786 3487 848 salutantem

2001 882 2366 958 resalutare,
2400 883 2529 945 sint
2558 891 2735 945 actus
2779 884 3127 947 laudabiles
3170 884 3235 946 in
3274 903 3363 961 se,
3398 892 3489 947 ta-

2001 999 2148 1043 men
2180 1000 2256 1044 ex
2288 981 2653 1045 rationabili
2674 1002 2865 1044 eausa
2895 990 3164 1063 possunt
3183 983 3487 1065 suspendi

2000 1088 2193 1160 atque
2222 1078 2497 1157 differri,
2530 1090 2600 1141 ut
2631 1081 2875 1143 scilicet
2920 1081 3177 1144 interim
3219 1082 3363 1163 quis
3405 1082 3490 1143 al-

2003 1177 2271 1240 tioribus
2294 1188 2493 1255 vacet,
2512 1188 2575 1240 et
2594 1199 2630 1241 a
2650 1179 2776 1242 Deo
2805 1180 3036 1242 mentis
3068 1180 3485 1243 intentionem

2001 1295 2130 1338 non
2182 1284 2457 1354 revocet,
2500 1277 3028 1359 occasionemque
3072 1278 3231 1341 vitet
3274 1277 3491 1341 confa-

1999 1374 2346 1437 bulationis
2378 1374 2637 1437 illicitae.
2675 1374 2777 1437 Sic
2822 1375 3015 1455 igitur
3042 1375 3288 1439 Eliseus
3320 1395 3491 1439 com-

2000 1473 2177 1535 misit
2207 1473 2340 1535 haec
2359 1472 2551 1549 Giezi‚
2572 1483 2885 1554 quatenus
2916 1481 3089 1536 tanta
3108 1474 3485 1552 intentione,

1999 1571 2359 1649 devotione,
2393 1590 2466 1634 ac
2497 1571 2829 1651 diligentia
2856 1590 3016 1655 opus
3057 1574 3340 1655 expleret
3367 1572 3490 1635 sibi

2003 1670 2385 1752 injunctum,
2440 1678 2511 1732 ut
2558 1680 2837 1733 mentem
2889 1690 3293 1753 nequaquam
3339 1672 3492 1735 hinc

2003 1768 2152 1831 inde
2201 1767 2586 1846 effunderet,
2641 1788 2758 1832 nec
2807 1770 3248 1834 commisceret
3298 1770 3493 1834 collo-

2208 1884 2221 1928 :
2274 1866 2452 1948 juxta
2510 1886 2700 1949 quem
2764 1868 3025 1930 modum
3081 1866 3367 1931 Christus
3426 1868 3491 1929 in

2003 1963 2347 2043 Evangelio
2391 1963 2696 2045 loquitur,
2731 1963 2944 2026 missis
2976 1984 3013 2026 a
3041 1984 3110 2027 se
3138 1966 3216 2028 ad
3261 1964 3489 2048 praedi-

2001 2063 2273 2124 eandum
2305 2062 2661 2143 discipuliS,
2694 2062 3021 2125 Neminem
3056 2082 3169 2144 per
3199 2064 3368 2126 viam
3399 2083 3493 2125 sa-

2004 2160 2383 2223 lutaveritis
2408 2164 2493 2222 Et
2516 2181 2713 2239 pones
2736 2164 3037 2223 baculum
3058 2182 3271 2222 meum
3299 2182 3491 2239 super

2002 2260 2241 2338 faciem
2263 2261 2485 2336 pueri,
2516 2267 2587 2320 ut
2627 2258 2848 2323 divina
2876 2259 3128 2342 pietate,
3165 2269 3228 2322 et
3257 2259 3389 2322 fide
3419 2279 3492 2322 ae

2005 2356 2303 2439 precibus
2336 2366 2398 2418 et
2420 2357 2665 2419 meritis
2685 2358 2846 2419 meis
2877 2377 3038 2440 puer
3057 2358 3488 2421 resuscitetur.

2085 2459 2292 2517 Porro
2324 2465 2529 2516 mater
2551 2458 2749 2533 pueri
2776 2458 2871 2517 ait
2902 2456 3112 2519 Eliseo
3138 2474 3151 2517 τ
3186 2457 3358 2517 Vivit
3376 2458 3496 2518 Do-

2006 2556 2254 2623 minae,
2286 2564 2345 2615 et
2378 2556 2541 2615 vivit
2572 2556 2797 2615 anima
2833 2564 2974 2624 tua,
3003 2574 3133 2615 non
3163 2555 3513 2625 dimittam,

2009 2663 2089 2722 te,
2134 2652 2260 2714 nisi
2311 2652 2561 2716 veneris
2609 2671 2883 2715 mecum.
2936 2651 3171 2714 Habuit
3220 2670 3496 2733 namque

2011 2750 2130 2813 ista
2158 2760 2447 2813 matrona
2478 2751 2783 2831 majorem
2818 2750 2885 2812 in
2916 2750 3125 2813 Eliseo
3158 2750 3490 2828 fiduciam,

2008 2869 2200 2932 quam
2246 2850 2312 2911 in
2352 2850 2490 2930 ejus
2528 2849 2848 2912 ministrO.
2883 2852 3193 2912 Surreoeic
3234 2870 3403 2927 erqo,
3437 2860 3497 2911 et

2007 2958 2258 3010 secutus
2294 2959 2385 3009 est
2422 2970 2585 3009 eam.
2624 2950 2809 3009 Giezi
2844 2959 3061 3009 autem
3091 2958 3498 3025 praecesserat

391 3046 788 3131 impetrasti,
809 3054 874 3109 et
903 3065 1074 3109 nunc
1105 3047 1265 3109 mihi
1286 3047 1568 3110 ablatum
1599 3056 1728 3121 est3
1752 3048 1903 3110 alio-
1938 3056 1981 3119 C
2011 3058 2161 3109 ante
2188 3068 2305 3118 608,
2324 3058 2385 3108 ec
2396 3056 2701 3125 posuerat
2721 3050 3024 3108 baculum
3052 3067 3245 3124 super
3264 3049 3499 3127 faciem

391 3147 511 3229 qui
536 3144 907 3227 impetratio
938 3144 1047 3206 illa
1091 3152 1187 3207 est
1217 3145 1376 3207 mihi
1420 3165 1608 3208 eausa
1641 3145 1903 3227 majoris

389 3243 668 3310 doloriS.
705 3243 809 3306 Sic
849 3252 914 3306 et
943 3242 1226 3307 Rebecca
1264 3245 1416 3306 dum
1464 3244 1646 3325 pueri
1676 3246 1744 3306 in
1788 3262 1903 3307 suo

395 3354 586 3407 utero
631 3342 1127 3418 collidebantur,
1162 3341 1415 3405 dicebat
1449 3360 1462 3404 :
1498 3342 1562 3405 Si
1609 3343 1700 3404 sie
1744 3342 1904 3404 mihi

394 3442 700 3505 futurum
739 3448 908 3517 erat,
937 3440 1095 3522 quid
1143 3458 1400 3503 neeesse
1439 3448 1574 3504 erat
1611 3441 1905 3523 concipe-

392 3544 514 3604 re?
555 3542 911 3619 Numquid
957 3559 1084 3600 non
1138 3541 1290 3599 dia-i
1333 3542 1472 3611 tibi,
1516 3542 1615 3603 Ne
1660 3543 1906 3600 illudas

393 3662 500 3701 me
516 3643 548 3701 ἒ
569 3639 702 3702 Hoc
723 3657 918 3720 supra
949 3637 1186 3701 dixisse
1209 3656 1336 3701 non
1369 3638 1624 3719 legitur,
1644 3640 1752 3701 sed
1777 3658 1905 3702 non

389 3738 620 3803 omnia
655 3736 900 3818 scripta
933 3744 1102 3798 sunt.
1130 3735 1244 3797 Vel
1281 3737 1454 3817 quod
1492 3755 1686 3817 supra
1721 3736 1902 3813 dixit,

390 3836 538 3899 Noli
573 3834 839 3897 mentiri
862 3834 1112 3897 aneillae
1134 3842 1468 3911 ·tuae‚nune
1498 3835 1766 3896 resumit
1787 3836 1905 3897 sub

389 3934 618 3998 verbis
652 3932 796 3995 istis
832 3950 846 3993 :
879 3932 1036 4013 quia
1066 3932 1284 3994 illusio
1314 3931 1648 3997 videbatur
1691 3931 1904 3995 filium

391 4050 775 4117 procurare,
814 4050 931 4094 nec
960 4049 1360 4093 conservare.

479 4136 572 4193 Ac
617 4134 734 4191 ille
778 4131 875 4190 ait
922 4132 1012 4190 ad
1060 4130 1245 4189 Giezi
1274 4150 1297 4188 .·
1336 4131 1616 4206 Accinye
1664 4132 1905 4191 lumbos

2004 3150 2226 3226 pueri,
2255 3157 2315 3208 et
2345 3167 2475 3207 non
2502 3155 2643 3206 erat
2677 3166 2802 3206 vom
2837 3167 3039 3226 neque
3076 3166 3295 3207 sensus
3325 3167 3347 3206 .·
3380 3146 3501 3209 hoc

2012 3253 2129 3321 est,
2165 3264 2322 3326 puer
2352 3262 2479 3307 non
2511 3244 2761 3319 revixit,
2787 3244 2940 3325 quia
2966 3263 3085 3307 nec
3113 3244 3282 3307 Giezi
3314 3252 3503 3307 tantae

2015 3343 2224 3406 fuerat
2255 3342 2434 3420 fidei,
2462 3362 2579 3406 nee
2608 3351 2809 3405 mater
2841 3343 3023 3424 pueri
3053 3342 3121 3405 in
3150 3342 3319 3406 Giezi
3350 3343 3505 3407 acti-

2013 3442 2134 3505 bus
2180 3441 2549 3505 confidebat
2585 3459 2599 3503 ε
2634 3449 2843 3522 atque,
2878 3450 2951 3503 ut
2993 3442 3217 3505 dieunt
3256 3441 3503 3505 Hebraei

2015 3541 2298 3623 quidam,
2326 3540 2463 3622 ipse
2481 3538 2650 3603 Giezi
2673 3558 2800 3603 non
2833 3540 3127 3621 implevit
3157 3540 3223 3602 in
3245 3542 3351 3603 via
3376 3540 3505 3603 Eli-

2015 3640 2106 3703 sei
2151 3648 2505 3722 praeeepta3
2558 3640 2665 3701 sed
2715 3639 3197 3702 occurrentibus
3246 3638 3507 3703 interro-

2011 3738 2442 3819 gantibusque
2471 3739 2885 3820 respondem,
2919 3738 3231 3819 jactanter
3258 3737 3419 3800 dixit
3438 3757 3505 3801 se

2013 3838 2283 3901 missum
2312 3836 2391 3898 ad
2422 3836 2859 3897 suscitandum
2880 3835 3277 3898 defunctum.
3303 3836 3411 3897 Est
3442 3844 3505 3899 et

3531 2089 3641 2133 Luc.
3662 2102 3705 2139 x,
3726 2090 3769 2131 4.

2014 3935 2279 4016 mystica
2301 3934 2482 4010 ratio,
2507 3932 2810 4014 quoniam
2841 3932 3059 3995 omnia
3090 3932 3217 3994 illis
3241 3932 3308 3994 in
3342 3932 3503 4012 figu-
3530 3958 3793 4011 1Cor.x,¹1.

2015 4052 2103 4109 ra,
2141 4040 2300 4096 teste
2328 4031 2651 4113 ApostolO,
2686 4031 3110 4110 contigerunt.
3143 4031 3355 4107 Porro,
3388 4049 3503 4112 per

2013 4131 2312 4194 baculum
2342 4129 2558 4207 Elisei,
2594 4137 2774 4191 tenor
2803 4136 2866 4190 et
2903 4128 3075 4210 rigor
3106 4128 3264 4210 legis
3294 4128 3505 4191 Mosai-

397 4242 572 4300 tuos‚
607 4228 1013 4309 disponendo
1051 4235 1111 4289 te
1145 4227 1221 4289 ad
1263 4227 1544 4289 eundum
1575 4227 1898 4305 velociter,
1938 4236 1987 4298 D
2015 4251 2104 4295 cae
2133 4229 2605 4311 exprimuntur3
2626 4247 2740 4309 per
2762 4228 2969 4310 ipsum
2990 4235 3201 4290 autem
3223 4226 3503 4290 Eliseum

392 4340 462 4390 et
509 4332 662 4389 tolle
705 4329 1007 4387 baculum
1053 4346 1267 4387 meum
1316 4327 1390 4385 in
1431 4347 1634 4387 mareu
1677 4336 1814 4398 tua,
1847 4338 1904 4387 et

397 4430 599 4495 vade,
643 4431 716 4486 ut
764 4441 879 4506 per
929 4423 1226 4486 baculum
1275 4442 1513 4501 meum,
1567 4424 1708 4487 loeo
1754 4425 1901 4503 mei,

400 4526 529 4590 fiat
567 4524 981 4588 miraculum.
1024 4526 1106 4586 Si
1142 4527 1492 4587 occurrerit
1534 4528 1651 4585 tibi
1697 4528 1906 4596 kom0,

399 4647 540 4689 non
571 4628 816 4685 salutes
844 4644 992 4685 eum
1005 4647 1034 4695 ‚⁰
1060 4633 1119 4684 et
1149 4625 1209 4683 si
1237 4626 1621 4685 salutaverit
1653 4635 1710 4685 te
1738 4626 1912 4704 quis-

393 4728 618 4805 piam,
651 4742 788 4783 non
826 4726 1210 4799 respondeas
1239 4724 1321 4783 ei.
1363 4722 1568 4797 Quum
1609 4723 1906 4801 salutare,

402 4825 494 4887 sit
523 4822 803 4885 salutem
835 4827 1078 4901 optare,
1100 4821 1352 4883 videtur
1370 4821 1541 4902 quod
1563 4822 1758 4884 alium
1783 4841 1911 4885 non

404 4922 718 4995 salutare,
754 4917 840 4981 sit
869 4918 1123 4981 caritati
1165 4919 1554 4981 contrarium
1585 4946 1598 4997 ;
1641 4929 1705 4982 et
1745 4921 1914 5001 quod

406 5016 723 5083 salutanti
771 5035 900 5079 non
946 5016 1354 5098 respondere,
1391 5016 1475 5078 sit
1519 5018 1920 5097 ingratitudi-

411 5118 520 5181 nis
553 5124 618 5178 et
649 5114 1220 5177 scandalizativum
1250 5130 1264 5174 :
1290 5133 1404 5177 cur
1433 5132 1582 5195 ergo
1609 5116 1922 5198 Propheta

2016 4346 2215 4411 puero
2245 4326 2742 4402 incumbentem,
2761 4326 2871 4389 Dei
2893 4324 3090 4387 Filius
3114 4326 3499 4403 incarnatuS‚

2017 4428 2296 4490 humano
2338 4425 2558 4505 generi
2600 4425 3135 4490 condescendens,
3178 4424 3313 4487 Non
3356 4443 3506 4505 ergo

2017 4525 2429 4590 resuscitatus
2487 4531 2581 4587 est
2632 4542 2817 4605 puer,
2871 4541 2984 4605 per
3032 4523 3507 4605 superpositum

2019 4624 2142 4687 sibi
2175 4622 2495 4699 baculum,
2531 4623 2641 4685 sed
2672 4639 2785 4702 per
2812 4620 3287 4683 incumbentem
3318 4640 3510 4703 super

2022 4741 2088 4785 se
2137 4720 2439 4797 Eliseum,
2492 4720 2571 4782 ad
2619 4719 3106 4799 designandum,
3158 4720 3329 4799 quod
3380 4738 3508 4782 non

2023 4821 2123 4883 lex
2151 4818 2401 4902 MoysiS,
2426 4819 2535 4881 sed
2567 4817 2767 4881 virtus
2798 4825 2861 4879 et
2890 4817 3094 4899 gratia
3121 4817 3350 4880 Christi
3382 4819 3511 4900 spi-

2024 4918 2317 4981 ritualem
2340 4915 2843 4982 vivificationem
2877 4915 3243 4979 hominibus
3274 4925 3370 4979 est
3398 4917 3512 4979 lar-

2025 5017 2177 5097 gita.
2212 5016 2354 5079 ldeo
2385 5016 2669 5097 loquitur
2702 5014 2932 5077 Paulus
2957 5032 2970 5075 :
2995 5014 3163 5075 Nihil
3194 5016 3272 5077 ad
3303 5016 3512 5097 perfe-

2027 5124 2201 5179 etum
2230 5114 2493 5176 adduxit
2524 5114 2644 5176 lex.
2669 5113 2745 5174 Et
2778 5132 2993 5174 rursus
3030 5130 3044 5173 ε
3081 5112 3143 5175 Si
3174 5114 3317 5175 data
3346 5122 3512 5175 esset

3566 5039 3710 5083 Febr.
3730 5051 3802 5089 vu,

3541 5107 3717 5209 ¹⁹Gula&
3744 5178 3803 5217 m,

411 5213 750 5280 commisit
795 5213 932 5275 haec
983 5231 1098 5275 suo
1148 5212 1508 5295 discipulo?
1537 5212 1616 5276 Et
1663 5234 1924 5297 respon·
2031 5216 2152 5290 lex,
2188 5231 2331 5294 quae
2362 5212 2563 5293 possit
2593 5209 2947 5286 vivificare,
2972 5228 3121 5271 vere
3149 5228 3224 5271 ex
3252 5209 3391 5290 lege
3421 5230 3514 5273 es·
3541 5233 3609 5273 2¹.

413 5314 732 5390 dendum‚
768 5311 944 5393 quod
983 5318 1160 5374 aetus
1200 5311 1507 5375 virtutum
1553 5322 1704 5376 sunt
1750 5332 1925 5376 exer·
2033 5320 2130 5376 set
2158 5310 2429 5394 justitia.
2464 5310 2621 5373 Hine
2662 5317 2725 5372 et
2760 5307 3149 5388 evangelista
3190 5308 3461 5374 Ioannes
3496 5329 3511 5374 :
