4309 6259
599 698 817 747 firma,
849 698 974 759 que
1019 676 1304 758 loquitur
1346 674 1648 737 Ieremias
1696 691 1712 735 :

556 762 620 803 ιε.

578 1180 644 1224 Ιε.
665 1193 818 1229 xxxvii,

553 1247 620 1287 22.

550 1476 813 1527 Jobxm.¹¹.

553 2366 587 2409 ΙΙ
599 2366 814 2417 Maean,

560 2969 812 3015 Promxxiv,

575 3063 727 3137 kosle.
741 3103 811 3140 vn,

548 3159 616 3201 20.

846 488 966 551 52ss

849 781 1182 834 moverunt
1226 772 1436 854 capita
1475 791 1590 833 sna
1627 790 1819 853 super
1860 769 2064 832 filiam
2094 771 2343 833 Jerusa-

849 869 996 933 lem.
1031 869 1349 933 Interdum
1383 889 1533 933 vero
1560 871 1818 933 denotat
1847 869 2337 931 admirationem

848 969 949 1031 vel
979 968 1590 1049 congratulationem
1635 988 1748 1031 seu
1795 968 2283 1031 exsultationem
2320 986 2333 1031 :

848 1068 1014 1130 sicut
1047 1068 1112 1129 in
1141 1068 1298 1130 lsaia
1318 1068 1397 1131 de
1424 1086 1568 1147 rege
1593 1067 1987 1149 Assyriorum
2021 1076 2336 1142 narratur,

848 1165 1050 1247 Caput
1079 1167 1278 1230 movit
1308 1174 1601 1248 superte,
1623 1165 1759 1228 lilia
1777 1166 2161 1228 Jerusalem:
2188 1164 2337 1245 quia

849 1264 1146 1328 videlicet
1195 1264 1550 1327 certissime
1594 1264 1930 1327 aestimavit
1969 1282 2036 1326 se
2075 1282 2214 1326 eam
2246 1262 2339 1325 vi-

848 1372 1120 1425 cturum.
1157 1361 1328 1425 lnl'ra
1358 1363 1550 1425 etiam
1591 1362 1871 1445 capitulo
1913 1362 2136 1424 ultimo
2182 1361 2339 1425 dici-

849 1469 973 1537 tur,
1008 1462 1178 1542 quod
1225 1460 1452 1523 fratres
1491 1470 1554 1524 et
1593 1479 1840 1523 sorores
1876 1458 1993 1523 Job
2025 1467 2339 1523 venerunt

845 1560 924 1620 ad
973 1577 1142 1633 eum,
1191 1568 1251 1621 et
1300 1568 1492 1641 caput
1540 1578 1731 1641 super
1778 1577 1924 1620 eum
1973 1566 2331 1621 moverunt.

845 1657 1206 1738 Aliquando
1233 1666 1442 1719 autem
1464 1656 1969 1739 compassionem
2005 1655 2330 1737 importat,

845 1755 1010 1818 sicut
1039 1756 1159 1819 hoc
1189 1755 1349 1819 loco.

1637 501 1984 549 suanno
2027 502 2088 547 IN
2132 500 2268 547 CAP.
2316 499 2421 545 xv!
2459 499 2485 544 J
2490 499 2589 547 OB.
2632 519 2713 529 -
2753 500 2897 547 ART.
2942 500 3157 547 XXXVI!

1765 673 2217 749 Sibilaverunt,
2277 679 2341 734 et
2373 669 2423 730 A
2455 670 2691 734 tionem
2712 679 2771 734 et
2795 670 3181 733 locutionem
3204 670 3565 752 aliqualiter
3586 668 3937 751 impedivit,

2448 767 2649 842 Quum
2696 769 2867 833 enim
2913 769 3095 831 dolor
3133 777 3229 831 est
3266 769 3630 843 vehemenS‚
3668 767 3939 830 intentio

2451 876 2782 930 revocatur
2806 888 2915 931 seu
2945 867 3291 950 impeditur
3308 866 3389 928 ab
3409 866 3937 929 intellectualium

2449 966 2980 1031 consideratione.
3018 971 3099 1030 Et
3130 970 3201 1027 in
3242 967 3531 1027 nihilum
3569 967 3835 1037 redacti,
3870 964 3936 1026 id

2448 1072 2545 1127 est
2572 1083 2689 1146 pro
2718 1083 2945 1145 magna
2987 1073 3165 1148 parte
3200 1064 3587 1145 consumpti,
3617 1075 3769 1125 sunt
3806 1085 3937 1125 om-

2447 1185 2557 1224 nes
2584 1175 2767 1226 artus
2799 1167 2945 1235 mei,
2980 1165 3068 1226 ita
3107 1172 3177 1226 ut
3208 1163 3381 1244 quod
3418 1172 3701 1226 remanet
3735 1162 3799 1225 in
3830 1182 3935 1225 me

2447 1262 2525 1325 de
2552 1263 2951 1345 corpulentia
2982 1272 3045 1326 et
3084 1261 3289 1325 forma
3330 1262 3782 1339 membrorum,
3816 1280 3933 1343 pro

2448 1360 2651 1423 nihilo
2679 1369 3031 1444 reputetur.
3050 1361 3160 1422 Est
3185 1370 3397 1423 autem
3429 1361 3821 1424 consuetudo
3838 1358 3933 1421 af-

2448 1458 2644 1522 flictis
2696 1478 2807 1541 per
2855 1478 3181 1523 excessum
3230 1478 3341 1521 seu
3394 1459 3801 1541 hyperbolice
3844 1459 3932 1523 lo-

2446 1558 2581 1640 qui,
2608 1558 2687 1619 ad
2735 1558 2971 1621 clarius
3020 1558 3498 1640 exprimendum
3550 1558 3932 1638 magnitudi-

2448 1676 2593 1719 nem
2634 1657 2725 1719 rei
2762 1676 2837 1719 ac
2877 1656 3122 1738 proprii
3164 1657 3373 1721 cordis
3418 1656 3927 1738 dispositionem.

2447 1754 2551 1817 Sic
2581 1763 2643 1816 et
2669 1754 3001 1817 Psalmista
3040 1754 3273 1817 latetur
3306 1772 3321 1817 z
3354 1755 3485 1836 Ego
3524 1755 3603 1817 ad
3652 1754 3925 1817 nihilum
3959 1775 4241 1817 ramata

924 1856 1310 1915 Roborarem
1359 1876 1464 1915 vos
1511 1876 1617 1915 ore
1667 1874 1821 1923 mec,
1869 1852 1932 1914 id
1982 1860 2099 1928 est,
2145 1851 2333 1914 bonis
2372 1858 2417 1919 B
2446 1854 2737 1915 redactus
2767 1872 2931 1914 sum.

842 1953 972 2015 oris
1017 1952 1142 2016 mei
1184 1952 1584 2017 sermonibus
1638 1953 1826 2015 corda
1869 1959 2078 2015 vestra
2117 1951 2197 2012 ad
2227 1970 2336 2033 pa-

846 2053 1085 2116 tientiae
1140 2052 1355 2129 robur,
1407 2053 1488 2115 ad
1536 2050 1960 2115 constantiam
2017 2058 2079 2113 et
2132 2049 2332 2113 animi

848 2152 1290 2215 fortitudinem
1338 2151 1751 2214 exhortarer:
1794 2149 2331 2231 quemadmodum

847 2252 1126 2315 secundo
1145 2250 1638 2313 Machabaeorum
1672 2250 1750 2311 de
1776 2248 1934 2311 Juda
1967 2248 2197 2328 legitur
2219 2248 2335 2311 Ma-

845 2350 1124 2426 chabaeO,
1176 2348 1469 2429 Singulos
1517 2348 1810 2423 armavit,
1863 2366 1992 2410 non
2043 2347 2225 2409 hasta
2270 2356 2333 2409 et

845 2448 1088 2529 clypeo,
1122 2448 1232 2511 sed
1269 2446 1673 2509 sermonibus
1705 2444 1966 2528 optimis
2003 2453 2066 2507 et
2105 2446 2333 2508 exhor-

846 2546 1214 2609 tationibus.
1277 2545 1582 2625 Denique,
1645 2544 1848 2607 virtus
1896 2552 1960 2605 et
2021 2544 2334 2625 sapientia

844 2645 930 2707 ita
959 2643 1324 2708 confortant
1363 2642 1838 2726 perficiuntque
1869 2641 2231 2718 habentem,
2267 2634 2337 2704 ut

843 2744 922 2806 de
943 2742 1341 2825 plenitudine
1367 2760 1482 2802 sua
1511 2740 1669 2803 alios
1688 2759 1945 2821 quoque
1965 2740 2173 2804 valeat
2196 2759 2339 2803 con-

845 2840 1103 2904 fortare.
1136 2840 1294 2901 Hinc
1333 2838 1642 2920 scriptum
1681 2847 1776 2900 est
1817 2838 1882 2899 in
1920 2838 2280 2903 Proverbiis
2314 2858 2328 2901 :

843 2940 955 3003 Vir
983 2938 1237 3021 sapiens
1278 2936 1461 3000 fortis
1492 2945 1609 3014 est,
1643 2946 1705 2999 et
1737 2936 1834 3000 vir
1865 2938 2111 3014 doctuS,
2144 2938 2335 2999 robu-

2523 1956 2727 2029 Ruyoe
2757 1974 2933 2023 mete,
2972 1951 3035 2014 id
3066 1960 3163 2015 est
3198 1951 3384 2034 pellis
3422 1971 3534 2015 scu
3565 1952 3729 2015 cutis
3768 1972 3925 2015 meae

2443 2050 2906 2115 contractiones
2937 2050 3040 2113 vel
3072 2050 3467 2133 plicationeS,
3496 2055 3929 2113 testimonium

2443 2152 2676 2210 dicunt
2702 2160 2925 2211 contra
2957 2172 3077 2221 me,
3101 2149 3165 2211 id
3194 2158 3310 2225 est,
3342 2150 3568 2213 amicis
3598 2150 3758 2213 meis
3788 2169 3931 2214 eon·

2446 2257 2540 2310 tra
2588 2267 2689 2311 me
2736 2247 3213 2331 disputantibus
3255 2248 3538 2331 praebent
3575 2249 3925 2324 materiam,

2445 2346 2815 2428 faciuntque
2835 2346 3269 2429 apparentiam
3294 2348 3799 2429 reprehendendi
3826 2367 3927 2411 me

2442 2445 2523 2508 de
2564 2445 2753 2527 culpa
2788 2463 2801 2507 :
2835 2464 2910 2508 ex
2949 2465 3077 2526 quo
3114 2444 3287 2509 enim
3332 2454 3461 2508 tam
3500 2447 3779 2527 graviter
3814 2466 3933 2510 cae-

2444 2564 2549 2606 sus
2590 2564 2754 2621 sum,
2785 2544 3225 2627 apparentiam
3264 2544 3475 2621 habet,
3510 2546 3683 2626 quod
3720 2546 3929 2609 merui

2444 2662 2700 2725 poenam
2746 2643 2933 2705 hanc.
2983 2643 3195 2720 Porr0,
3246 2662 3322 2706 ex
3370 2642 3661 2707 interiori
3710 2644 3933 2724 hujus—

2442 2740 2613 2803 modi
2644 2740 3131 2822 consumptione
3150 2760 3379 2823 corpus
3408 2750 3791 2821 corrugatur,
3820 2742 3935 2806 sic·

2445 2848 2513 2901 ut
2563 2839 2629 2901 in
2676 2839 2935 2903 senibus
2983 2848 3045 2901 et
3090 2840 3366 2919 graviter
3414 2838 3927 2903 infirmantibus,

2448 2942 2529 3001 Et
2565 2940 2918 2999 suscitatur
2942 2940 3332 3018 falsiloquus
3360 2942 3669 2999 adversus
3694 2941 3933 3016 faciem

845 3047 979 3100 stus
1001 3046 1064 3100 et
1084 3034 1780 3099 validus.Ecclesiastes
1804 3054 2059 3117 quoque
2080 3035 2209 3098 ait:
2238 3035 2335 3099 Sa·
2369 3037 2413 3099 C
2447 3058 2679 3106 meam,
2712 3036 2775 3098 id
2804 3046 2921 3114 est,
2963 3036 3225 3118 Eliphaz
3254 3037 3646 3101 mendaciter
3687 3057 3789 3101 me
3828 3058 3933 3101 ac·—

843 3135 1086 3218 pientia
1109 3133 1492 3198 confortavit
1523 3134 1874 3216 sapientem
1899 3152 2092 3215 super
2110 3134 2330 3197 decem

843 3234 1170 3317 principes
1213 3232 1516 3297 civitatis·
1555 3232 1855 3314 Denique,
1899 3233 1979 3294 ad
2025 3233 2327 3309 amicum,

843 3334 974 3396 imo
999 3334 1080 3395 ad
1111 3332 1464 3415 quemlibet
1500 3331 1862 3413 proximum
1905 3331 2202 3413 pertinet,
2238 3331 2331 3394 as-

844 3433 873 3494 l'
875 3433 1041 3495 lictis
1064 3430 1569 3513 compassionem
1599 3438 1662 3492 et
1689 3430 2189 3493 consolationem
2222 3431 2331 3492 im-

577 3557 810 3605 soetmu,
843 3532 1142 3615 pendere,
1193 3530 1368 3611 juxta
1431 3528 1589 3590 illud
1645 3528 2075 3591 Ecclesiastici
2126 3546 2140 3589 ε
2194 3529 2328 3592 Non

547 3624 616 3663 38.

840 3630 1008 3693 desis
1057 3628 1456 3711 plorantibus
1507 3626 1572 3688 in
1619 3628 2076 3691 consolatione.
2130 3631 2331 3697 Quasi

831 3750 1105 3809 parcens
1135 3729 1326 3797 vobis,
1352 3726 1416 3788 id
1445 3734 1562 3803 est,
1591 3744 1718 3789 non
1751 3733 1877 3787 tam
1908 3726 2195 3789 districte
2216 3745 2327 3789 vos

838 3827 1212 3910 corripiens,
1240 3824 1405 3887 sicut
1434 3824 1622 3905 culpa
1651 3832 1858 3886 vestra
1890 3833 2190 3900 meretur,
2218 3825 2325 3887 sed

837 3924 1362 4010 reprehendenda
1405 3923 1470 3985 in
1518 3921 1698 3985 vobis
1748 3923 2069 3986 moderate
2121 3925 2331 3987 redar—

834 4044 1046 4107 guenS,
1060 4025 1436 4105 doloresque
1457 4032 1694 4085 vestros
1716 4020 2001 4084 minuere
2021 4030 2329 4103 satagens.

919 4128 1046 4187 Sed
1077 4126 1238 4203 quid
1266 4143 1460 4201 aqam
1483 4126 1512 4183 β
1541 4121 1604 4184 id
1635 4130 1751 4196 est,
1787 4120 1873 4182 ita
1911 4120 2164 4201 negotia
2191 4140 2331 4185 mea

2442 3155 2694 3212 cusanS,
2719 3155 2795 3199 ex
2822 3136 3113 3217 inspectu
3144 3154 3441 3215 rugarum
3474 3154 3761 3199 mearum
3792 3156 3933 3219 pro·

2442 3243 2702 3298 vocatur
2745 3234 2825 3295 ad
2863 3233 3425 3296 contradicendum
3472 3234 3635 3297 mihi
3682 3246 3925 3318 aperte.

2439 3333 2649 3396 Potest
2667 3352 2923 3414 quoque
2940 3333 3020 3395 de
3040 3331 3291 3395 diabolo
3312 3332 3539 3414 accipi,
3558 3334 3670 3415 qui
3691 3334 3929 3397 amieos

2439 3430 2555 3494 101)
2600 3430 2890 3494 incitavit
2932 3432 3234 3493 adversus
3282 3449 3439 3493 eum.
3478 3435 3933 3495 contradicens

2442 3532 2631 3600 milei,
2662 3530 2899 3593 dicenti
2944 3548 3046 3591 me
3082 3529 3325 3611 absque
3366 3548 3507 3592 meo
3550 3548 3925 3611 percussum

2440 3629 2770 3692 demerito.

2525 3732 2785 3805 Collegit
2801 3730 3089 3805 furorem
3120 3750 3313 3789 suum
3334 3732 3402 3789 in
3436 3750 3555 3801 me,
3586 3740 3646 3791 ec
3672 3733 3934 3791 commi-—

2440 3846 2607 3887 nans
2638 3829 2830 3897 mihi,
2858 3829 3208 3904 infremuit
3235 3838 3463 3889 contra
3497 3848 3593 3889 me
3630 3831 3933 3890 dentibus

2438 3927 2615 3999 suis;
2660 3929 2855 3987 hostis
2905 3948 3077 3987 meus
3127 3928 3522 3987 terribilibus
3568 3930 3769 3988 oculis
3832 3948 3933 3989 me

2442 4026 2723 4085 inlu-icus
2750 4036 2859 4087 est.
2896 4026 3121 4087 Totum
3150 4025 3271 4088 hoc
3301 4026 3561 4106 quidam
3602 4035 3932 4108 exponunt

2440 4122 2520 4185 de
2546 4123 2853 4199 daemone,
2886 4124 2999 4206 qui
3032 4123 3406 4205 principalis
3449 4121 3575 4186 suit
3615 4124 3787 4187 beati
3812 4124 3929 4187 Job

837 4243 906 4288 se
951 4222 1209 4298 habent,
1253 4230 1322 4282 ut
1371 4239 1498 4283 non
1551 4218 1824 4283 faciliter
1873 4219 2123 4283 videam
2172 4220 2326 4301 quid
2360 4222 2410 4284 D
2443 4222 2795 4299 tribulator,
2850 4222 3261 4304 furoremque
3312 4242 3497 4285 suum
3546 4232 3765 4285 contra
3810 4223 3928 4287 101)

839 4322 1051 4405 potius
1099 4338 1285 4400 agere
1330 4318 1616 4382 debeam.
1651 4319 1803 4379 Nam
1841 4318 2155 4400 quidquid
2190 4337 2331 4399 ege-
2440 4320 2717 4401 collegit,
2754 4330 2927 4384 tanto
2976 4321 3416 4385 vehementius
3466 4322 3736 4403 cupiens
3780 4340 3927 4385 eum

841 4440 932 4497 ro,
954 4438 1080 4482 non
1113 4436 1224 4500 per
1246 4418 1365 4481 hoc
1397 4416 1680 4479 dolorem
1709 4414 1980 4498 effugio.
2001 4416 2159 4480 Hinc
2190 4417 2332 4480 sub-
2439 4419 2797 4497 devincere,
2832 4438 2962 4501 quo
2998 4419 3278 4501 amplius
3327 4439 3394 4482 se
3441 4420 3562 4483 hoc
3610 4418 3927 4483 facturum

838 4518 1012 4580 ditur
1037 4534 1050 4579 :
1075 4518 1156 4579 Si
1178 4519 1422 4576 locutus
1449 4514 1661 4592 fuero,
1685 4522 1904 4577 contra
1935 4522 2179 4577 vestros
2207 4515 2331 4577 dis·

837 4616 1118 4698 putando
1149 4632 1417 4691 erroreS,
1455 4634 1582 4673 non
1612 4614 1880 4693 quiescit
1903 4616 2086 4673 dolor
2113 4634 2289 4674 meus
2305 4634 2328 4674 .·

837 4716 966 4777 imo
997 4714 1261 4777 interior
1298 4713 1478 4776 dolor
1517 4730 1696 4775 meus
1737 4729 1814 4773 ex
1853 4710 2078 4773 vestris
2118 4712 2327 4793 culpis

835 4822 1027 4895 atque
1073 4811 1394 4877 erroribus
1444 4810 1646 4891 magis
1694 4817 2002 4889 augetur3
2041 4820 2100 4871 ec
2137 4812 2198 4870 si
2236 4821 2328 4871 ta·-

833 4932 1047 4981 σαενο,
1078 4910 1260 4976 vobis
1305 4917 1368 4973 et
1410 4908 1676 4971 falsitati
1723 4907 2027 4984 cedendo,
2062 4929 2193 4969 ozon
2232 4929 2327 4969 re-

832 5013 1001 5071 cedit
1019 5032 1060 5071 a
1083 5030 1200 5071 me.
1224 5011 1420 5072 Nunc
1448 5016 1668 5067 autem
1692 5008 1999 5084 oppressit
2027 5028 2123 5069 me
2142 5010 2326 5067 dolor

2440 4518 2862 4600 praesumpsit,
2896 4527 2959 4581 et
2984 4537 3111 4600 quo
3129 4517 3245 4581 Job
3272 4519 3503 4600 justior
3539 4518 3683 4581 fuit.
3712 4518 3786 4581 Ut
3814 4538 3927 4581 au-

2440 4624 2565 4679 tem
2608 4616 2865 4681 divinus
2895 4616 3229 4700 Dionysius
3272 4618 3481 4695 docet,
3514 4617 3579 4680 in
3622 4618 3929 4682 daimoni-

2439 4714 2557 4776 bus
2589 4724 2921 4777 estamens
2952 4714 3153 4791 l'uror,
3176 4715 3509 4797 phantasia
3540 4724 3845 4797 proterva,
3862 4724 3929 4778 et

2435 4810 2893 4874 irrationabilis
2940 4812 3479 4895 concupiscentia.
3526 4814 3713 4875 Satan
3753 4813 3929 4875 insu-

2435 4928 2549 4992 per
2578 4909 3084 4973 comminabatur
3126 4910 3251 4994 ipsi
3275 4911 3391 4974 101)
3432 4930 3545 4993 per
3584 4912 3725 4993 ejus
3766 4911 3925 4973 ami-

2434 5025 2563 5085 coS,
2600 5008 2711 5088 qui
2748 5017 3157 5072 asseruerunt
3199 5018 3419 5072 sancto
3444 5008 3562 5072 101)
3600 5027 3805 5091 usque
3842 5009 3923 5071 ad

2432 5114 2703 5168 mortem
2744 5107 2911 5169 mala
2958 5107 3219 5171 instare.
3254 5108 3437 5171 Forte
3476 5107 3665 5170 etiam
3706 5106 3923 5171 diabo-
3966 5143 4225 5197 soon.»-

2434 5206 2531 5268 lus
2575 5224 2687 5287 per
2730 5224 2797 5268 se
2839 5205 3051 5286 ipsum
3094 5206 3599 5269 comminabatur
3636 5206 3760 5288 ipsi
3803 5206 3923 5269 101)
3952 5208 4023 5251 ³⁵·

2430 5305 2511 5366 de
2557 5302 2791 5366 futuris
2838 5304 3144 5381 adversiS,
3198 5305 3265 5367 in
3310 5324 3557 5383 somno,
3587 5324 3699 5369 seu
3748 5304 3917 5369 alias

834 5130 1032 5181 meus,
1069 5108 1132 5169 id
1161 5116 1278 5183 est,
1314 5105 1394 5168 ab
1423 5105 1599 5167 omni
1641 5104 1971 5187 temporali
2003 5106 2325 5188 prosperi-

833 5216 981 5285 tate,
1014 5215 1078 5270 et
1105 5205 1388 5287 corporis
1417 5204 1688 5267 sanitate
1713 5223 1788 5266 ac
1818 5202 2123 5267 firmitate
2153 5206 2325 5286 deje-

833 5306 959 5381 cit3
1003 5324 1188 5368 usum
1217 5321 1475 5386 quoque
1503 5301 1791 5379 rationi3‚
1825 5321 1938 5365 seu
1965 5303 2320 5368 considera·
