4309 6259
864 511 1213 560 sumno
1254 515 1317 559 m
1361 514 1497 560 cap.
1544 514 1606 559 ιν
1649 497 1805 559 amm
1847 511 2018 558 pann
2057 511 2586 560 ramupouanon,
2641 533 2713 543 —
2753 515 2898 562 aar.
2944 514 3006 560 iv

3356 497 3474 559 125

387 690 450 744 ta
495 691 593 746 est
636 683 1067 748 Thermuthis.
1101 683 1194 747 Ad
1240 685 1413 766 quod
1466 689 1681 765 posset
1729 681 1877 765 quis
1907 680 1957 744 A
1988 681 2097 745 ille
2136 683 2216 745 ad
2256 682 2442 764 cujus
2483 701 2702 764 preces
2740 702 2814 747 ac
2853 680 3081 747 merita
3117 684 3210 748 sol
3251 702 3473 766 super-

386 781 791 861 respondere‚
815 783 985 863 quod
1019 780 1236 844 forsan
1263 780 1547 844 binomia
1580 779 1726 842 fuit.
1752 778 1876 842 Alii

382 896 493 958 per
530 878 737 942 Mered
778 879 1152 961 intelligunt
1194 879 1391 941 alium
1437 878 1645 941 virum
1684 897 1877 960 quam

378 974 655 1058 Moysen,
690 985 755 1040 et
792 977 1016 1042 dicunt
1056 978 1229 1058 quod
1271 976 1477 1039 filiam
1520 975 1695 1038 illam
1726 976 1879 1038 Pha-

380 1075 595 1137 raonis
616 1075 823 1140 Mered
847 1077 1027 1139 duxit
1049 1095 1331 1140 uxorem.
1357 1075 1470 1137 Cui
1493 1073 1875 1157 expositioni

378 1173 709 1254 objicitur,
734 1176 909 1256 quod
941 1175 1007 1238 in
1039 1175 1251 1238 littera
1270 1193 1398 1238 non
1430 1173 1876 1255 exprimuntur

380 1272 581 1354 aliqui
615 1271 737 1335 filii
786 1273 979 1355 hujus
1006 1273 1211 1336 Mered
1242 1293 1318 1336 ex
1364 1273 1505 1334 filia
1534 1271 1875 1335 Pharaonis

378 1370 657 1452 praefati,
690 1380 756 1435 et
786 1373 877 1434 ita
918 1391 1046 1435 non
1093 1372 1443 1448 invenitur,
1476 1371 1554 1434 ad
1596 1370 1751 1452 quid
1782 1388 1878 1432 re-

377 1469 627 1532 feratur
668 1471 841 1553 quod
890 1470 1153 1548 dicitur,
1182 1470 1272 1551 Hij
1299 1477 1511 1533 autem
1556 1467 1703 1543 filii,
1752 1476 1872 1530 etc.

377 1569 539 1632 Hinc
581 1569 787 1651 aliqui
828 1569 921 1633 sic
964 1577 1293 1651 exponunt
1327 1586 1342 1630 ε
1378 1567 1451 1630 Hi
1498 1576 1706 1630 autem
1748 1565 1875 1629 filii

376 1667 617 1730 Bethiae
647 1667 805 1730 filiae
832 1667 1198 1745 PharaoniS,
1222 1686 1417 1748 quam
1441 1665 1706 1748 accepit,
1733 1684 1877 1747 sup-

378 1766 506 1849 ple,
530 1765 727 1830 Caleb
759 1766 825 1828 in
858 1766 1220 1848 conjugem,
1256 1774 1407 1827 sunt
1436 1764 1639 1828 Mered
1672 1771 1736 1828 et
1764 1762 1874 1825 alii

1986 781 2360 844 naturaliter
2392 782 2568 845 stetit
2601 782 2665 844 in
2698 783 2883 859 coe10‚
2907 791 3004 846 est
3034 791 3222 846 natus
3254 784 3334 847 de
3368 783 3474 846 Se-

1988 878 2069 940 la.
2104 879 2182 940 Et
2213 879 2332 942 iste
2363 881 2709 942 secundum
2743 882 3051 962 quosdam
3081 881 3471 964 expositores

1986 977 2333 1040 catholicos
2384 977 2506 1039 fuit
2537 978 2883 1041 Elimelech
2920 979 3185 1042 maritus
3225 979 3466 1043 Noemi.

1984 1074 2163 1137 Unde
2193 1073 2260 1137 in
2289 1074 2508 1139 Glossa
2538 1076 2805 1138 habetur
2839 1096 2852 1138 ε
2889 1077 3170 1140 Tradunt
3200 1077 3466 1153 Hebraei,

1986 1173 2157 1236 hunc
2191 1173 2391 1237 fuisse
2420 1174 2766 1237 Elimelech
2797 1175 3096 1238 maritum
3125 1176 3366 1252 Noemi,
3402 1175 3470 1238 in

1986 1272 2170 1352 cujus
2203 1280 2486 1354 tempore
2530 1281 2787 1354 propter
2819 1275 3332 1355 praevaricatores
3377 1275 3470 1337 sol

1986 1370 2181 1446 stetit,
2216 1377 2286 1432 ut
2316 1370 2452 1435 viso
2483 1370 2814 1448 miraculo,
2839 1380 3361 1436 converterentur
3390 1373 3469 1436 ad

1982 1467 2320 1530 Dominum
2349 1485 2362 1530 :
2395 1469 2565 1550 quod
2594 1470 2900 1552 quoniam
2930 1479 3466 1553 contempserunt,

1986 1564 2053 1626 in
2096 1573 2344 1628 tantum
2397 1568 2730 1648 praevaluit
2773 1567 2997 1644 fameS,
3030 1569 3200 1650 quod
3245 1569 3473 1633 Elime-

1986 1663 2149 1740 lech,
2187 1665 2300 1746 qui
2346 1666 2530 1747 quasi
2579 1666 2756 1748 prior
2800 1667 3134 1730 videbatur
3184 1667 3250 1729 in
3299 1667 3470 1730 tribu

1982 1761 2163 1837 Iuda,
2197 1771 2464 1841 cogente
2494 1763 2732 1845 inopia,
2772 1783 2915 1828 cum
2961 1783 3156 1828 uxore
3199 1774 3262 1828 et
3311 1764 3470 1828 filiis

376 1865 489 1946 qui
538 1884 669 1928 non
708 1864 1193 1948 exprimuntur3
1235 1863 1337 1927 vel
1388 1863 1695 1946 capiendo
1738 1861 1877 1943 plu·
1910 1861 1958 1924 B
1988 1867 2216 1921 terram
2260 1861 2436 1923 Moab
2481 1861 2802 1942 ingressus
2835 1871 2951 1925 est.
3001 1865 3261 1944 Virique
3304 1884 3473 1925 men-

376 1963 511 2026 rale
540 1983 661 2046 pro
690 1963 1026 2045 singulari.
1059 1964 1179 2027 Sed
1210 1963 1333 2025 ista
1363 1961 1675 2044 expositio
1707 1960 1877 2024 vide-

373 2071 482 2125 tur
510 2063 701 2126 valde
730 2061 996 2139 incerta,
1018 2071 1174 2144 puta
1205 2063 1375 2143 quod
1405 2060 1595 2125 Caleb
1627 2059 1878 2123 duxerit

376 2161 586 2224 filiam
621 2161 969 2226 Pharaonis
989 2179 1271 2238 uxorem,
1297 2160 1649 2242 praesertim
1679 2177 1877 2241 quum

94 2270 295 2322 End-1,
315 2274 341 2313 8
376 2269 665 2342 tempore
690 2259 908 2337 Caleb‚
940 2258 1215 2342 AEgyptii
1248 2258 1315 2320 in
1358 2266 1601 2321 tantum
1634 2255 1879 2320 abomi-

72 2341 111 2376 eae
124 2347 217 2389 seq.

376 2359 706 2421 nabantur
734 2359 1030 2421 Hebraeos
1066 2375 1081 2419 ε
1118 2357 1243 2419 nisi
1284 2355 1451 2420 forte
1480 2357 1628 2439 quis
1670 2355 1879 2436 suspi-

376 2466 584 2534 cetur,
618 2457 793 2540 quod
825 2455 1021 2519 fuerit
1062 2455 1397 2536 illegitima
1441 2453 1585 2517 filia
1613 2455 1878 2516 Pharao-

374 2557 481 2618 nis
522 2565 589 2618 et
630 2574 943 2618 conversa
980 2555 1060 2617 ad
1085 2554 1503 2630 Iudaismum,
1537 2554 1758 2635 sicque
1800 2571 1878 2616 ex

372 2654 723 2718 devotione
750 2653 1099 2735 sumpserit
1128 2653 1335 2717 virum
1369 2653 1724 2716 Hebraeum.

456 2755 547 2814 Et
574 2755 714 2830 filii
740 2754 969 2814 uxoris
1001 2754 1251 2820 Odaiae,
1280 2750 1345 2812 id
1376 2759 1473 2814 est
1502 2750 1623 2813 viri
1664 2749 1757 2813 sic
1788 2749 1878 2812 di-

370 2853 487 2928 eti,
536 2853 777 2912 sororis
816 2852 1085 2914 Naham
1116 2851 1331 2928 patris
1372 2851 1573 2920 Ceila,
1619 2848 1879 2912 fuerunt

376 2953 614 3014 Garmi
640 2961 703 3010 et
734 2951 1071 3019 EsckamO,
1101 2949 1221 3011 hoc
1252 2955 1368 3025 est,
1406 2947 1529 3012 viri
1576 2947 1668 3010 sic
1714 2967 1877 3011 nun·-

1980 1960 2183 2020 dacii.
2216 1957 2329 2022 Per
2371 1959 2487 2023 hos
2526 1959 2974 2041 intelliguntur
3012 1963 3139 2026 duo
3181 1962 3308 2025 filii
3340 1963 3466 2025 Eli-

1982 2055 2276 2119 melech:
2324 2057 2438 2139 qui
2484 2067 2790 2123 vocantur
2834 2060 2956 2123 viri
2999 2061 3314 2124 mendacii
3358 2081 3472 2126 seu

1982 2157 2304 2234 vanitatis,
2330 2157 2484 2239 quia
2509 2160 2784 2241 acceptis
2816 2159 3141 2238 uxoribuS,
3167 2161 3306 2225 sine
3339 2161 3472 2225 fru—

1981 2261 2086 2316 ctu
2128 2255 2519 2320 matrimonii
2558 2257 2875 2336 obierunt,
2911 2258 2998 2322 ita
3040 2261 3210 2340 quod
3252 2260 3470 2324 Noemi

1982 2361 2184 2415 mater
2215 2372 2456 2432 eorum,
2492 2374 2604 2437 spe
2633 2356 3021 2437 posteritatis
3056 2356 3179 2419 fuit
3213 2358 3474 2424 frustra-

1980 2459 2067 2512 ta.
2096 2454 2222 2520 Qui
2241 2454 2576 2532 principes
2605 2458 2881 2534 fuerunt
2910 2458 2984 2516 in
3008 2459 3217 2518 Moab.
3245 2456 3471 2531 Quem·

1982 2551 2324 2614 admodum
2359 2570 2550 2633 super
2579 2553 2742 2615 Ruth
2774 2553 2976 2633 tetigi,
3009 2555 3271 2636 quidam
3303 2557 3473 2620 dixe-

1984 2659 2134 2712 runt
2165 2651 2370 2733 ipsam
2403 2651 2569 2714 Ruth
2603 2651 2803 2715 fuisse
2841 2652 3048 2715 filiam
3081 2655 3245 2734 regis
3265 2653 3465 2734 Moab,

1982 2757 2046 2810 et
2094 2748 2238 2812 ideo
2280 2749 2489 2813 virum
2539 2751 2679 2832 ejus
2729 2750 2930 2816 fuisse
2977 2762 3340 2834 promotum
3391 2756 3469 2817 ad

1980 2846 2692 2929 principatum.Verum,
2718 2858 2788 2912 ut
2815 2849 2906 2912 ibi
2928 2852 3300 2933 conscripsi,
3327 2871 3472 2916 nar-

1982 2945 2143 3008 ratio
2187 2945 2300 3008 illa
2342 2947 2778 3028 apparentiam
2825 2967 3084 3030 parvam
3128 2951 3318 3014 habet
3363 2960 3472 3014 aut

369 3049 631 3132 cupat13
667 3051 787 3128 qui
823 3050 962 3125 fuit
990 3052 1069 3108 de
1100 3049 1392 3110 Mackati
1429 3045 1697 3127 origine,
1736 3046 1874 3109 loco
1909 3048 1953 3112 C
1984 3045 2251 3107 nullam.
2285 3044 2494 3108 Potuit
2537 3055 2747 3109 tamen
2792 3066 2950 3125 esse,
2984 3050 3158 3131 quod
3186 3049 3469 3115 Mahalon

365 3157 483 3210 aut
512 3147 641 3210 alio
670 3147 884 3209 modo.
918 3145 1073 3208 Nam
1112 3145 1380 3208 Machati
1425 3146 1746 3208 interdum
1780 3151 1876 3208 est

368 3265 611 3310 nomen
654 3245 937 3326 regionis
976 3252 1087 3306 aut
1121 3244 1267 3321 loci,
1304 3244 1692 3326 quandoque
1736 3261 1880 3324 per-

368 3363 571 3408 sonae.
600 3345 771 3406 Filii
788 3363 1041 3424 quoque
1058 3345 1283 3404 Simon
1310 3363 1333 3402 .·
1354 3345 1613 3404 Amnon
1635 3351 1696 3403 et
1714 3344 1879 3402 Rin-

369 3466 487 3515 na,
520 3445 708 3522 filius
740 3445 1017 3511 Hanan,
1046 3451 1107 3502 ec
1144 3443 1395 3502 Philon.
1423 3445 1507 3503 Ec
1534 3442 1670 3518 filii
1696 3441 1830 3501 lesi
1855 3460 1877 3500 .·

370 3543 621 3604 Zoheth
648 3551 711 3602 et
742 3540 1135 3602 Benzoheth.

454 3639 647 3702 Redit
664 3639 745 3700 ad
772 3636 1269 3719 descriptionem
1296 3635 1685 3718 posteritatis
1702 3636 1878 3698 Judae

376 3757 497 3821 per
533 3736 747 3800 filium
783 3737 927 3818 ejus
963 3735 1126 3799 Sela.
1156 3738 1321 3797 Filii
1349 3739 1501 3798 Sela
1530 3737 1666 3813 filii
1692 3738 1880 3798 Judoe

378 3836 787 3919 patriarchae,
815 3834 1075 3898 fuerunt
1098 3852 1113 3896 ε
1140 3836 1289 3903 Her,
1311 3833 1422 3915 qui
1454 3832 1579 3896 fuit
1610 3833 1769 3896 alter
1800 3833 1880 3896 ab

164 3957 245 3986 m
292 3957 337 3990 ιι,
376 3937 505 4000 Her
536 3935 679 3997 filio
708 3934 885 3996 Judae
914 3931 1330 4014 nequissimo,
1345 3941 1539 4010 pater
1558 3935 1787 4004 Eccita,
1814 3932 1880 3994 id

78 4835 201 4878 &aad
210 4849 338 4886 mn,

376 4043 477 4098 est
509 4034 635 4097 loci
668 4041 783 4095 aut
812 4031 936 4096 viri
978 4031 1069 4093 sic
1107 4029 1261 4092 dicti
1288 4054 1304 4106 ς
1336 4040 1396 4091 et
1426 4033 1654 4092 Laada
1690 4040 1880 4109 pater

376 4137 665 4203 Mar-esa,
702 4130 768 4193 id
816 4137 915 4193 est
960 4129 1259 4194 dominus
1310 4148 1422 4191 seu
1467 4136 1659 4210 caput
1702 4128 1875 4192 illius

1982 3153 2047 3206 et
2093 3143 2358 3206 Chelion
2411 3143 2536 3206 filii
2574 3144 2925 3209 Elimelech
2968 3147 3050 3210 ob
3099 3167 3278 3212 suam
3327 3169 3478 3232 pru—

1984 3241 2288 3318 dentiam,
2343 3241 2724 3324 probitatem
2788 3263 2899 3307 seu
2949 3245 3138 3308 aliam
3188 3267 3470 3326 causam,

1986 3339 2250 3403 fuerunt
2281 3339 2348 3402 in
2378 3349 2547 3404 terra
2573 3340 2751 3404 Moab
2783 3341 2848 3403 in
2879 3343 3202 3424 aliquibus
3232 3345 3475 3410 officiis

1986 3439 2342 3515 constituti,
2375 3447 2566 3521 atque
2593 3439 2676 3503 ob
2707 3440 2771 3503 id
2803 3441 3127 3524 principes
3156 3443 3246 3506 ibi
3280 3443 3477 3510 fuisse

1986 3537 2302 3600 dicantur.
2350 3539 2798 3601 Verumtamen
2849 3541 3014 3604 sicut
3057 3541 3280 3606 Glossa
3328 3542 3478 3608 sate-

1986 3645 2111 3713 tur,
2140 3644 2204 3699 et
2232 3635 2342 3699 alii
2373 3636 2616 3713 dicunt,
2643 3637 2708 3698 in
2739 3637 2999 3704 Hebraeo
3031 3639 3319 3719 habetur,
3359 3643 3476 3716 Qui

1990 3734 2251 3798 fuerunt
2293 3735 2503 3798 mariti
2551 3735 2616 3797 in
2657 3735 2854 3800 Moab.
2897 3737 3051 3801 Nam
3091 3752 3472 3822 acceperunt

1990 3833 2079 3894 ibi
2118 3852 2368 3896 uxores,
2404 3833 2481 3894 Et
2525 3832 2740 3897 forsan
2782 3834 2978 3897 dictio
3017 3836 3128 3898 illa
3170 3838 3476 3902 Hebraica

1988 3939 2085 3993 est
2113 3931 2194 3994 ad
2224 3939 2568 4012 utrumque
2609 3931 2954 4013 aequivoca.
2993 3937 3076 3996 Ει
3105 3937 3387 3998 Securus
3415 3949 3475 4000 et

1990 4033 2318 4092 Incedeus,
2370 4029 2638 4092 Nomina
2695 4029 2976 4092 virorum
3035 4031 3298 4096 istorum
3360 4035 3474 4099 He·-

1986 4126 2205 4190 braica
2250 4128 2380 4208 jam
2424 4144 2739 4208 expressa,
2787 4127 3006 4192 Latine
3051 4129 3473 4212 interpretan-

374 4231 505 4296 loci
554 4239 669 4292 aut
718 4227 1041 4302 hominis;
1092 4237 1151 4288 et
1198 4229 1604 4304 ceynaciones
1652 4229 1879 4288 domus·
1910 4236 1959 4297 D
1990 4235 2113 4304 tur,
2169 4245 2427 4289 securus
2477 4234 2541 4288 et
2587 4225 2910 4288 incedens,
2957 4230 3198 4309 Ecqui
3233 4235 3475 4293 reversi

372 4329 801 4408 operantium
831 4329 1111 4404 byssum,
1147 4325 1211 4387 id
1241 4334 1337 4387 est
1365 4324 1487 4388 viri
1518 4333 1709 4407 atque
1737 4325 1882 4388 arti-

374 4427 543 4492 fices
572 4425 689 4508 qui
722 4426 1013 4490 fecerunt
1043 4424 1334 4506 byssinas
1366 4431 1571 4487 vestes
1602 4442 1712 4486 seu
1743 4443 1880 4487 cor-

373 4527 549 4588 tinas
577 4525 660 4587 de
690 4523 906 4606 bysso,
942 4526 1017 4584 in
1046 4526 1230 4584 domo
1258 4524 1658 4592 Juramenti,
1690 4521 1752 4584 id
1783 4531 1879 4585 est

374 4624 445 4686 in
492 4621 913 4686 tabernaculo
958 4620 1241 4684 foederis.
1278 4621 1371 4696 Hi,
1420 4620 1705 4701 inquam,
1750 4621 1880 4684 fue-

374 4731 531 4785 runt
567 4720 697 4784 filii
730 4719 877 4784 Sela
916 4718 1203 4794 mediati,
1239 4717 1304 4780 id
1334 4726 1431 4781 est
1464 4719 1598 4780 nati
1630 4737 1708 4781 ex
1747 4737 1821 4782 eo
1858 4736 1873 4782 :

374 4821 491 4903 qui
522 4820 883 4884 seeundum
911 4817 1197 4880 Glossam
1228 4837 1376 4880 cum
1407 4816 1683 4880 Beseleel
1716 4835 1876 4899 opus

372 4917 779 4983 tabernaculi
810 4915 1227 4999 expleverunt
1254 4941 1267 4992 ;
1301 4924 1365 4978 et
1404 4914 1619 4978 forsan
1653 4934 1876 4977 eorum

376 5019 619 5102 posteri
664 5017 885 5098 aliqua
928 5015 997 5076 in
1046 5013 1285 5096 templo
1326 5012 1679 5077 Salomonis
1730 5022 1879 5076 sunt

374 5117 648 5200 operati,
674 5116 901 5197 sicque
931 5133 1047 5196 per
1078 5115 1335 5176 domum
1358 5112 1728 5188 Juramenti,
1744 5131 1881 5194 pos-

372 5225 475 5279 set
507 5224 571 5279 et
602 5213 915 5297 templum
948 5212 1107 5274 illud
1141 5211 1437 5291 intelligi.

456 5315 549 5376 Ec
577 5315 699 5394 qui
726 5323 899 5374 stare
940 5312 1097 5390 fecit
1122 5314 1341 5380 solem,
1370 5309 1491 5372 hoc
1531 5317 1647 5386 est,
1682 5309 1874 5372 etiam

1984 4335 2160 4386 sunt.
2195 4324 2409 4406 Aliqui
2441 4323 2588 4387 libri
2623 4323 2879 4402 habent,
2913 4325 2990 4387 Et
3026 4345 3170 4408 quae
3202 4346 3472 4394 reversae

1986 4433 2160 4486 sunt.
2193 4426 2276 4484 In
2307 4427 2562 4485 Lehem,
2605 4423 2739 4486 Non
2791 4424 2962 4487 enim
3010 4425 3361 4491 Elimelech
3411 4435 3475 4492 et

1988 4521 2113 4584 filii
2158 4523 2298 4603 ejus
2341 4521 2577 4584 reversi
2617 4530 2766 4583 sunt
2811 4522 2873 4584 in
2921 4523 3175 4603 Lehem,
3210 4526 3330 4589 hoc
3379 4537 3476 4590 est

1986 4620 2373 4695 Bethlehem,
2417 4619 2572 4701 quia
2610 4618 2909 4683 obierunt
2952 4621 3018 4684 in
3062 4630 3230 4686 terra
3267 4625 3468 4688 Moab.

1988 4721 2109 4783 Sed
2140 4719 2358 4783 Noemi
2387 4719 2576 4782 rediit
2605 4739 2750 4782 cum
2779 4721 2968 4797 Ruth,
3001 4721 3103 4784 vel
3142 4722 3238 4786 illi
3271 4725 3475 4789 redie-

1988 4828 2137 4883 runt
2184 4821 2252 4882 in
2299 4819 2432 4884 suis
2479 4819 2880 4902 conjugibus.
2937 4821 3218 4904 Denique
3269 4825 3474 4907 aliqui

1987 4926 2196 4981 textus
2243 4916 2500 4994 habent,
2543 4917 2608 4979 ln
2658 4917 3066 4995 Bethlehem3
3109 4922 3218 4984 sed
3269 4940 3477 4986 corre·

1988 5016 2149 5078 otior
2179 5015 2388 5078 littera
2432 5015 2643 5092 habet,
2681 5016 2747 5078 In
2786 5016 3041 5080 Lehem,
3079 5021 3234 5080 Hoec
3260 5031 3476 5082 autem

1994 5117 2180 5176 verba
2213 5125 2449 5184 vetera,
2490 5113 2553 5176 id
2597 5123 2715 5192 est,
2749 5115 3008 5178 recitata
3051 5116 3171 5179 hoc
3213 5116 3354 5180 loco
3397 5119 3476 5182 de

1990 5211 2336 5274 Elimelech
2385 5219 2448 5274 et
2495 5210 2654 5273 siliis
2700 5213 2861 5293 ejuS,
2899 5220 3047 5274 sunt
3083 5214 3348 5295 antiqua
3385 5215 3478 5277 hi-

1990 5309 2186 5373 storia
2215 5309 2282 5372 in
2313 5308 2479 5372 libro
2507 5309 2672 5371 Ruth
2704 5307 2961 5390 scripta,
2979 5329 3122 5392 quae
3150 5319 3300 5374 ante
3328 5319 3479 5376 tem·

3525 1004 3648 1048 Ruth
3666 1019 3694 1057 ι,
3713 1009 3748 1051 2.

3537 1594 3652 1641 leid.
3683 1598 3721 1638 ¹.

3526 2184 3644 2230 leid.
3662 2187 3704 2236 4,
3721 2189 3762 2228 5.

3541 2682 3662 2728 dbia.
3684 2685 3728 2726 4.

3525 4650 3647 4696 laid.
3664 4653 3704 4702 2,
3723 4654 3763 4697 5.

3527 4750 3649 4794 lbid.
3677 4753 3746 4794 ¹⁹.
