4309 6259
914 500 1032 563 262

1233 514 1579 561 ENARRATIO
1622 514 1684 559 IN
1727 514 1864 559 cAP.
1911 511 2088 557 xxxu
2127 509 2287 555 unm
2330 508 2581 555 SECUNDI
2622 506 3152 553 PARALIPOMENON.
3197 524 3279 535 —
3318 506 3459 551 ΛΒΤ.
3504 503 3679 550 xxxn

911 690 1085 749 Juda
1116 697 1176 747 et
1209 691 1589 757 Jerusalem,
1631 687 1849 745 dicens
1881 706 1903 743 .·
1936 688 2161 745 Coram
2200 684 2403 742 altari
2432 678 2482 741 A
2511 701 2661 741 rum
2690 682 3020 740 robustum
3050 688 3111 739 et
3141 681 3606 747 bellatorem,et
3630 677 3969 755 principem

917 806 1045 846 uno
1085 788 1464 856 adorabitis,
1493 796 1552 845 et
1595 786 1667 845 in
1705 787 1840 861 ipso
1881 784 2257 843 comburetis
2306 783 2403 841 in-

913 906 1169 946 censum
1192 887 1222 945 ?
1249 889 1357 945 An
1389 885 1704 961 iynoratis
1726 904 1868 961 quae
1896 901 2004 958 eqo
2035 882 2325 957 fer-erim,
2345 888 2405 939 ec

903 994 1121 1061 patres
1143 985 1268 1045 mei
1287 984 1532 1043 cunctis
1555 992 1871 1042 terra-rum
1883 980 2144 1057 populis
2159 980 2187 1037 ‚2
2204 980 2405 1040 Num—

914 1084 1076 1160 quid
1096 1084 1590 1159 praevaluerunt
1608 1081 1712 1138 dii
1735 1080 2058 1155 qemt‘z'um,
2089 1077 2405 1135 omnium-

913 1201 1034 1261 que
1069 1190 1415 1249 terrarum,
1448 1181 1719 1238 liberare
1757 1178 2076 1253 reqionem
2109 1196 2297 1234 suam
2325 1177 2403 1233 de

913 1300 1116 1339 manu
1145 1283 1332 1339 mea?
1354 1280 1510 1347 Quis
1539 1286 1630 1337 est
1657 1280 1737 1336 de
1763 1276 2088 1336 universis
2107 1274 2239 1333 diis
2252 1292 2401 1349 qen-

917 1379 1108 1446 tium,
1160 1396 1320 1454 quas
1368 1384 1781 1435 vastaverunt
1819 1384 2038 1451 patres
2085 1374 2238 1441 mei,
2286 1374 2403 1451 qui

906 1476 1194 1552 potuerit
1230 1494 1450 1533 eruere
1491 1477 1808 1549 populum
1843 1492 2035 1531 suum
2073 1473 2152 1530 de
2202 1490 2403 1529 manu

915 1594 1081 1642 mea,
1122 1581 1196 1632 ut
1235 1573 1437 1649 possit
1483 1572 1682 1631 etiam
1720 1573 1888 1631 Deus
1935 1579 2137 1629 vester
2183 1590 2404 1627 cruere

915 1692 1022 1731 vos
1050 1674 1129 1730 de
1166 1671 1288 1730 hac
1323 1690 1526 1730 manu
1549 1672 1579 1729 ἕ
1607 1671 1755 1732 Non
1795 1690 1902 1728 vos
1936 1688 2082 1743 eryo
2119 1668 2404 1744 decipiat

913 1771 1249 1839 Ezechias,
1291 1789 1406 1828 nec
1446 1789 1617 1829 vana
1661 1769 2072 1845 persuasione
2109 1769 2401 1836 deludat,

2510 782 2825 839 exercitus
2872 781 3039 856 reyis
3078 780 3518 855 Assyriorum.
3565 779 3975 852 Reversusque

2511 889 2600 939 est
2644 898 2790 938 cum
2828 880 3195 955 iynominia
3232 880 3305 936 in
3356 887 3592 937 terram
3638 894 3843 935 suam.
3871 872 3975 935 Ve-

2512 985 2868 1039 rumtamen
2902 985 2969 1038 ut
2998 976 3238 1038 dictum
3278 983 3373 1038 est
3409 982 3635 1055 quarto
3663 974 3893 1053 Regum
3920 980 3976 1033 et

2515 1095 2705 1157 super
2733 1076 2953 1137 isaiam
2994 1084 3339 1151 ostensum,
3373 1075 3591 1137 decem
3626 1078 3976 1134 manserunt
4000 1091 4219 1149 urucam.

2514 1173 2909 1255 superstiteS,
2933 1193 3077 1237 oum
3108 1174 3343 1255 quibus
3390 1192 3495 1235 rex
3533 1172 3719 1251 fugit.
3754 1174 3977 1239 Quum·
3999 1160 4221 1267 Ξίὶζῗξ·

2512 1294 2633 1351 que
2678 1276 3002 1349 inqressus
3047 1283 3199 1333 esset
3245 1276 3509 1332 domum
3546 1273 3654 1331 dei
3695 1272 3825 1339 sui,
3858 1272 3978 1346 filii

2512 1373 2630 1450 qui
2658 1374 2892 1449 effressi
2918 1373 3187 1449 fuerant
3215 1375 3295 1431 de
3324 1381 3504 1431 utero
3545 1372 3706 1448 ejus,
3738 1370 3981 1445 interfe-

2511 1481 2735 1531 cerunt
2762 1490 2905 1531 eum
2941 1473 3187 1547 ⁴eladio,
3224 1472 3647 1549 Salvavitque
3684 1470 3981 1529 Dominus

2510 1570 2883 1640 Ezechiam,
2908 1580 2966 1629 et
2986 1572 3370 1629 habitatores
3388 1572 3757 1637 Jerusalem,
3776 1570 3853 1627 de
3872 1588 3985 1625 ma-

2512 1689 2605 1727 nu
2655 1670 3092 1729 Sennacherib
3132 1670 3304 1745 regis
3333 1670 3782 1743 Assyriorum,
3818 1675 3873 1725 el
3914 1668 3985 1725 de

2513 1788 2715 1827 manu
2764 1770 3084 1837 omnium,
3130 1778 3189 1827 et
3228 1769 3537 1845 prwscitit
3572 1766 3678 1825 ei*
3722 1767 3983 1845 quietem
4032 1784 4129 1824 πίε

915 1888 1120 1946 neque
1161 1868 1436 1927 credatis
1473 1868 1554 1927 ei.
1597 1869 1679 1928 Si
1719 1869 1890 1926 enim
1931 1870 2155 1926 nullus
2187 1866 2403 1942 potuit
2441 1868 2484 1927 B
2506 1885 2625 1942 per
2652 1866 3025 1926 circuitum.

915 1970 1070 2026 deus
1097 1974 1475 2027 cunctarum
1511 1967 1808 2042 ,centium
1840 1975 2030 2043 atque
2064 1966 2398 2040 reqionum

916 2068 1192 2125 liberare
1222 2069 1542 2143 populum
1578 2085 1770 2124 suum
1809 2066 1888 2122 de
1921 2084 2122 2124 manu
2155 2083 2315 2133 mea,
2347 2071 2404 2122 et

914 2167 994 2224 de
1041 2184 1244 2224 manu
1278 2173 1551 2240 patrum
1589 2182 1870 2222 meorum
1892 2186 1920 2234 ,·
1956 2170 2405 2239 consequenter

915 2284 1028 2324 nec
1057 2265 1227 2323 Deus
1265 2271 1466 2323 vester
1495 2264 1732 2339 poterit
1768 2282 1988 2321 eruere
2030 2280 2135 2320 vos
2172 2263 2251 2319 de
2287 2262 2407 2319 hac

915 2382 1142 2421 manu.

996 2462 1126 2521 Sed
1152 2469 1211 2520 et
1241 2461 1380 2519 alia
1410 2463 1616 2518 multa
1649 2460 1844 2518 locuti
1880 2466 2031 2517 sunt
2069 2458 2239 2515 servi
2267 2457 2408 2533 ejus

916 2568 1141 2618 contra
1189 2558 1546 2619 Dominum
1594 2559 1826 2625 Deum,
1871 2565 1932 2615 et
1979 2564 2204 2614 contra
2250 2557 2409 2615 Eze-

915 2658 1131 2717 chiam
1158 2676 1416 2715 servum
1443 2655 1604 2731 ejus.
1629 2655 1956 2730 Epistola-s·
1976 2673 2225 2732 quoque
2251 2654 2407 2711 scri-

907 2758 1044 2833 psit
1057 2758 1284 2831 plenas
1305 2754 1710 2830 blasphemiae
1731 2754 1802 2811 in
1823 2754 2175 2813 Dominum
2206 2755 2404 2811 Deum

917 2855 1144 2913 Israel.
1168 2850 1302 2913 Hoc·
1329 2848 1355 2910 f
1361 2850 1452 2911 uit
1484 2850 1738 2931 quando
1767 2850 1845 2911 ad
1871 2856 2118 2930 tempus
2149 2847 2410 2911 recessit

626 2964 890 3072 ἑνέεμιι,
920 2969 957 3011 a
990 2957 1152 3012 terra
1182 2949 1362 3025 Juda,
1389 2948 1644 3028 cognito
1676 2949 1950 3011 adventu
1987 2948 2152 3028 regis
2176 2946 2412 3008 AEthio-

2594 1964 2797 2024 Mulcz'
2825 1966 3016 2023 etiam
3056 1964 3393 2043 gentilium
3433 1982 3508 2026 ex
3546 1980 3743 2042 regno
3782 1963 3985 2025 decem

2518 2061 2802 2124 tribuum
2851 2064 3220 2139 deferebant
3276 2064 3513 2123 hostias
3558 2072 3616 2122 et
3673 2064 3987 2138 sacrificia

2514 2162 2789 2221 Domino
2841 2163 2912 2219 in
2948 2164 3328 2231 Jerusalem,
3371 2159 3587 2222 audito
3636 2158 3758 2221 isto
3804 2158 3989 2221 admi-

2522 2258 2715 2319 rando
2748 2258 3093 2339 triumpho,
3120 2277 3195 2321 ex
3223 2276 3349 2339 quo
3381 2257 3909 2339 omnipotentiam
3939 2265 3991 2319 et-

2517 2355 2985 2437 providentiam
3032 2364 3225 2437 atque
3270 2356 3583 2437 justitiam
3630 2356 3739 2419 Dei
3790 2374 3991 2438 pensa-

2519 2453 2709 2527 bant3
2756 2453 3391 2536 regratiabanturque
3429 2455 3510 2531 ei,
3550 2456 3719 2536 quod
3766 2455 3992 2537 impiis-

2518 2554 2750 2616 simum
2783 2554 2963 2615 illum
3006 2562 3364 2637 tyrannum,
3401 2555 3512 2636 qui
3546 2562 3792 2617 tantum
3824 2575 3994 2619 vexa-

2518 2662 2693 2716 verat
2715 2653 2999 2734 undique
3022 2672 3209 2733 regna
3232 2662 3564 2731 terrarum,
3586 2664 3711 2716 tam
3730 2654 3995 2734 gloriose

2514 2770 2593 2814 ae
2621 2753 2959 2813 metuende
3003 2752 3273 2833 dejecit3
3320 2762 3377 2811 e!
3410 2773 3682 2813 munera
3714 2755 3996 2813 Ezechia‘

2519 2853 2660 2925 reqz’
2687 2854 2891 2920 Juda,
2924 2850 3260 2930 diligentes
3291 2870 3434 2913 eum
3476 2860 3538 2914 et
3574 2860 3784 2931 grates
3828 2852 3885 2913 ei
3916 2870 3999 2912 re·

2524 2946 2822 3025 ferenteS,
2849 2968 2923 3011 eo
2955 2950 3123 3029 quod
3150 2950 3307 3011 tanti
3338 2950 3588 3032 tyranni
3611 2958 4003 3032 procurasset

921 3047 1043 3130 piae
1093 3052 1310 3109 'contra
1359 3066 1447 3109 Se.
1499 3049 1586 3107 Et
1636 3050 1878 3107 locutus
1927 3056 2017 3107 est
2065 3050 2409 3107 adversum
2446 3055 2491 3119 C
2522 3047 2795 3109 ruinam.
2832 3051 2960 3117 Qui
2986 3054 3310 3110 exaltatus
3348 3059 3436 3109 est
3456 3060 3600 3126 post
3636 3053 3770 3111 haec
3798 3070 3997 3110 coram

919 3167 1068 3207 eum
1103 3147 1344 3207 :Sicut
1390 3146 1494 3206 dii
1534 3148 1831 3223 yentium
1877 3155 2232 3205 ceterarum
2278 3166 2409 3205 non

914 3254 1267 3323 potuerunt
1299 3246 1572 3304 liberare
1595 3247 1916 3322 populum
1946 3263 2138 3303 suum
2168 3246 2246 3302 dc
2276 3263 2411 3302 ma-

919 3364 1014 3403 nu
1055 3362 1220 3411 mea,
1257 3343 1351 3401 sic
1387 3350 1446 3401 et
1474 3344 1642 3401 Deus
1672 3342 1967 3401 Ezechioe.
2011 3361 2233 3401 eruere
2279 3362 2408 3401 non

912 3442 1152 3518 poterit
1183 3443 1502 3517 populum
1539 3460 1731 3499 suum
1759 3442 1838 3498 de
1882 3459 2080 3499 manu
2119 3441 2265 3499 ista.
2299 3442 2410 3499 In-

921 3559 1114 3617 super
1170 3547 1230 3598 et
1279 3542 1555 3598 clamore
1615 3556 1864 3613 maffizo,
1912 3538 2140 3613 linqua
2179 3540 2410 3597 Judai-

921 3658 996 3697 ca
1033 3646 1256 3697 contra
1296 3639 1614 3715 populum
1658 3637 1775 3715 qui
1809 3636 2055 3695 sedebat
2096 3638 2169 3695 in
2204 3639 2410 3696 muris

919 3739 1298 3805 Jerusalem,
1342 3737 1750 3812 personabat,
1781 3744 1855 3795 uc
1895 3743 2152 3795 terreret
2197 3756 2321 3804 eos,
2351 3746 2410 3796 et

921 3843 1170 3910 caperet
1209 3835 1558 3893 civitatem.
1611 3836 2016 3913 Locutusque
2051 3843 2142 3894 est
2188 3844 2411 3894 contra

921 3935 1129 3993 Deum
1160 3935 1388 4004 Israel,
1419 3933 1586 3991 sicut
1616 3935 1960 3993 adversum
1988 3937 2134 3993 deos
2153 3936 2413 4010 populo-

924 4052 1074 4091 rum
1107 4041 1318 4099 terroe,
1350 4050 1538 4106 opera
1561 4052 1880 4091 manuum
1909 4033 2268 4092 hominum.

1009 4132 1372 4190 oraverunt
1399 4131 1608 4206 igitur
1629 4132 1938 4190 Ezechias
1957 4152 2094 4201 reat,
2114 4142 2173 4191 cc
2204 4132 2413 4191 Isaias

2521 3149 2767 3206 eunctis
2788 3150 3111 3223 yentz'bus,
3132 3147 3252 3210 hoe
3273 3156 3388 3224 est,
3418 3146 3697 3211 famosus
3738 3148 3806 3210 ef
3812 3147 4003 3209 sectus

2521 3245 2690 3325 apud
2724 3263 2943 3307 omnes
2977 3246 3086 3326 qui
3120 3246 3236 3307 ista
3272 3254 3715 3327 perceperunt,
3736 3264 3813 3309 eo
3843 3247 4001 3327 quod

2525 3342 2670 3405 talis
2702 3363 2775 3406 ae
2808 3353 3021 3406 tantus
3053 3354 3218 3406 esset
3245 3346 3415 3426 apud
3448 3344 3867 3422 Altissimum,
3899 3345 4003 3426 qui

2527 3442 2617 3504 sic
2650 3462 2763 3523 per
2793 3443 3087 3523 angelum
3120 3462 3304 3504 suum
3341 3443 3648 3525 pugnavit
3680 3462 3797 3526 pro
3832 3464 3925 3507 eo.

2606 3544 2682 3601 In
2716 3546 2761 3601 cl
2767 3544 2938 3601 iebus
2970 3544 3105 3602 illis
3124 3546 3460 3619 avyrotavic
3480 3545 3794 3604 Ezechias
3814 3564 4005 3621 usq-tw

2522 3642 2610 3699 ad
2645 3650 2903 3699 mortem
2941 3640 3286 3715 exclusive,
3320 3652 3378 3701 et
3415 3643 3625 3701 oravit
3654 3644 4001 3702 Dominum

2524 3746 2593 3798 ut
2624 3746 2973 3799 sanaretur.
3008 3742 3505 3819 Exaudive'tque
3541 3760 3714 3810 eum,
3744 3751 3804 3801 et
3828 3742 4002 3801 dedit

2520 3838 2582 3893 ee?
2611 3838 2896 3913 signum,
2921 3836 3005 3897 ita
3036 3838 3205 3918 quod
3237 3837 3325 3900 sol
3355 3837 3542 3900 rediit
3569 3839 3789 3901 decem
3820 3838 3999 3901 lineis
4050 3854 4214 3914 sapen·

2524 3953 2633 3995 seu
2667 3934 2967 4015 gradibus
3001 3935 3065 3997 in
3099 3935 3427 4015 horologio
3457 3936 3681 4013 Aehaz,
3718 3938 4004 4019 prout-is-
4028 3923 4236 4028 1¹3⁸&

2526 4033 2635 4094 tud
2659 4042 2883 4113 quarto
2917 4034 3151 4113 Regum
3187 4033 3351 4098 libro
3382 4035 3739 4116 expositum
3771 4034 3913 4097 fuit.

2604 4136 2733 4193 Sed
2772 4135 3120 4209 nonjuoeta
3160 4136 3465 4211 beneficia
3508 4156 3649 4214 qua»
3686 4144 4002 4212 acceperat

923 4229 1106 4304 filius
1125 4230 1319 4287 Amos
1345 4228 1698 4305 prophetes,
1724 4232 2067 4289 adversum
2089 4232 2257 4289 hanc
2288 4233 2415 4289 blo·
2443 4239 2491 4300 D
2522 4250 2557 4291 a
2590 4231 2735 4304 De0‚
2770 4233 3069 4291 retribuit
3098 4230 3181 4307 ei,
3217 4231 3279 4293 id
3312 4240 3427 4307 est,
3466 4231 3747 4312 ingratus
3782 4234 3902 4296 Deo
3922 4234 4005 4296 el*-

924 4328 1283 4402 sphemiam
1322 4324 1457 4386 zelo
1495 4324 1780 4405 jastium,
1817 4335 1885 4388 ut
1922 4327 2130 4408 justus
2180 4338 2242 4391 et
2290 4348 2416 4391 om-

927 4424 1224 4503 nipotens
1257 4423 1419 4485 Deus
1449 4442 1588 4484 eam
1621 4423 2055 4502 ulcisceretur,
2086 4448 2162 4487 ac
2193 4428 2415 4507 vocife-

925 4524 1063 4581 rati
1107 4531 1258 4582 sunt
1297 4542 1496 4599 usque
1543 4524 1612 4582 in
1662 4526 1916 4593 coelum,
1950 4524 2070 4587 hoc
2116 4533 2233 4600 est,
2287 4532 2411 4586 tam

925 4618 1370 4682 ardentissime
1415 4639 1487 4682 ac
1537 4618 2020 4685 fiducialissime
2067 4632 2128 4686 et
2176 4623 2413 4686 indesi-

928 4725 1151 4781 nenter
1180 4717 1514 4780 Dominum
1547 4718 2023 4797 invocaverunt,
2051 4724 2217 4803 quod
2256 4723 2413 4784 Deus

929 4816 996 4878 in
1027 4816 1188 4880 eoelo
1220 4816 1527 4893 residenS,
1565 4818 1842 4881 ostendit
1871 4838 1938 4881 se
1969 4838 2107 4881 eam
2141 4821 2408 4883 audisse.

921 4914 1140 4977 Oravit
1169 4923 1378 4977 autem
1402 4924 1464 4977 et
1487 4924 1653 4977 totus
1675 4917 1950 4998 populus
1982 4918 2283 4997 Ezechiae,
2304 4921 2413 4982 sed

929 5014 992 5074 hi
1023 5014 1171 5090 duo,
1208 5022 1512 5094 tanquam
1542 5014 2020 5078 excellentiores
2051 5025 2112 5078 et
2145 5018 2415 5080 sanctio-

635 5126 900 5229 ficetum
929 5132 1048 5189 reS‚
1083 5131 1212 5194 prae
1244 5112 1466 5174 ceteris
1506 5113 1970 5193 exprimuntur.
2004 5115 2240 5196 Nempe
2278 5135 2415 5179 ora-

927 5211 1016 5272 tio
1043 5210 1200 5292 Justi
1232 5219 1519 5291 penetrat
1551 5211 1766 5273 COEIOS.
1793 5214 1877 5272 Ec
1901 5214 2078 5272 misit
2098 5216 2414 5274 Dominus

927 5311 1231 5385 anyelum
1275 5328 1488 5378 suum,
1532 5309 1648 5386 qui
1673 5311 1986 5385 percussit
2022 5330 2275 5370 omnem
2324 5315 2414 5371 vi-

2525 4326 2729 4390 feetus
2781 4337 2898 4403 est,
2942 4328 3059 4408 ,qui
3100 4337 3273 4390 tanta
3313 4328 3469 4392 fecit
3504 4331 3581 4392 ad
3634 4331 3831 4413 ipsius
3870 4332 4006 4394 Eze-

2525 4426 2682 4488 chiae
2714 4425 3103 4503 instantiam,
3141 4427 3205 4488 in
3240 4427 3391 4490 solis
3417 4430 3880 4510 supernaturali
3914 4450 4006 4493 re-

2528 4526 2936 4601 trocessione,
2991 4524 3054 4585 in
3106 4524 3508 4606 Assyriorum
3558 4545 3670 4608 per
3710 4528 4003 4607 angelum

2527 4621 3011 4698 incineratione,
3039 4622 3103 4683 in
3136 4623 3235 4685 sui
3269 4623 3472 4705 ipsius
3504 4625 3875 4688 miraculosa
3908 4646 4005 4688 cu-

2526 4722 2789 4797 ratione,
2825 4731 2887 4783 et
2918 4722 3063 4785 vitae
3104 4742 3233 4785 suae
3280 4723 3783 4804 prolongatione,
3815 4733 4003 4806 atque

2528 4820 2591 4880 in
2622 4819 2763 4881 aliis
2803 4820 3021 4881 multis
3060 4840 3132 4882 ac
3170 4821 3416 4901 magnis
3458 4822 3893 4903 spiritualibus
3935 4843 4003 4885 ac

2526 4918 2964 5001 corporalibus
2994 4919 3214 4993 donis;
3248 4922 3404 4999 <suia
3444 4926 3758 4983 clevatum
3788 4932 3874 4981 est
3902 4943 4005 4982 cor

2526 5019 2664 5094 ejus
2694 5017 2759 5077 in
2792 5017 3174 5098 superbiam,
3200 5026 3262 5079 et
3292 5017 3565 5081 inaniter
3582 5018 3883 5099 gloriatus
3914 5028 4005 5082 est

2524 5135 2598 5177 ex
2633 5123 2807 5177 tanta
2838 5136 2949 5177 sua
2984 5114 3347 5191 samatione,
3374 5118 3603 5197 etquia
3627 5126 3717 5180 tot
3744 5125 3806 5179 et
3838 5126 4003 5179 tanta

2526 5221 2783 5295 propter
2825 5213 3032 5294 ipsum
3074 5212 3239 5275 facta
3284 5212 3564 5289 fuerunt,
3600 5234 3739 5296 quae
3776 5224 3837 5277 et.
3872 5216 4003 5277 suis

2524 5311 2767 5373 meritis
2820 5312 2983 5373 ultra
3022 5311 3409 5393 condignum
3450 5313 3727 5375 creditur
3774 5314 4005 5376 adscri-
