4309 6259
137 762 234 805 Gen.
251 776 330 812 xxx,

95 828 154 874 34:
171 839 271 872 xxvi,
293 828 329 867 ¹.

361 2830 694 2902 magnates
739 2822 1127 2904 quandoque
1170 2820 1522 2902 loquuntur
1564 2818 1852 2900 leprosiS,
1966 2817 2161 2883 Jacob
2199 2835 2212 2879 :
2248 2816 2473 2880 Omnia
2509 2815 2678 2879 bona
2706 2815 2979 2897 AEgypti‚
3005 2822 3215 2877 vestra
3244 2822 3450 2876 erunt.
3512 2838 3623 2881 Gen,
3650 2852 3743 2889 m,

117 2937 158 2977 u·
177 2940 274 2993 περ.
293 2952 332 2989 v.
359 2922 523 2983 sicut
560 2919 698 3001 jam
731 2919 938 3001 patuit
967 2921 1046 2983 de
1087 2938 1234 3000 rege
1264 2918 1460 3001 Syriae
1489 2925 1552 2980 et
1580 2918 1856 2980 Naaman
1971 2916 2217 2980 Oblitus
2238 2914 2492 2977 videtur
2513 2913 3002 2994 Benadad,quod
3026 2911 3271 2974 Eliseus
3291 2910 3454 2972 nihil
3484 2902 3725 3018 ίῗῦξξὲμ

97 3007 168 3047 ⁴·⁵
359 3019 616 3101 leproso
652 3035 666 3079 :
703 3018 926 3100 sicque
957 3017 1243 3081 accidere
1281 3015 1512 3098 potuit,
1545 3017 1717 3097 quod
1751 3034 1856 3079 rex
1893 3014 1936 3077 C
1968 3014 2257 3095 accipere
2276 3012 2479 3076 voluit
2501 3012 2831 3075 aNaaman
2862 3020 3093 3073 curato.
3116 3014 3455 3088 Quumque
3484 3028 3549 3071 ιε.
3730 2994 3741 3014 '

357 3118 546 3181 lsrael
590 3116 1132 3181 certitudinaliter
1173 3116 1438 3198 cupiens
1483 3114 1732 3178 edoceri
1779 3116 1857 3177 de
1966 3114 2231 3175 stetisset
2261 3132 2479 3172 coram
2504 3132 2598 3180 eo,
2627 3112 2724 3171 ait
2756 3131 2777 3169 .·
2811 3111 3029 3173 Filius
3064 3119 3217 3177 tuus,
3242 3111 3455 3169 Bena-

356 3215 771 3279 mirabilibus
801 3215 1020 3291 Elisei‚
1041 3213 1462 3297 personaliter
1490 3214 1733 3295 alloqui
1755 3231 1859 3276 vo-
1965 3214 2100 3273 dad
2129 3232 2247 3271 reoe
2278 3212 2516 3287 Syriae.
2552 3208 2715 3271 Ecce
2742 3216 2996 3291 quantae
3034 3206 3453 3287 reputationis

357 3315 551 3377 luerit
583 3313 780 3385 Giezi.
815 3312 1030 3394 Aliqui
1065 3332 1217 3376 vero
1257 3319 1504 3395 putant,
1537 3311 1708 3394 quod
1739 3310 1858 3372 Eli·
1964 3311 2096 3392 jam
2140 3308 2264 3370 fuit
2300 3307 2547 3369 Eliseus
2587 3307 2779 3370 etiam
2810 3306 2979 3388 apud
3010 3305 3279 3386 gentiles
3310 3324 3453 3387 pro-

357 3433 502 3475 scus
543 3430 623 3475 ex
664 3410 902 3493 pietate
943 3410 1200 3474 interim
1232 3408 1400 3473 Giezi
1446 3408 1636 3471 istum
1679 3430 1858 3473 cura-
1967 3417 2109 3491 pter
2138 3405 2459 3469 mirabilia
2487 3424 2623 3467 sua.
2650 3407 2833 3467 Misit
2861 3426 2958 3465 me
2988 3408 3075 3465 ad
3098 3415 3173 3476 te,
3196 3406 3451 3464 dicens:

359 3512 546 3589 verit,
597 3529 727 3573 non
776 3510 1074 3574 obstante
1117 3510 1289 3590 quod
1328 3509 1572 3571 dixerat
1616 3508 1856 3591 lepram
1967 3508 2048 3569 Si
2079 3507 2309 3567 sanari
2334 3514 2551 3582 potero
2580 3506 2659 3563 de
2694 3504 3082 3580 infirmitate
3115 3524 3255 3563 mea
3285 3504 3455 3563 hac?

127 3624 304 3668 maza
359 3611 644 3673 Naaman
665 3609 726 3673 ei
748 3618 1056 3691 perpetue
1076 3607 1860 3688 adhaesuram,quiaquan-
2045 3606 2362 3683 Dioeitque
2392 3605 2456 3663 ei
2485 3604 2739 3665 Eliseus
2770 3622 2792 3661 .·
2828 3603 3017 3672 Vade,
3049 3602 3158 3662 dic
3183 3602 3247 3660 ei
3279 3621 3301 3660 .·
3333 3602 3454 3661 Sa-

939 478 1290 533 mantnano
1333 480 1392 525 IN
1437 478 1572 524 cAP.
1621 478 1726 523 vul
1769 477 1926 523 LIBRI
1967 476 2191 532 QUARTl
2234 478 2455 523 REGUM.
2502 499 2582 509 --
2622 479 2763 524 ΛΒΤ.
2811 478 2877 525 xl

3368 460 3446 523 39

355 650 548 730 gione
585 648 1090 725 Palaestinorum,
1128 650 1194 711 in
1228 668 1378 731 qua,
1412 656 1598 731 prout
1639 648 1703 710 in
1744 648 1854 710 Ge·
1879 650 1930 713 A
1963 648 2231 715 virtutes
2273 648 2527 713 seminae
2565 651 2767 733 hujuS,
2803 660 2866 714 ct
2904 651 2988 714 ob
3031 653 3445 716 reverentiam

359 749 496 812 nesi
529 747 857 826 recitatur,
877 747 1192 810 Abraham
1224 768 1368 811 cum
1402 747 1572 824 Sara,
1592 756 1655 810 et
1685 747 1852 809 Isaac

358 867 504 911 cum
535 847 826 919 Rebecca
866 855 1152 928 tempore
1184 846 1373 910 famis
1421 844 1647 909 morati
1679 852 1849 907 sunt.

355 934 718 1024 Eteyressa
748 958 840 1008 est
881 946 960 1009 de
1005 946 1164 1009 urbe
1195 945 1386 1021 Suna‚
1423 946 1491 1015 in
1523 964 1714 1027 quam
1760 964 1856 1007 re-

354 1046 538 1109 diens
585 1046 798 1128 primo
844 1045 1126 1122 intravit,
1161 1044 1316 1127 quia
1355 1046 1434 1107 de
1483 1064 1559 1107 ea
1608 1042 1749 1121 ruit,
1781 1055 1856 1105 ut

355 1147 828 1222 interpellaret,
851 1144 917 1206 id
948 1145 1162 1221 est,de
1190 1144 1333 1224 jure
1363 1161 1477 1206 suo
1507 1142 1858 1224 alloquere-

355 1252 480 1321 tur,
505 1264 724 1321 reyem
753 1243 967 1319 lsrael,
1004 1242 1251 1306 scilicet
1278 1243 1510 1319 Joram,
1530 1262 1652 1320 pro
1671 1244 1856 1303 domo

352 1365 472 1403 sua
503 1353 566 1404 et
593 1363 716 1420 pro
745 1344 924 1419 αρν-τῖε
953 1344 1114 1404 suis,
1149 1328 1304 1403 Nam
1337 1339 1594 1421 interim
1623 1340 1858 1403 contri-

353 1440 536 1506 bules
571 1440 780 1523 ipsius
811 1450 920 1503 aut
957 1439 1069 1502 alii
1107 1440 1472 1505 invaserant
1502 1447 1565 1502 et
1594 1458 1858 1521 occupa-

357 1548 580 1609 verant
610 1539 782 1602 bona
823 1539 1049 1621 ipsiuS.

435 1640 579 1699 Rex
610 1648 832 1699 autem
864 1640 1244 1717 loquebatur
1273 1657 1420 1699 cum
1447 1639 1630 1699 Giezi
1652 1655 1856 1714 puero

357 1738 491 1797 viri
527 1739 682 1807 Dei,
711 1740 932 1797 dicens
953 1758 976 1795 .·
998 1738 1224 1803 Narra
1257 1738 1426 1797 mihi
1464 1738 1688 1797 omnia
1725 1756 1857 1795 ma-

1966 749 2357 815 mirabilium
2411 750 2543 829 Dei,
2595 759 2658 814 et
2704 752 3009 833 quoniam
3060 751 3269 815 Eliseo
3316 752 3451 814 haec

1965 848 2200 911 mulier
2230 858 2363 913 erat
2397 858 2521 913 tam
2564 870 2709 913 cara
2745 870 2815 913 ac
2851 849 3205 913 familiaris.

2048 947 2353 1028 Sequitur
2397 948 2569 1010 aliud
2602 948 2975 1012 vaticinium
3020 948 3235 1011 Elisei.
3275 951 3456 1011 Venit

1968 1066 2217 1125 quoque
2232 1048 2319 1107 ΕΖ
2325 1048 2487 1106 iseus
2500 1051 2909 1116 Damascum,
2929 1056 2988 1106 et
3002 1050 3321 1108 Benadad
3340 1068 3457 1107 rea>

1967 1147 2187 1222 Syriae
2216 1148 2562 1223 oeyrotabat
2596 1167 2619 1206 .·
2649 1146 2833 1227 cujus
2874 1145 3273 1227 {egritudinis
3310 1164 3458 1209 cau-

1969 1262 2104 1305 sam
2125 1243 2435 1325 Iosephus
2460 1243 2675 1325 tangit,
2697 1244 2983 1320 dicend0,
3000 1245 3169 1326 quod
3190 1243 3456 1305 audiens

1969 1362 2036 1405 se
2056 1342 2138 1403 ab
2158 1341 2493 1405 obsidione
2515 1342 2809 1405 Samariae
2830 1343 3117 1404 territum
3142 1341 3455 1423 aufugisse

1968 1459 2113 1502 cum
2160 1448 2334 1502 tanto
2378 1441 2630 1517 damn0,
2666 1440 2921 1503 nemine
2965 1426 3303 1503 invadente
3346 1448 3455 1502 aut

1969 1538 2271 1603 invadere
2303 1546 2677 1621 praeparato‚
2712 1540 2819 1601 sed
2852 1538 3071 1603 divino
3116 1538 3446 1615 miraculo,

1969 1656 2098 1719 prae
2129 1634 2390 1699 tristitia
2420 1644 2483 1700 et
2512 1636 2913 1713 confusione,
2932 1657 3043 1700 seu
3076 1637 3170 1699 ira
3197 1645 3260 1699 et
3288 1636 3453 1699 indi-

1967 1735 2291 1817 gnatione,
2326 1735 2768 1798 infirmitatem
2799 1736 2963 1797 hanc
2994 1733 3237 1819 incidit.
3273 1737 3453 1799 Nun-

349 1838 583 1912 ynalia
617 1856 762 1915 quw
791 1836 946 1913 fecit
977 1838 1254 1897 Eliseus.
1291 1833 1634 1898 Occasione
1664 1833 1855 1915 hujus
1892 1830 1940 1894 B
1972 1838 2425 1914 tiaveruntque
2471 1836 2555 1901 ei,
2584 1836 2863 1895 dicentes
2903 1856 2925 1893 .·
2964 1836 3147 1896 Venit
3196 1836 3301 1895 vir
3331 1836 3454 1895 Dei

357 1932 560 2009 verbi,
585 1931 792 2014 aliqui
824 1932 1173 2014 opinantur
1193 1931 1363 1994 istud
1393 1931 1736 2011 contigisse
1755 1950 1858 1993 an-

361 2040 620 2112 tequam
649 2029 823 2094 Giezi
870 2030 1114 2113 lepram
1157 2030 1447 2107 incurrit,
1483 2049 1681 2112 quum
1727 2048 1856 2093 non

357 2132 438 2193 sit
495 2130 856 2213 probabile,
906 2131 1079 2212 quod
1129 2148 1236 2193 rex
1285 2130 1665 2212 loquebatur
1711 2149 1855 2192 cum

361 2229 638 2312 leproso.
672 2229 742 2291 ln
773 2228 1120 2310 Scripturis
1150 2228 1394 2311 quippe
1437 2245 1564 2292 non
1608 2247 1859 2310 semper

363 2336 656 2393 servatur
684 2329 841 2391 ordo
889 2327 979 2391 rei
1011 2336 1216 2407 ‘ges'tae
1246 2328 1315 2389 in
1361 2325 1722 2393 narratione
1764 2326 1861 2407 hi-

361 2428 596 2489 storiae.
649 2426 1108 2489 Verumtamen
1160 2426 1326 2489 istud
1379 2426 1691 2488 incertum
1741 2434 1852 2502 θεῖ,

361 2526 510 2607 quia
542 2544 664 2589 nec
693 2524 762 2587 in
795 2525 936 2607 lege
967 2524 1093 2587 suit
1123 2524 1519 2607 prohibitum
1548 2523 1741 2587 affari
1773 2524 1861 2586 le-

361 2644 648 2707 prosum,
675 2643 794 2687 nec
835 2624 1043 2687 Joram
1079 2624 1200 2686 iste
1227 2622 1354 2685 fuit
1395 2623 1598 2703 legem
1639 2622 1858 2685 obser-

353 2742 540 2785 vans.
577 2723 670 2785 Ex
715 2722 979 2805 speciali
1029 2740 1288 2804 quoque
1335 2739 1525 2784 causa
1567 2739 1747 2801 reges
1796 2728 1859 2783 et

356 3719 493 3772 tum
527 3710 610 3788 ad
645 3708 1137 3790 perpetuitatem
1169 3706 1346 3768 illam
1387 3704 1513 3767 fuit
1542 3706 1662 3769 hoc
1692 3724 1859 3768 com-

355 3805 654 3881 minatio,
679 3814 742 3867 θῖ
771 3804 850 3867 de
873 3804 1081 3885 rigore
1100 3802 1386 3885 justitiae,
1413 3810 1520 3864 aut
1552 3802 1856 3883 mysticus

352 3904 748 3981 intellectuS,
781 3910 853 3965 ut
882 3902 1126 3966 dicunt.

1968 1936 2113 1995 hue.
2150 1936 2235 1994 Et
2282 1936 2377 1993 ait
2428 1955 2544 1993 reoe
2585 1936 2672 1994 ad
2702 1936 2955 1994 Hazael
2984 1954 3006 1992 .·
3034 1937 3203 1994 Tolle
3252 1942 3457 1993 tecum

1970 2052 2266 2103 munera,
2300 2042 2360 2092 et
2391 2035 2551 2092 vade
2581 2033 2653 2092 in
2685 2051 3015 2092 occursum
3056 2033 3191 2091 viri
3222 2033 3365 2102 Dei,
3397 2041 3457 2091 et

1968 2133 2221 2190 consule
2242 2130 2597 2190 Dominum
2614 2150 2732 2206 per
2750 2149 2920 2199 eum,
2938 2130 3157 2189 dicens
3178 2149 3200 2187 .·
3224 2130 3301 2189 Si
3319 2148 3460 2188 eva-

1967 2231 2116 2287 dere
2153 2236 2374 2303 potero
2416 2229 2495 2286 de
2525 2228 2912 2303 infirmitate
2958 2245 3095 2287 mea
3127 2227 3296 2285 hac?
3323 2226 3459 2286 Ivit

1972 2328 2181 2403 iyitur
2222 2328 2473 2387 Hazael
2520 2326 2593 2385 in
2642 2344 2974 2385 occursum
3020 2324 3181 2401 ejus,
3224 2325 3459 2383 habens

1969 2446 2181 2485 secum
2213 2444 2510 2494 munera,
2529 2433 2589 2483 et
2620 2424 2841 2483 omnia
2873 2424 3050 2491 bona,
3076 2421 3139 2482 id
3170 2428 3267 2483 est
3294 2439 3461 2502 quae-

1971 2523 2116 2584 dam
2164 2522 2243 2583 de
2292 2519 2590 2584 omnibus
2636 2520 2843 2597 boniS,
2887 2520 3215 2588 Damasci,
3262 2538 3457 2579 onera

1971 2622 2415 2701 quadrayiuta
2443 2624 2853 2681 camelorum.
2880 2618 3115 2699 Estque
3146 2615 3458 2699 hyperbo-

1971 2719 2051 2796 le,
2089 2719 2623 2800 quemadmodum
2656 2718 2892 2780 Pharao
2935 2715 3126 2796 jussit
3166 2714 3456 2777 mandari

1967 3705 2243 3767 naberis.
2265 3701 2528 3764 Videtur
2572 3700 2885 3782 Propheta
2921 3699 2987 3760 in
3033 3699 3154 3762 hoc
3194 3699 3456 3762 commi-

1965 3802 2128 3869 sisse
2158 3799 2427 3877 Hazaeli‚
2456 3808 2523 3861 ut
2554 3798 2933 3861 mentiretur
2961 3798 3117 3877 regi,
3146 3804 3209 3859 ct
3242 3796 3453 3878 ipsum

1966 3900 2337 3981 deciperet:
2388 3897 2539 3980 quia
2588 3895 3019 3978 subjungitur,
3055 3898 3289 3965 Perre,
3337 3912 3453 3975 pro

445 4008 792 4083 Quumque
836 4003 950 4061 itte
997 4010 1303 4062 narraret
1348 4002 1509 4075 regi,
1547 4002 1856 4081 quomodo
1969 3999 2110 4075 Sed,
2144 3998 2419 4059 ostendit
2469 3997 2635 4065 milti
2670 3995 3012 4063 Dominus,
3056 3993 3211 4072 quia
3255 4002 3455 4053 morte

355 4115 692 4165 mortuum
719 4104 1097 4171 suscitasset,
1133 4100 1446 4179 apparuit
1479 4100 1732 4166 mulier,
1754 4119 1859 4157 cu·
1971 4099 2301 4159 morietur.
2338 4094 2507 4156 Istud
2538 4098 2749 4155 autem
2798 4109 2923 4154 non
2974 4089 3273 4154 convenit
3313 4108 3455 4152 san-

335 4206 460 4281 jus
509 4203 967 4277 vivificaverat
1008 4201 1255 4277 filium,
1290 4201 1582 4259 clamans
1629 4199 1718 4257 ad
1764 4198 1936 4261 re-D
1969 4204 2071 4258 cto
2119 4194 2259 4259 viro
2308 4201 2369 4255 et
2418 4190 2547 4255 vati
2591 4190 2719 4253 Dei.
2756 4189 2849 4251 Ad
2880 4190 3001 4251 hoc
3030 4188 3457 4252 diversimode

342 4322 494 4381 qem
536 4320 662 4377 pro
702 4302 888 4359 domo
917 4318 1038 4358 sua
1083 4307 1142 4357 et
1165 4316 1288 4374 pro
1335 4298 1511 4373 ayris
1547 4298 1705 4362 suis,
1744 4296 1859 4357 Di·
1971 4292 2410 4375 respondetur.
2434 4289 2856 4370 Primo,quod
2876 4288 3123 4351 Eliseus
3143 4287 3304 4351 dixit
3322 4288 3455 4351 haec

349 4403 586 4481 uritque
613 4398 798 4459 Giezi
822 4398 1142 4457 :Domine
1163 4397 1256 4455 mi
1289 4416 1427 4466 rem,
1451 4397 1585 4457 hoec
1601 4404 1690 4454 est
1723 4414 1860 4453 mu·
1968 4392 2165 4455 verba
2204 4409 2316 4471 per
2358 4390 2615 4452 modum
2659 4386 3041 4469 propheticae
3075 4385 3459 4449 denuntiati-

354 4500 507 4568 lier,
539 4506 601 4558 et
631 4498 739 4556 lzz‘c
767 4504 857 4569 est
885 4496 1069 4571 filius
1100 4494 1261 4571 ejus,
1295 4514 1484 4573 quem
1524 4494 1860 4553 suscitavit
1969 4490 2133 4566 oniS,
2181 4497 2249 4550 ut
2291 4488 2374 4549 sit
2415 4506 2639 4550 sensus
2676 4503 2690 4547 :
2733 4484 2844 4548 Dic
2884 4482 2965 4563 ei,
3004 4486 3065 4547 id
3108 4494 3203 4548 est
3241 4484 3454 4561 dices;

355 4598 642 4661 Eliseus.
691 4594 779 4667 Et
839 4594 1266 4669 interroyavit
1324 4612 1440 4651 rem
1499 4592 1855 4651 mulierem.
1972 4590 2126 4671 quia
2182 4586 2443 4667 agnovit
2500 4586 2674 4667 quod
2720 4583 2939 4647 Hazael
2991 4584 3277 4647 dicturus
3325 4593 3461 4647 erat

357 4700 516 4765 Quoe
547 4693 857 4755 narravit
886 4692 950 4750 ei
970 4711 1124 4751 vera
1153 4711 1298 4752 esse.
1337 4691 1652 4769 Deditque
1681 4690 1767 4759 ei,
1797 4688 1859 4750 id
1971 4688 2105 4769 regi
2129 4686 2299 4768 quod
2322 4693 2487 4748 esset
2508 4684 2847 4747 curandus.
2874 4682 2997 4746 Alii
3019 4684 3262 4761 dicunt,
3286 4684 3460 4765 quod

353 4804 452 4857 est
493 4787 872 4871 assignavit,
918 4810 1036 4849 rex
1073 4791 1447 4850 eunuchum
1487 4809 1723 4859 unum,
1762 4790 1862 4847 di·
1975 4787 2216 4850 ironice
2248 4784 2399 4848 fecit
2428 4783 2486 4846 ei
2519 4783 2640 4845 hoc
2681 4782 2806 4844 dici
2840 4790 3140 4863 tanquam
3177 4782 3305 4862 regi
3340 4781 3460 4844 ido-

354 4914 504 4953 cens
526 4912 550 4951 :
571 4892 866 4953 Restitue
895 4889 958 4947 ei
988 4889 1214 4949 omnia
1257 4908 1398 4967 quoe
1439 4908 1559 4947 sua
1597 4896 1776 4956 sunt,
1805 4896 1865 4946 et
1976 4883 2219 4948 lolatrae
2242 4881 2504 4961 indigno
2529 4880 2747 4943 divina
2771 4878 3202 4960 responsione,
3224 4898 3298 4941 ex
3327 4878 3462 4941 zelo

357 4993 703 5052 universos
735 4988 983 5048 reditus
1015 5006 1323 5064 agrorum
1354 5007 1396 5045 a
1423 4988 1531 5046 die
1560 5006 1691 5065 qua
1719 4986 1870 5044 reli·
1977 4982 2261 5065 justitiae.
2306 4981 2465 5063 Lyra
2513 4998 2663 5043 vero
2703 4977 2906 5057 tangit
2948 4978 3286 5058 quemdam
3330 4994 3464 5039 mo-

365 5092 516 5169 quit
549 5098 789 5148 terram
826 5106 1026 5166 usque
1055 5087 1144 5145 ad
1165 5104 1468 5162 praesens,
1499 5083 1564 5145 id
1594 5090 1705 5159 est,
1738 5101 1870 5145 om·
1980 5083 2157 5157 dum,
2189 5080 2371 5161 juxta
2400 5098 2589 5160 quem
2621 5076 2724 5139 hic
2756 5083 2922 5147 esset
2952 5074 3179 5138 litterae
3206 5093 3461 5137 sensus:

367 5188 480 5250 nia
509 5204 658 5267 quae
689 5185 750 5247 ei
782 5183 1095 5247 debentur
1125 5183 1204 5246 de
1233 5182 1396 5264 jure,
1419 5181 1572 5263 jube
1604 5182 1660 5243 ei
1694 5180 1874 5243 resti·
1982 5180 2092 5244 Dic
2125 5179 2207 5255 ei,
2242 5179 2376 5242 Non
2411 5176 2759 5240 sanaberis.
2796 5174 2916 5237 Sed
2952 5175 3074 5237 hoc
3111 5194 3238 5237 non
3280 5193 3471 5256 appa-

369 5286 463 5350 tui
499 5282 885 5349 auctoritate
915 5282 1066 5353 mei.
1100 5282 1229 5344 Hoc
1272 5280 1423 5347 fecit
1468 5300 1575 5351 rex
1618 5288 1877 5369 propter
1985 5287 2102 5356 ret,
2138 5278 2290 5359 quia
2332 5276 2681 5339 secundum
2727 5273 2848 5336 hoc
2893 5272 3086 5336 verba
3132 5270 3473 5359 subjuncta
