<?xml version="1.0" encoding="UTF-8"?>
<!DOCTYPE html PUBLIC "-//W3C//DTD XHTML 1.0 Transitional//EN"
    "http://www.w3.org/TR/xhtml1/DTD/xhtml1-transitional.dtd">
<html xmlns="http://www.w3.org/1999/xhtml" xml:lang="en" lang="en">
 <head>
  <title>
</title>
<meta http-equiv="Content-Type" content="text/html;charset=utf-8" />
  <meta name='ocr-system' content='tesseract 3.04.00' />
  <meta name='ocr-capabilities' content='ocr_page ocr_carea ocr_par ocr_line ocrx_word'/>
</head>
<body>
  <div class='ocr_page' id='page_1' title='image "./doctorisecstati06unkngoog_0664.png"; bbox 0 0 4309 6259; ppageno 0'>
   <div class='ocr_carea' id='block_1_1' title="bbox 548 1104 812 1153">
    <p class='ocr_par' dir='ltr' id='par_1_1' title="bbox 548 1104 812 1153">
     <span class='ocr_line' id='line_1_1' title="bbox 548 1104 812 1153; baseline 0.004 -7"><span class='ocrx_word' id='word_1_1' title='bbox 548 1104 685 1147; x_wconf 77' lang='lat' dir='ltr'><strong>Mich.</strong></span> <span class='ocrx_word' id='word_1_2' title='bbox 698 1108 812 1153; x_wconf 74' lang='lat' dir='ltr'><strong>vu.8.</strong></span> 
     </span>
    </p>
   </div>
   <div class='ocr_carea' id='block_1_2' title="bbox 551 1293 813 1341">
    <p class='ocr_par' dir='ltr' id='par_1_2' title="bbox 551 1293 813 1341">
     <span class='ocr_line' id='line_1_2' title="bbox 551 1293 813 1341; baseline 0 -8"><span class='ocrx_word' id='word_1_3' title='bbox 551 1293 627 1335; x_wconf 70' lang='lat' dir='ltr'><strong>Pa.</strong></span> <span class='ocrx_word' id='word_1_4' title='bbox 647 1306 758 1341; x_wconf 71' lang='lat' dir='ltr'><strong>xxvi.</strong></span> <span class='ocrx_word' id='word_1_5' title='bbox 776 1296 789 1333; x_wconf 79' lang='lat'><strong>1</strong></span> <span class='ocrx_word' id='word_1_6' title='bbox 804 1324 813 1334; x_wconf 90' lang='lat'><strong>.</strong></span> 
     </span>
    </p>
   </div>
   <div class='ocr_carea' id='block_1_3' title="bbox 570 2184 811 2233">
    <p class='ocr_par' dir='ltr' id='par_1_3' title="bbox 570 2184 811 2233">
     <span class='ocr_line' id='line_1_3' title="bbox 570 2184 811 2233; baseline 0.008 -8"><span class='ocrx_word' id='word_1_7' title='bbox 570 2184 704 2226; x_wconf 72' lang='lat' dir='ltr'><strong>Pron.</strong></span> <span class='ocrx_word' id='word_1_8' title='bbox 724 2198 751 2233; x_wconf 81' lang='grc' dir='ltr'><strong>ι,</strong></span> <span class='ocrx_word' id='word_1_9' title='bbox 770 2186 811 2227; x_wconf 72' lang='grc'><strong>4.</strong></span> 
     </span>
    </p>
   </div>
   <div class='ocr_carea' id='block_1_4' title="bbox 562 2970 807 3021">
    <p class='ocr_par' dir='ltr' id='par_1_4' title="bbox 562 2970 807 3021">
     <span class='ocr_line' id='line_1_4' title="bbox 562 2970 807 3021; baseline 0.008 -8"><span class='ocrx_word' id='word_1_10' title='bbox 562 2970 663 3013; x_wconf 75' lang='lat' dir='ltr'><strong>Aee.</strong></span> <span class='ocrx_word' id='word_1_11' title='bbox 682 2983 722 3021; x_wconf 82' lang='lat' dir='ltr'><strong>x,</strong></span> <span class='ocrx_word' id='word_1_12' title='bbox 742 2974 807 3015; x_wconf 79' lang='lat'><strong>30.</strong></span> 
     </span>
    </p>
   </div>
   <div class='ocr_carea' id='block_1_5' title="bbox 574 3354 787 3406">
    <p class='ocr_par' dir='ltr' id='par_1_5' title="bbox 574 3354 787 3406">
     <span class='ocr_line' id='line_1_5' title="bbox 574 3354 787 3406; baseline 0 -7"><span class='ocrx_word' id='word_1_13' title='bbox 574 3354 787 3406; x_wconf 75' lang='lat' dir='ltr'><strong>Job1.¹o.</strong></span> 
     </span>
    </p>
   </div>
   <div class='ocr_carea' id='block_1_6' title="bbox 841 502 960 565">
    <p class='ocr_par' dir='ltr' id='par_1_6' title="bbox 841 502 960 565">
     <span class='ocr_line' id='line_1_6' title="bbox 841 502 960 565; baseline 0.017 -2"><span class='ocrx_word' id='word_1_14' title='bbox 841 502 960 565; x_wconf 80' lang='lat'><strong>630</strong></span> 
     </span>
    </p>
   </div>
   <div class='ocr_carea' id='block_1_7' title="bbox 1668 516 3111 565">
    <p class='ocr_par' dir='ltr' id='par_1_7' title="bbox 1668 516 3111 565">
     <span class='ocr_line' id='line_1_7' title="bbox 1668 516 3111 565; baseline -0.002 -2"><span class='ocrx_word' id='word_1_15' title='bbox 1668 518 2013 565; x_wconf 71' lang='lat' dir='ltr'><strong>ENARRATIO</strong></span> <span class='ocrx_word' id='word_1_16' title='bbox 2057 519 2117 562; x_wconf 82' lang='grc' dir='ltr'><strong>ΙΝ</strong></span> <span class='ocrx_word' id='word_1_17' title='bbox 2162 518 2296 563; x_wconf 77' lang='lat' dir='ltr'><strong>CAP.</strong></span> <span class='ocrx_word' id='word_1_18' title='bbox 2347 516 2496 562; x_wconf 80' lang='lat' dir='ltr'><strong>xxlx</strong></span> <span class='ocrx_word' id='word_1_19' title='bbox 2536 517 2662 563; x_wconf 78' lang='lat'><strong>1013.</strong></span> <span class='ocrx_word' id='word_1_20' title='bbox 2705 536 2787 545; x_wconf 90' lang='lat'><strong>—</strong></span> <span class='ocrx_word' id='word_1_21' title='bbox 2826 517 2970 561; x_wconf 73' lang='grc' dir='ltr'><strong>ΛΒΤ.</strong></span> <span class='ocrx_word' id='word_1_22' title='bbox 3017 516 3111 561; x_wconf 83' lang='lat' dir='ltr'><strong>LVI</strong></span> 
     </span>
    </p>
   </div>
   <div class='ocr_carea' id='block_1_8' title="bbox 842 682 3927 771">
    <p class='ocr_par' dir='ltr' id='par_1_8' title="bbox 842 682 3927 771">
     <span class='ocr_line' id='line_1_8' title="bbox 842 682 3927 771; baseline -0.003 -20"><span class='ocrx_word' id='word_1_23' title='bbox 842 691 1191 751; x_wconf 88' lang='lat' dir='ltr'><strong>secundum</strong></span> <span class='ocrx_word' id='word_1_24' title='bbox 1242 690 1727 752; x_wconf 89' lang='lat' dir='ltr'><strong>instructionem</strong></span> <span class='ocrx_word' id='word_1_25' title='bbox 1782 690 2326 771; x_wconf 87' lang='lat' dir='ltr'><strong>directionemque</strong></span> <span class='ocrx_word' id='word_1_26' title='bbox 2358 688 2403 747; x_wconf 84' lang='lat' dir='ltr'>A</span> <span class='ocrx_word' id='word_1_27' title='bbox 2439 686 2735 749; x_wconf 81' lang='lat' dir='ltr'>concavis</span> <span class='ocrx_word' id='word_1_28' title='bbox 2779 694 2973 768; x_wconf 61' lang='lat' dir='ltr'><strong>petrae</strong></span> <span class='ocrx_word' id='word_1_29' title='bbox 3016 684 3412 766; x_wconf 82' lang='lat' dir='ltr'><strong>exprimitur.</strong></span> <span class='ocrx_word' id='word_1_30' title='bbox 3459 682 3690 764; x_wconf 89' lang='lat' dir='ltr'><strong>Sicque</strong></span> <span class='ocrx_word' id='word_1_31' title='bbox 3732 683 3927 764; x_wconf 89' lang='lat' dir='ltr'><strong>depu-</strong></span> 
     </span>
    </p>
   </div>
   <div class='ocr_carea' id='block_1_9' title="bbox 840 788 2331 1853">
    <p class='ocr_par' dir='ltr' id='par_1_9' title="bbox 840 788 2331 1853">
     <span class='ocr_line' id='line_1_9' title="bbox 840 788 2326 868; baseline -0.001 -19"><span class='ocrx_word' id='word_1_32' title='bbox 840 788 1132 868; x_wconf 81' lang='lat' dir='ltr'><strong>gratiosae</strong></span> <span class='ocrx_word' id='word_1_33' title='bbox 1175 788 1619 850; x_wconf 76' lang='lat' dir='ltr'><strong>illustrationis</strong></span> <span class='ocrx_word' id='word_1_34' title='bbox 1649 788 1781 865; x_wconf 89' lang='lat' dir='ltr'><strong>Dei,</strong></span> <span class='ocrx_word' id='word_1_35' title='bbox 1812 791 2224 848; x_wconf 80' lang='lat' dir='ltr'><strong>ambulabam</strong></span> <span class='ocrx_word' id='word_1_36' title='bbox 2255 791 2326 847; x_wconf 85' lang='lat' dir='ltr'><strong>in</strong></span> 
     </span>
     <span class='ocr_line' id='line_1_10' title="bbox 844 887 2326 962; baseline -0.002 -13"><span class='ocrx_word' id='word_1_37' title='bbox 844 892 1141 959; x_wconf 75' lang='lat' dir='ltr'><strong>tenebris,</strong></span> <span class='ocrx_word' id='word_1_38' title='bbox 1183 890 1247 950; x_wconf 88' lang='lat' dir='ltr'><strong>id</strong></span> <span class='ocrx_word' id='word_1_39' title='bbox 1287 897 1403 962; x_wconf 85' lang='lat' dir='ltr'><strong>est,</strong></span> <span class='ocrx_word' id='word_1_40' title='bbox 1441 888 1504 949; x_wconf 90' lang='lat' dir='ltr'><strong>in</strong></span> <span class='ocrx_word' id='word_1_41' title='bbox 1551 887 1808 950; x_wconf 87' lang='lat' dir='ltr'><strong>incertis</strong></span> <span class='ocrx_word' id='word_1_42' title='bbox 1852 907 1923 949; x_wconf 91' lang='lat' dir='ltr'><strong>ac</strong></span> <span class='ocrx_word' id='word_1_43' title='bbox 1968 887 2184 948; x_wconf 92' lang='lat' dir='ltr'><strong>dubiis</strong></span> <span class='ocrx_word' id='word_1_44' title='bbox 2227 906 2326 947; x_wconf 90' lang='lat' dir='ltr'><strong>me</strong></span> 
     </span>
     <span class='ocr_line' id='line_1_11' title="bbox 843 984 2328 1068; baseline -0.002 -20"><span class='ocrx_word' id='word_1_45' title='bbox 843 987 1036 1049; x_wconf 89' lang='lat' dir='ltr'><strong>habui</strong></span> <span class='ocrx_word' id='word_1_46' title='bbox 1069 1007 1140 1049; x_wconf 93' lang='lat' dir='ltr'><strong>ac</strong></span> <span class='ocrx_word' id='word_1_47' title='bbox 1172 986 1475 1068; x_wconf 73' lang='lat' dir='ltr'><strong>processi,</strong></span> <span class='ocrx_word' id='word_1_48' title='bbox 1512 1005 1637 1048; x_wconf 91' lang='lat' dir='ltr'><strong>non</strong></span> <span class='ocrx_word' id='word_1_49' title='bbox 1670 984 1943 1067; x_wconf 84' lang='lat' dir='ltr'><strong>propriae</strong></span> <span class='ocrx_word' id='word_1_50' title='bbox 1975 985 2328 1066; x_wconf 81' lang='lat' dir='ltr'><strong>prudentiae</strong></span> 
     </span>
     <span class='ocr_line' id='line_1_12' title="bbox 846 1082 2325 1165; baseline -0.001 -19"><span class='ocrx_word' id='word_1_51' title='bbox 846 1086 1201 1147; x_wconf 79' lang='lat' dir='ltr'><strong>innitendo,</strong></span> <span class='ocrx_word' id='word_1_52' title='bbox 1228 1085 1330 1147; x_wconf 86' lang='lat' dir='ltr'><strong>Sic</strong></span> <span class='ocrx_word' id='word_1_53' title='bbox 1355 1094 1416 1146; x_wconf 91' lang='lat' dir='ltr'><strong>et</strong></span> <span class='ocrx_word' id='word_1_54' title='bbox 1436 1084 1721 1147; x_wconf 82' lang='lat' dir='ltr'><strong>Michaeas</strong></span> <span class='ocrx_word' id='word_1_55' title='bbox 1751 1083 2060 1165; x_wconf 88' lang='lat' dir='ltr'><strong>propheta</strong></span> <span class='ocrx_word' id='word_1_56' title='bbox 2086 1102 2098 1145; x_wconf 91' lang='lat'><strong>:</strong></span> <span class='ocrx_word' id='word_1_57' title='bbox 2123 1082 2325 1157; x_wconf 86' lang='lat' dir='ltr'><strong>Quum</strong></span> 
     </span>
     <span class='ocr_line' id='line_1_13' title="bbox 844 1181 2326 1265; baseline -0.001 -20"><span class='ocrx_word' id='word_1_58' title='bbox 844 1185 1065 1246; x_wconf 90' lang='lat' dir='ltr'><strong>sedero</strong></span> <span class='ocrx_word' id='word_1_59' title='bbox 1106 1184 1375 1265; x_wconf 88' lang='lat' dir='ltr'><strong>(inquit)</strong></span> <span class='ocrx_word' id='word_1_60' title='bbox 1418 1183 1482 1243; x_wconf 88' lang='lat' dir='ltr'><strong>in</strong></span> <span class='ocrx_word' id='word_1_61' title='bbox 1529 1182 1829 1257; x_wconf 77' lang='lat' dir='ltr'><strong>tenebriS,</strong></span> <span class='ocrx_word' id='word_1_62' title='bbox 1872 1181 2178 1244; x_wconf 89' lang='lat' dir='ltr'><strong>Dominus</strong></span> <span class='ocrx_word' id='word_1_63' title='bbox 2220 1181 2326 1243; x_wconf 84' lang='lat' dir='ltr'><strong>lux</strong></span> 
     </span>
     <span class='ocr_line' id='line_1_14' title="bbox 845 1280 2330 1344; baseline -0.001 -1"><span class='ocrx_word' id='word_1_64' title='bbox 845 1302 986 1344; x_wconf 89' lang='lat' dir='ltr'><strong>mea</strong></span> <span class='ocrx_word' id='word_1_65' title='bbox 1033 1291 1147 1344; x_wconf 91' lang='lat' dir='ltr'><strong>est.</strong></span> <span class='ocrx_word' id='word_1_66' title='bbox 1196 1284 1272 1342; x_wconf 83' lang='lat' dir='ltr'><strong>Et</strong></span> <span class='ocrx_word' id='word_1_67' title='bbox 1310 1281 1638 1343; x_wconf 87' lang='lat' dir='ltr'><strong>Psalmista</strong></span> <span class='ocrx_word' id='word_1_68' title='bbox 1684 1299 1696 1342; x_wconf 91' lang='lat'>:</span> <span class='ocrx_word' id='word_1_69' title='bbox 1745 1280 2045 1342; x_wconf 90' lang='lat' dir='ltr'><strong>Dominus</strong></span> <span class='ocrx_word' id='word_1_70' title='bbox 2097 1280 2330 1341; x_wconf 89' lang='lat' dir='ltr'><strong>illumi-</strong></span> 
     </span>
     <span class='ocr_line' id='line_1_15' title="bbox 845 1377 2328 1457; baseline 0 -18"><span class='ocrx_word' id='word_1_71' title='bbox 845 1379 1019 1441; x_wconf 90' lang='lat' dir='ltr'><strong>natio</strong></span> <span class='ocrx_word' id='word_1_72' title='bbox 1064 1398 1203 1441; x_wconf 83' lang='lat' dir='ltr'><strong>mea</strong></span> <span class='ocrx_word' id='word_1_73' title='bbox 1247 1388 1309 1440; x_wconf 89' lang='lat' dir='ltr'><strong>et</strong></span> <span class='ocrx_word' id='word_1_74' title='bbox 1353 1379 1523 1439; x_wconf 90' lang='lat' dir='ltr'><strong>salus</strong></span> <span class='ocrx_word' id='word_1_75' title='bbox 1568 1398 1708 1439; x_wconf 88' lang='lat' dir='ltr'><strong>mea</strong></span> <span class='ocrx_word' id='word_1_76' title='bbox 1745 1396 1757 1437; x_wconf 94' lang='lat'>:</span> <span class='ocrx_word' id='word_1_77' title='bbox 1800 1396 1989 1457; x_wconf 89' lang='lat' dir='ltr'><strong>quem</strong></span> <span class='ocrx_word' id='word_1_78' title='bbox 2044 1377 2328 1441; x_wconf 64' lang='lat' dir='ltr'><strong>timebo?</strong></span> 
     </span>
     <span class='ocr_line' id='line_1_16' title="bbox 842 1477 2330 1560; baseline 0 -21"><span class='ocrx_word' id='word_1_79' title='bbox 842 1478 1148 1541; x_wconf 89' lang='lat' dir='ltr'><strong>Dominus</strong></span> <span class='ocrx_word' id='word_1_80' title='bbox 1189 1486 1505 1560; x_wconf 88' lang='lat' dir='ltr'><strong>protector</strong></span> <span class='ocrx_word' id='word_1_81' title='bbox 1544 1477 1691 1538; x_wconf 85' lang='lat' dir='ltr'><strong>vitae</strong></span> <span class='ocrx_word' id='word_1_82' title='bbox 1730 1496 1883 1538; x_wconf 82' lang='lat' dir='ltr'><strong>meae</strong></span> <span class='ocrx_word' id='word_1_83' title='bbox 1922 1494 1933 1536; x_wconf 92' lang='lat'><strong>:</strong></span> <span class='ocrx_word' id='word_1_84' title='bbox 1969 1496 2005 1537; x_wconf 92' lang='lat' dir='ltr'><strong>a</strong></span> <span class='ocrx_word' id='word_1_85' title='bbox 2043 1495 2170 1556; x_wconf 92' lang='lat' dir='ltr'><strong>quo</strong></span> <span class='ocrx_word' id='word_1_86' title='bbox 2210 1485 2330 1539; x_wconf 89' lang='lat' dir='ltr'><strong>tre-</strong></span> 
     </span>
     <span class='ocr_line' id='line_1_17' title="bbox 845 1575 2330 1658; baseline -0.002 -22"><span class='ocrx_word' id='word_1_87' title='bbox 845 1575 1122 1658; x_wconf 66' lang='lat' dir='ltr'><strong>pidabo?</strong></span> <span class='ocrx_word' id='word_1_88' title='bbox 1162 1578 1349 1636; x_wconf 73' lang='lat' dir='ltr'><strong>Sicut</strong></span> <span class='ocrx_word' id='word_1_89' title='bbox 1388 1577 1498 1653; x_wconf 72' lang='lat' dir='ltr'><strong>ful</strong></span> <span class='ocrx_word' id='word_1_90' title='bbox 1539 1576 1609 1633; x_wconf 78' lang='lat' dir='ltr'><strong>in</strong></span> <span class='ocrx_word' id='word_1_91' title='bbox 1641 1577 1862 1633; x_wconf 74' lang='lat' dir='ltr'><strong>diebus</strong></span> <span class='ocrx_word' id='word_1_92' title='bbox 1891 1577 2330 1635; x_wconf 64' lang='lat' dir='ltr'><strong>adole-scentia?</strong></span> 
     </span>
     <span class='ocr_line' id='line_1_18' title="bbox 844 1673 2324 1753; baseline 0.001 -20"><span class='ocrx_word' id='word_1_93' title='bbox 844 1696 1021 1742; x_wconf 69' lang='lat' dir='ltr'><strong>mese,</strong></span> <span class='ocrx_word' id='word_1_94' title='bbox 1048 1674 1136 1736; x_wconf 89' lang='lat' dir='ltr'><strong>ita</strong></span> <span class='ocrx_word' id='word_1_95' title='bbox 1178 1674 1349 1753; x_wconf 86' lang='lat' dir='ltr'><strong>quod</strong></span> <span class='ocrx_word' id='word_1_96' title='bbox 1388 1673 1589 1751; x_wconf 82' lang='lat' dir='ltr'><strong>gratia</strong></span> <span class='ocrx_word' id='word_1_97' title='bbox 1629 1692 1812 1734; x_wconf 88' lang='lat' dir='ltr'><strong>mane</strong></span> <span class='ocrx_word' id='word_1_98' title='bbox 1855 1674 2162 1753; x_wconf 79' lang='lat' dir='ltr'><strong>praevenit</strong></span> <span class='ocrx_word' id='word_1_99' title='bbox 2203 1692 2324 1735; x_wconf 91' lang='lat' dir='ltr'><strong>me.</strong></span> 
     </span>
     <span class='ocr_line' id='line_1_19' title="bbox 842 1770 2331 1853; baseline 0 -20"><span class='ocrx_word' id='word_1_100' title='bbox 842 1772 1019 1833; x_wconf 91' lang='lat' dir='ltr'><strong>Unde</strong></span> <span class='ocrx_word' id='word_1_101' title='bbox 1052 1790 1177 1833; x_wconf 92' lang='lat' dir='ltr'><strong>non</strong></span> <span class='ocrx_word' id='word_1_102' title='bbox 1210 1772 1319 1847; x_wconf 93' lang='lat' dir='ltr'><strong>ait,</strong></span> <span class='ocrx_word' id='word_1_103' title='bbox 1344 1770 1652 1846; x_wconf 82' lang='lat' dir='ltr'><strong>Infantiae‚</strong></span> <span class='ocrx_word' id='word_1_104' title='bbox 1679 1779 1807 1844; x_wconf 91' lang='lat' dir='ltr'><strong>aut,</strong></span> <span class='ocrx_word' id='word_1_105' title='bbox 1833 1770 2158 1833; x_wconf 83' lang='lat' dir='ltr'><strong>Pueritiae:</strong></span> <span class='ocrx_word' id='word_1_106' title='bbox 2185 1791 2331 1853; x_wconf 91' lang='lat' dir='ltr'><strong>quo-</strong></span> 
     </span>
    </p>
   </div>
   <div class='ocr_carea' id='block_1_10' title="bbox 2437 781 3926 1848">
    <p class='ocr_par' dir='ltr' id='par_1_10' title="bbox 2437 781 3926 1553">
     <span class='ocr_line' id='line_1_20' title="bbox 2442 781 3926 865; baseline -0.002 -21"><span class='ocrx_word' id='word_1_107' title='bbox 2442 793 2669 861; x_wconf 86' lang='lat' dir='ltr'><strong>ratum,</strong></span> <span class='ocrx_word' id='word_1_108' title='bbox 2703 804 2739 847; x_wconf 89' lang='lat' dir='ltr'><strong>a</strong></span> <span class='ocrx_word' id='word_1_109' title='bbox 2779 793 2956 865; x_wconf 90' lang='lat' dir='ltr'><strong>petra</strong></span> <span class='ocrx_word' id='word_1_110' title='bbox 3002 781 3310 845; x_wconf 91' lang='lat' dir='ltr'><strong>funditur.</strong></span> <span class='ocrx_word' id='word_1_111' title='bbox 3345 782 3459 844; x_wconf 91' lang='lat' dir='ltr'><strong>Per</strong></span> <span class='ocrx_word' id='word_1_112' title='bbox 3503 781 3671 861; x_wconf 92' lang='lat' dir='ltr'><strong>quod</strong></span> <span class='ocrx_word' id='word_1_113' title='bbox 3716 781 3926 843; x_wconf 88' lang='lat' dir='ltr'><strong>omnis</strong></span> 
     </span>
     <span class='ocr_line' id='line_1_21' title="bbox 2437 880 3921 959; baseline -0.003 -15"><span class='ocrx_word' id='word_1_114' title='bbox 2437 882 2828 944; x_wconf 89' lang='lat' dir='ltr'><strong>abundantia</strong></span> <span class='ocrx_word' id='word_1_115' title='bbox 2871 892 3051 945; x_wconf 81' lang='lat' dir='ltr'><strong>terrae</strong></span> <span class='ocrx_word' id='word_1_116' title='bbox 3095 882 3491 943; x_wconf 90' lang='lat' dir='ltr'><strong>nascentium</strong></span> <span class='ocrx_word' id='word_1_117' title='bbox 3531 880 3921 959; x_wconf 86' lang='lat' dir='ltr'><strong>designatur.</strong></span> 
     </span>
     <span class='ocr_line' id='line_1_22' title="bbox 2439 979 3926 1062; baseline -0.001 -21"><span class='ocrx_word' id='word_1_118' title='bbox 2439 981 2733 1057; x_wconf 80' lang='lat' dir='ltr'><strong>ThomaS,</strong></span> <span class='ocrx_word' id='word_1_119' title='bbox 2768 1000 2880 1062; x_wconf 91' lang='lat' dir='ltr'><strong>per</strong></span> <span class='ocrx_word' id='word_1_120' title='bbox 2923 989 3164 1062; x_wconf 87' lang='lat' dir='ltr'><strong>petram</strong></span> <span class='ocrx_word' id='word_1_121' title='bbox 3215 979 3518 1059; x_wconf 87' lang='lat' dir='ltr'><strong>intelligit</strong></span> <span class='ocrx_word' id='word_1_122' title='bbox 3562 986 3792 1041; x_wconf 87' lang='lat' dir='ltr'><strong>terram</strong></span> <span class='ocrx_word' id='word_1_123' title='bbox 3835 997 3926 1039; x_wconf 88' lang='lat' dir='ltr'><strong>sa-</strong></span> 
     </span>
     <span class='ocr_line' id='line_1_23' title="bbox 2439 1076 3922 1159; baseline -0.002 -19"><span class='ocrx_word' id='word_1_124' title='bbox 2439 1098 2653 1141; x_wconf 89' lang='lat' dir='ltr'><strong>xosam</strong></span> <span class='ocrx_word' id='word_1_125' title='bbox 2698 1099 2710 1141; x_wconf 92' lang='lat'>:</span> <span class='ocrx_word' id='word_1_126' title='bbox 2755 1079 2907 1159; x_wconf 89' lang='lat' dir='ltr'><strong>quia</strong></span> <span class='ocrx_word' id='word_1_127' title='bbox 2949 1080 3048 1157; x_wconf 88' lang='lat' dir='ltr'><strong>(ut</strong></span> <span class='ocrx_word' id='word_1_128' title='bbox 3086 1078 3339 1157; x_wconf 90' lang='lat' dir='ltr'><strong>asserit)</strong></span> <span class='ocrx_word' id='word_1_129' title='bbox 3387 1077 3571 1139; x_wconf 87' lang='lat' dir='ltr'><strong>olivae</strong></span> <span class='ocrx_word' id='word_1_130' title='bbox 3613 1076 3922 1157; x_wconf 85' lang='lat' dir='ltr'><strong>optimum</strong></span> 
     </span>
     <span class='ocr_line' id='line_1_24' title="bbox 2439 1174 3922 1259; baseline -0.001 -20"><span class='ocrx_word' id='word_1_131' title='bbox 2439 1177 2649 1239; x_wconf 87' lang='lat' dir='ltr'><strong>oleum</strong></span> <span class='ocrx_word' id='word_1_132' title='bbox 2699 1178 3139 1259; x_wconf 82' lang='lat' dir='ltr'><strong>producenteS,</strong></span> <span class='ocrx_word' id='word_1_133' title='bbox 3191 1176 3254 1238; x_wconf 90' lang='lat' dir='ltr'><strong>in</strong></span> <span class='ocrx_word' id='word_1_134' title='bbox 3305 1175 3462 1238; x_wconf 91' lang='lat' dir='ltr'><strong>locis</strong></span> <span class='ocrx_word' id='word_1_135' title='bbox 3493 1174 3813 1256; x_wconf 88' lang='lat' dir='ltr'><strong>lapidosis</strong></span> <span class='ocrx_word' id='word_1_136' title='bbox 3852 1194 3922 1237; x_wconf 87' lang='lat' dir='ltr'><strong>ac</strong></span> 
     </span>
     <span class='ocr_line' id='line_1_25' title="bbox 2438 1274 3922 1354; baseline -0.003 -17"><span class='ocrx_word' id='word_1_137' title='bbox 2438 1276 2722 1338; x_wconf 82' lang='lat' dir='ltr'><strong>arenosis</strong></span> <span class='ocrx_word' id='word_1_138' title='bbox 2769 1275 2976 1338; x_wconf 78' lang='lat' dir='ltr'><strong>solent</strong></span> <span class='ocrx_word' id='word_1_139' title='bbox 3025 1275 3391 1337; x_wconf 90' lang='lat' dir='ltr'><strong>consistere.</strong></span> <span class='ocrx_word' id='word_1_140' title='bbox 3435 1274 3650 1354; x_wconf 86' lang='lat' dir='ltr'><strong>Itaque</strong></span> <span class='ocrx_word' id='word_1_141' title='bbox 3699 1292 3922 1335; x_wconf 89' lang='lat' dir='ltr'><strong>sensus</strong></span> 
     </span>
     <span class='ocr_line' id='line_1_26' title="bbox 2438 1372 3925 1455; baseline -0.001 -21"><span class='ocrx_word' id='word_1_142' title='bbox 2438 1382 2554 1448; x_wconf 89' lang='lat' dir='ltr'><strong>est,</strong></span> <span class='ocrx_word' id='word_1_143' title='bbox 2589 1374 2758 1455; x_wconf 87' lang='lat' dir='ltr'><strong>quod</strong></span> <span class='ocrx_word' id='word_1_144' title='bbox 2791 1393 2865 1435; x_wconf 87' lang='lat' dir='ltr'><strong>ex</strong></span> <span class='ocrx_word' id='word_1_145' title='bbox 2895 1373 3129 1435; x_wconf 88' lang='lat' dir='ltr'><strong>talibus</strong></span> <span class='ocrx_word' id='word_1_146' title='bbox 3163 1373 3340 1447; x_wconf 84' lang='lat' dir='ltr'><strong>lociS‚</strong></span> <span class='ocrx_word' id='word_1_147' title='bbox 3376 1372 3566 1446; x_wconf 67' lang='grc' dir='ltr'>τίνος,</span> <span class='ocrx_word' id='word_1_148' title='bbox 3599 1372 3664 1433; x_wconf 91' lang='lat' dir='ltr'><strong>id</strong></span> <span class='ocrx_word' id='word_1_149' title='bbox 3695 1377 3793 1433; x_wconf 88' lang='lat' dir='ltr'><strong>est</strong></span> <span class='ocrx_word' id='word_1_150' title='bbox 3827 1389 3925 1433; x_wconf 89' lang='lat' dir='ltr'><strong>co·</strong></span> 
     </span>
     <span class='ocr_line' id='line_1_27' title="bbox 2441 1472 3115 1553; baseline -0.001 -20"><span class='ocrx_word' id='word_1_151' title='bbox 2441 1472 2633 1553; x_wconf 88' lang='lat' dir='ltr'><strong>piam,</strong></span> <span class='ocrx_word' id='word_1_152' title='bbox 2667 1472 2789 1533; x_wconf 90' lang='lat' dir='ltr'><strong>olei</strong></span> <span class='ocrx_word' id='word_1_153' title='bbox 2823 1472 3115 1553; x_wconf 79' lang='lat' dir='ltr'><strong>sumpsit.</strong></span> 
     </span>
    </p>

    <p class='ocr_par' dir='ltr' id='par_1_11' title="bbox 2439 1571 3926 1848">
     <span class='ocr_line' id='line_1_28' title="bbox 2522 1571 3926 1648; baseline -0.001 -19"><span class='ocrx_word' id='word_1_154' title='bbox 2522 1574 2790 1639; x_wconf 71' lang='lat' dir='ltr'><strong>Quando</strong></span> <span class='ocrx_word' id='word_1_155' title='bbox 2825 1573 3234 1648; x_wconf 77' lang='lat' dir='ltr'><strong>procedebam</strong></span> <span class='ocrx_word' id='word_1_156' title='bbox 3277 1574 3364 1629; x_wconf 83' lang='lat' dir='ltr'><strong>ad</strong></span> <span class='ocrx_word' id='word_1_157' title='bbox 3395 1580 3655 1647; x_wconf 73' lang='lat' dir='ltr'><strong>porcam</strong></span> <span class='ocrx_word' id='word_1_158' title='bbox 3695 1571 3926 1628; x_wconf 78' lang='lat' dir='ltr'><strong>civita-</strong></span> 
     </span>
     <span class='ocr_line' id='line_1_29' title="bbox 2442 1667 3926 1749; baseline 0.001 -22"><span class='ocrx_word' id='word_1_159' title='bbox 2442 1672 2535 1738; x_wconf 73' lang='lat' dir='ltr'><strong>tis,</strong></span> <span class='ocrx_word' id='word_1_160' title='bbox 2551 1669 2629 1730; x_wconf 90' lang='lat' dir='ltr'><strong>ad</strong></span> <span class='ocrx_word' id='word_1_161' title='bbox 2652 1670 3067 1748; x_wconf 86' lang='lat' dir='ltr'><strong>judicandum</strong></span> <span class='ocrx_word' id='word_1_162' title='bbox 3093 1668 3352 1731; x_wconf 81' lang='lat' dir='ltr'><strong>ibidem.</strong></span> <span class='ocrx_word' id='word_1_163' title='bbox 3369 1668 3735 1749; x_wconf 89' lang='lat' dir='ltr'><strong>Antiquitus</strong></span> <span class='ocrx_word' id='word_1_164' title='bbox 3757 1667 3926 1729; x_wconf 90' lang='lat' dir='ltr'><strong>enim</strong></span> 
     </span>
     <span class='ocr_line' id='line_1_30' title="bbox 2439 1765 3924 1848; baseline -0.001 -20"><span class='ocrx_word' id='word_1_165' title='bbox 2439 1768 2677 1847; x_wconf 88' lang='lat' dir='ltr'><strong>judicia</strong></span> <span class='ocrx_word' id='word_1_166' title='bbox 2700 1766 3186 1848; x_wconf 85' lang='lat' dir='ltr'><strong>proferebantur</strong></span> <span class='ocrx_word' id='word_1_167' title='bbox 3218 1767 3282 1828; x_wconf 90' lang='lat' dir='ltr'><strong>in</strong></span> <span class='ocrx_word' id='word_1_168' title='bbox 3316 1765 3569 1828; x_wconf 89' lang='lat' dir='ltr'><strong>urbium</strong></span> <span class='ocrx_word' id='word_1_169' title='bbox 3592 1766 3924 1847; x_wconf 75' lang='lat' dir='ltr'><strong>porti5‚ubi</strong></span> 
     </span>
    </p>
   </div>
   <div class='ocr_carea' id='block_1_11' title="bbox 844 1864 3928 1946">
    <p class='ocr_par' dir='ltr' id='par_1_12' title="bbox 844 1864 3928 1946">
     <span class='ocr_line' id='line_1_31' title="bbox 844 1864 3928 1946; baseline -0.002 -14"><span class='ocrx_word' id='word_1_170' title='bbox 844 1871 1013 1932; x_wconf 90' lang='lat' dir='ltr'><strong>niam</strong></span> <span class='ocrx_word' id='word_1_171' title='bbox 1049 1870 1160 1931; x_wconf 89' lang='lat' dir='ltr'><strong>illa</strong></span> <span class='ocrx_word' id='word_1_172' title='bbox 1190 1879 1339 1932; x_wconf 83' lang='lat' dir='ltr'><strong>aetas</strong></span> <span class='ocrx_word' id='word_1_173' title='bbox 1372 1870 1817 1931; x_wconf 70' lang='lat' dir='ltr'><strong>illustrationis</strong></span> <span class='ocrx_word' id='word_1_174' title='bbox 1849 1870 2082 1931; x_wconf 82' lang='lat' dir='ltr'><strong>diviuae</strong></span> <span class='ocrx_word' id='word_1_175' title='bbox 2122 1872 2198 1931; x_wconf 92' lang='lat' dir='ltr'><strong>ad</strong></span> <span class='ocrx_word' id='word_1_176' title='bbox 2242 1890 2330 1932; x_wconf 91' lang='lat' dir='ltr'><strong>re-</strong></span> <span class='ocrx_word' id='word_1_177' title='bbox 2368 1870 2413 1930; x_wconf 93' lang='lat' dir='ltr'>B</span> <span class='ocrx_word' id='word_1_178' title='bbox 2435 1866 2684 1946; x_wconf 84' lang='lat' dir='ltr'><strong>judiees</strong></span> <span class='ocrx_word' id='word_1_179' title='bbox 2727 1866 2806 1927; x_wconf 92' lang='lat' dir='ltr'><strong>ab</strong></span> <span class='ocrx_word' id='word_1_180' title='bbox 2853 1866 3326 1928; x_wconf 73' lang='lat' dir='ltr'><strong>introeuntibus</strong></span> <span class='ocrx_word' id='word_1_181' title='bbox 3375 1884 3485 1927; x_wconf 92' lang='lat' dir='ltr'><strong>seu</strong></span> <span class='ocrx_word' id='word_1_182' title='bbox 3531 1864 3675 1926; x_wconf 91' lang='lat' dir='ltr'><strong>aliis</strong></span> <span class='ocrx_word' id='word_1_183' title='bbox 3717 1883 3928 1946; x_wconf 91' lang='lat' dir='ltr'><strong>prom-</strong></span> 
     </span>
    </p>
   </div>
   <div class='ocr_carea' id='block_1_12' title="bbox 834 1967 2335 4211">
    <p class='ocr_par' dir='ltr' id='par_1_13' title="bbox 838 1967 2335 3111">
     <span class='ocr_line' id='line_1_32' title="bbox 840 1967 2331 2047; baseline 0.001 -18"><span class='ocrx_word' id='word_1_184' title='bbox 840 1968 1055 2047; x_wconf 85' lang='lat' dir='ltr'><strong>gimen</strong></span> <span class='ocrx_word' id='word_1_185' title='bbox 1088 1968 1235 2030; x_wconf 81' lang='lat' dir='ltr'><strong>vitae</strong></span> <span class='ocrx_word' id='word_1_186' title='bbox 1266 1968 1579 2042; x_wconf 72' lang='lat' dir='ltr'><strong>humanae,</strong></span> <span class='ocrx_word' id='word_1_187' title='bbox 1613 1967 2037 2029; x_wconf 85' lang='lat' dir='ltr'><strong>communiter</strong></span> <span class='ocrx_word' id='word_1_188' title='bbox 2069 1986 2196 2029; x_wconf 90' lang='lat' dir='ltr'><strong>non</strong></span> <span class='ocrx_word' id='word_1_189' title='bbox 2237 1978 2331 2030; x_wconf 89' lang='lat' dir='ltr'><strong>est</strong></span> 
     </span>
     <span class='ocr_line' id='line_1_33' title="bbox 842 2065 2335 2149; baseline -0.001 -20"><span class='ocrx_word' id='word_1_190' title='bbox 842 2087 1058 2149; x_wconf 87' lang='lat' dir='ltr'><strong>capax,</strong></span> <span class='ocrx_word' id='word_1_191' title='bbox 1080 2068 1189 2129; x_wconf 91' lang='lat' dir='ltr'><strong>sed</strong></span> <span class='ocrx_word' id='word_1_192' title='bbox 1220 2066 1668 2141; x_wconf 87' lang='lat' dir='ltr'><strong>adolescentia,</strong></span> <span class='ocrx_word' id='word_1_193' title='bbox 1688 2067 1867 2146; x_wconf 86' lang='lat' dir='ltr'><strong>juxta</strong></span> <span class='ocrx_word' id='word_1_194' title='bbox 1898 2065 2055 2127; x_wconf 90' lang='lat' dir='ltr'><strong>illud</strong></span> <span class='ocrx_word' id='word_1_195' title='bbox 2078 2066 2335 2129; x_wconf 84' lang='lat' dir='ltr'><strong>Prover-</strong></span> 
     </span>
     <span class='ocr_line' id='line_1_34' title="bbox 842 2164 2334 2227; baseline -0.001 0"><span class='ocrx_word' id='word_1_196' title='bbox 842 2165 1093 2227; x_wconf 89' lang='lat' dir='ltr'><strong>biorum</strong></span> <span class='ocrx_word' id='word_1_197' title='bbox 1116 2166 1331 2226; x_wconf 90' lang='lat' dir='ltr'><strong>:Detur</strong></span> <span class='ocrx_word' id='word_1_198' title='bbox 1351 2164 1735 2227; x_wconf 89' lang='lat' dir='ltr'><strong>adolescenti</strong></span> <span class='ocrx_word' id='word_1_199' title='bbox 1768 2164 2033 2225; x_wconf 90' lang='lat' dir='ltr'><strong>scicntia</strong></span> <span class='ocrx_word' id='word_1_200' title='bbox 2064 2174 2124 2226; x_wconf 87' lang='lat' dir='ltr'><strong>et</strong></span> <span class='ocrx_word' id='word_1_201' title='bbox 2158 2165 2334 2227; x_wconf 88' lang='lat' dir='ltr'><strong>intel-</strong></span> 
     </span>
     <span class='ocr_line' id='line_1_35' title="bbox 843 2264 2334 2331; baseline -0.002 -6"><span class='ocrx_word' id='word_1_202' title='bbox 843 2264 1063 2325; x_wconf 82' lang='lat' dir='ltr'><strong>lectuS.</strong></span> <span class='ocrx_word' id='word_1_203' title='bbox 1105 2266 1373 2331; x_wconf 81' lang='lat' dir='ltr'><strong>Quando</strong></span> <span class='ocrx_word' id='word_1_204' title='bbox 1404 2273 1631 2323; x_wconf 75' lang='lat' dir='ltr'><strong>secreto</strong></span> <span class='ocrx_word' id='word_1_205' title='bbox 1664 2266 1834 2323; x_wconf 76' lang='lat' dir='ltr'><strong>Deus</strong></span> <span class='ocrx_word' id='word_1_206' title='bbox 1863 2273 2001 2322; x_wconf 74' lang='lat' dir='ltr'><strong>erac</strong></span> <span class='ocrx_word' id='word_1_207' title='bbox 2037 2266 2105 2327; x_wconf 77' lang='lat' dir='ltr'><strong>e&#39;n</strong></span> <span class='ocrx_word' id='word_1_208' title='bbox 2140 2266 2334 2323; x_wconf 72' lang='lat' dir='ltr'><strong>tabet·-</strong></span> 
     </span>
     <span class='ocr_line' id='line_1_36' title="bbox 838 2360 2331 2435; baseline 0 -13"><span class='ocrx_word' id='word_1_209' title='bbox 838 2366 1071 2422; x_wconf 82' lang='lat' dir='ltr'><strong>naculo</strong></span> <span class='ocrx_word' id='word_1_210' title='bbox 1094 2381 1244 2428; x_wconf 84' lang='lat' dir='ltr'><strong>meo,</strong></span> <span class='ocrx_word' id='word_1_211' title='bbox 1268 2362 1330 2421; x_wconf 88' lang='lat' dir='ltr'><strong>id</strong></span> <span class='ocrx_word' id='word_1_212' title='bbox 1361 2360 1713 2435; x_wconf 87' lang='lat' dir='ltr'><strong>est,domui</strong></span> <span class='ocrx_word' id='word_1_213' title='bbox 1748 2380 1903 2422; x_wconf 79' lang='lat' dir='ltr'><strong>meae</strong></span> <span class='ocrx_word' id='word_1_214' title='bbox 1936 2361 2000 2421; x_wconf 91' lang='lat' dir='ltr'><strong>in</strong></span> <span class='ocrx_word' id='word_1_215' title='bbox 2032 2361 2331 2423; x_wconf 89' lang='lat' dir='ltr'><strong>omnibus</strong></span> 
     </span>
     <span class='ocr_line' id='line_1_37' title="bbox 838 2458 2331 2535; baseline 0 -14"><span class='ocrx_word' id='word_1_216' title='bbox 838 2459 1185 2521; x_wconf 87' lang='lat' dir='ltr'><strong>benedixit.</strong></span> <span class='ocrx_word' id='word_1_217' title='bbox 1212 2458 1347 2535; x_wconf 89' lang='lat' dir='ltr'><strong>Vel,</strong></span> <span class='ocrx_word' id='word_1_218' title='bbox 1376 2458 1627 2521; x_wconf 89' lang='lat' dir='ltr'><strong>Secreto</strong></span> <span class='ocrx_word' id='word_1_219' title='bbox 1658 2468 1788 2521; x_wconf 87' lang='lat' dir='ltr'><strong>erat</strong></span> <span class='ocrx_word' id='word_1_220' title='bbox 1824 2458 1887 2519; x_wconf 93' lang='lat' dir='ltr'><strong>in</strong></span> <span class='ocrx_word' id='word_1_221' title='bbox 1922 2458 2331 2521; x_wconf 88' lang='lat' dir='ltr'><strong>tabernaculo</strong></span> 
     </span>
     <span class='ocr_line' id='line_1_38' title="bbox 840 2556 2327 2633; baseline 0.001 -15"><span class='ocrx_word' id='word_1_222' title='bbox 840 2576 1002 2633; x_wconf 88' lang='lat' dir='ltr'><strong>meo,</strong></span> <span class='ocrx_word' id='word_1_223' title='bbox 1050 2558 1110 2620; x_wconf 90' lang='lat' dir='ltr'><strong>id</strong></span> <span class='ocrx_word' id='word_1_224' title='bbox 1154 2566 1270 2633; x_wconf 88' lang='lat' dir='ltr'><strong>est,</strong></span> <span class='ocrx_word' id='word_1_225' title='bbox 1317 2558 1487 2618; x_wconf 90' lang='lat' dir='ltr'><strong>intus</strong></span> <span class='ocrx_word' id='word_1_226' title='bbox 1540 2557 1604 2618; x_wconf 91' lang='lat' dir='ltr'><strong>in</strong></span> <span class='ocrx_word' id='word_1_227' title='bbox 1644 2556 1857 2619; x_wconf 89' lang='lat' dir='ltr'><strong>abdito</strong></span> <span class='ocrx_word' id='word_1_228' title='bbox 1898 2557 2130 2618; x_wconf 90' lang='lat' dir='ltr'><strong>mentis</strong></span> <span class='ocrx_word' id='word_1_229' title='bbox 2171 2558 2327 2619; x_wconf 90' lang='lat' dir='ltr'><strong>mihi</strong></span> 
     </span>
     <span class='ocr_line' id='line_1_39' title="bbox 838 2654 2330 2737; baseline 0.001 -20"><span class='ocrx_word' id='word_1_230' title='bbox 838 2655 1044 2717; x_wconf 88' lang='lat' dir='ltr'><strong>adfuit</strong></span> <span class='ocrx_word' id='word_1_231' title='bbox 1087 2673 1199 2737; x_wconf 90' lang='lat' dir='ltr'><strong>per</strong></span> <span class='ocrx_word' id='word_1_232' title='bbox 1244 2655 1665 2736; x_wconf 84' lang='lat' dir='ltr'><strong>multiplicem</strong></span> <span class='ocrx_word' id='word_1_233' title='bbox 1721 2654 1973 2735; x_wconf 90' lang='lat' dir='ltr'><strong>pietatis</strong></span> <span class='ocrx_word' id='word_1_234' title='bbox 2013 2664 2071 2716; x_wconf 90' lang='lat' dir='ltr'><strong>et</strong></span> <span class='ocrx_word' id='word_1_235' title='bbox 2112 2656 2330 2734; x_wconf 80' lang='lat' dir='ltr'><strong>gratiae</strong></span> 
     </span>
     <span class='ocr_line' id='line_1_40' title="bbox 838 2752 2328 2829; baseline 0.001 -14"><span class='ocrx_word' id='word_1_236' title='bbox 838 2773 967 2817; x_wconf 81' lang='lat' dir='ltr'><strong>suae</strong></span> <span class='ocrx_word' id='word_1_237' title='bbox 998 2752 1329 2829; x_wconf 83' lang='lat' dir='ltr'><strong>effectum,</strong></span> <span class='ocrx_word' id='word_1_238' title='bbox 1364 2754 1515 2814; x_wconf 90' lang='lat' dir='ltr'><strong>dum</strong></span> <span class='ocrx_word' id='word_1_239' title='bbox 1556 2754 1622 2814; x_wconf 92' lang='lat' dir='ltr'><strong>in</strong></span> <span class='ocrx_word' id='word_1_240' title='bbox 1661 2754 1849 2815; x_wconf 92' lang='lat' dir='ltr'><strong>domo</strong></span> <span class='ocrx_word' id='word_1_241' title='bbox 1884 2772 2027 2817; x_wconf 88' lang='lat' dir='ltr'><strong>mea</strong></span> <span class='ocrx_word' id='word_1_242' title='bbox 2057 2756 2328 2818; x_wconf 88' lang='lat' dir='ltr'><strong>orationi</strong></span> 
     </span>
     <span class='ocr_line' id='line_1_41' title="bbox 840 2851 2330 2933; baseline 0.002 -19"><span class='ocrx_word' id='word_1_243' title='bbox 840 2861 901 2914; x_wconf 90' lang='lat' dir='ltr'><strong>et</strong></span> <span class='ocrx_word' id='word_1_244' title='bbox 941 2851 1466 2933; x_wconf 79' lang='lat' dir='ltr'><strong>contemplationi</strong></span> <span class='ocrx_word' id='word_1_245' title='bbox 1506 2852 1820 2913; x_wconf 86' lang='lat' dir='ltr'><strong>instabam</strong></span> <span class='ocrx_word' id='word_1_246' title='bbox 1868 2870 1881 2913; x_wconf 92' lang='lat'><strong>:</strong></span> <span class='ocrx_word' id='word_1_247' title='bbox 1923 2856 2330 2933; x_wconf 90' lang='lat' dir='ltr'><strong>quemadmo-</strong></span> 
     </span>
     <span class='ocr_line' id='line_1_42' title="bbox 838 2949 2327 3026; baseline 0.002 -15"><span class='ocrx_word' id='word_1_248' title='bbox 838 2951 990 3011; x_wconf 89' lang='lat' dir='ltr'><strong>dum</strong></span> <span class='ocrx_word' id='word_1_249' title='bbox 1040 2950 1105 3012; x_wconf 90' lang='lat' dir='ltr'><strong>in</strong></span> <span class='ocrx_word' id='word_1_250' title='bbox 1154 2950 1329 3012; x_wconf 90' lang='lat' dir='ltr'><strong>Actis</strong></span> <span class='ocrx_word' id='word_1_251' title='bbox 1376 2949 1704 3013; x_wconf 89' lang='lat' dir='ltr'><strong>Cornelius</strong></span> <span class='ocrx_word' id='word_1_252' title='bbox 1756 2950 1864 3026; x_wconf 88' lang='lat' dir='ltr'><strong>ait,</strong></span> <span class='ocrx_word' id='word_1_253' title='bbox 1908 2950 2104 3013; x_wconf 84' lang='lat' dir='ltr'><strong>Orans</strong></span> <span class='ocrx_word' id='word_1_254' title='bbox 2154 2973 2327 3015; x_wconf 89' lang='lat' dir='ltr'><strong>eram</strong></span> 
     </span>
     <span class='ocr_line' id='line_1_43' title="bbox 840 3048 1325 3111; baseline 0 -2"><span class='ocrx_word' id='word_1_255' title='bbox 840 3048 905 3109; x_wconf 90' lang='lat' dir='ltr'><strong>in</strong></span> <span class='ocrx_word' id='word_1_256' title='bbox 937 3048 1128 3111; x_wconf 91' lang='lat' dir='ltr'><strong>domo</strong></span> <span class='ocrx_word' id='word_1_257' title='bbox 1164 3067 1325 3110; x_wconf 89' lang='lat' dir='ltr'><strong>mea.</strong></span> 
     </span>
    </p>

    <p class='ocr_par' dir='ltr' id='par_1_14' title="bbox 834 3148 2329 4211">
     <span class='ocr_line' id='line_1_44' title="bbox 944 3148 2329 3230; baseline 0.003 -24"><span class='ocrx_word' id='word_1_258' title='bbox 944 3148 1213 3214; x_wconf 80' lang='lat' dir='ltr'><strong>Quando</strong></span> <span class='ocrx_word' id='word_1_259' title='bbox 1256 3156 1396 3207; x_wconf 70' lang='lat' dir='ltr'><strong>erat</strong></span> <span class='ocrx_word' id='word_1_260' title='bbox 1442 3149 1853 3222; x_wconf 77' lang='lat' dir='ltr'><strong>Omnipotens</strong></span> <span class='ocrx_word' id='word_1_261' title='bbox 1898 3170 2166 3220; x_wconf 75' lang='lat' dir='ltr'><strong>mecum,</strong></span> <span class='ocrx_word' id='word_1_262' title='bbox 2216 3169 2329 3230; x_wconf 90' lang='lat' dir='ltr'><strong>per</strong></span> 
     </span>
     <span class='ocr_line' id='line_1_45' title="bbox 838 3243 2322 3328; baseline 0.003 -23"><span class='ocrx_word' id='word_1_263' title='bbox 838 3244 1014 3306; x_wconf 90' lang='lat' dir='ltr'><strong>varia</strong></span> <span class='ocrx_word' id='word_1_264' title='bbox 1059 3243 1377 3306; x_wconf 88' lang='lat' dir='ltr'><strong>beneficia</strong></span> <span class='ocrx_word' id='word_1_265' title='bbox 1426 3245 1779 3326; x_wconf 90' lang='lat' dir='ltr'><strong>corporalia</strong></span> <span class='ocrx_word' id='word_1_266' title='bbox 1829 3266 1901 3309; x_wconf 89' lang='lat' dir='ltr'><strong>ac</strong></span> <span class='ocrx_word' id='word_1_267' title='bbox 1944 3247 2322 3328; x_wconf 78' lang='lat' dir='ltr'><strong>spiritualia.</strong></span> 
     </span>
     <span class='ocr_line' id='line_1_46' title="bbox 839 3341 2328 3423; baseline 0.002 -19"><span class='ocrx_word' id='word_1_268' title='bbox 839 3341 1013 3404; x_wconf 90' lang='lat' dir='ltr'><strong>Sicut</strong></span> <span class='ocrx_word' id='word_1_269' title='bbox 1044 3349 1106 3403; x_wconf 92' lang='lat' dir='ltr'><strong>et</strong></span> <span class='ocrx_word' id='word_1_270' title='bbox 1137 3341 1323 3404; x_wconf 87' lang='lat' dir='ltr'><strong>Satan</strong></span> <span class='ocrx_word' id='word_1_271' title='bbox 1354 3341 1634 3423; x_wconf 88' lang='lat' dir='ltr'><strong>loquitur</strong></span> <span class='ocrx_word' id='word_1_272' title='bbox 1667 3343 1789 3406; x_wconf 89' lang='lat' dir='ltr'><strong>Deo</strong></span> <span class='ocrx_word' id='word_1_273' title='bbox 1821 3345 1899 3407; x_wconf 90' lang='lat' dir='ltr'><strong>de</strong></span> <span class='ocrx_word' id='word_1_274' title='bbox 1928 3344 2042 3407; x_wconf 85' lang='lat' dir='ltr'><strong>Job</strong></span> <span class='ocrx_word' id='word_1_275' title='bbox 2067 3365 2080 3409; x_wconf 74' lang='grc' dir='ltr'>ε</span> <span class='ocrx_word' id='word_1_276' title='bbox 2108 3346 2328 3408; x_wconf 91' lang='lat' dir='ltr'><strong>Nonne</strong></span> 
     </span>
     <span class='ocr_line' id='line_1_47' title="bbox 840 3438 2328 3521; baseline 0.003 -22"><span class='ocrx_word' id='word_1_277' title='bbox 840 3446 904 3499; x_wconf 91' lang='lat' dir='ltr'><strong>tu</strong></span> <span class='ocrx_word' id='word_1_278' title='bbox 927 3438 1175 3500; x_wconf 88' lang='lat' dir='ltr'><strong>vallasti</strong></span> <span class='ocrx_word' id='word_1_279' title='bbox 1210 3458 1459 3516; x_wconf 91' lang='lat' dir='ltr'><strong>eum,ac</strong></span> <span class='ocrx_word' id='word_1_280' title='bbox 1491 3440 1747 3502; x_wconf 87' lang='lat' dir='ltr'><strong>domum</strong></span> <span class='ocrx_word' id='word_1_281' title='bbox 1778 3441 1917 3521; x_wconf 85' lang='lat' dir='ltr'><strong>ejus</strong></span> <span class='ocrx_word' id='word_1_282' title='bbox 1945 3442 2328 3505; x_wconf 89' lang='lat' dir='ltr'><strong>universam-</strong></span> 
     </span>
     <span class='ocr_line' id='line_1_48' title="bbox 837 3535 2324 3622; baseline 0.004 -25"><span class='ocrx_word' id='word_1_283' title='bbox 837 3555 962 3618; x_wconf 90' lang='lat' dir='ltr'><strong>que</strong></span> <span class='ocrx_word' id='word_1_284' title='bbox 993 3535 1414 3600; x_wconf 86' lang='lat' dir='ltr'><strong>substantiam</strong></span> <span class='ocrx_word' id='word_1_285' title='bbox 1456 3558 1569 3619; x_wconf 90' lang='lat' dir='ltr'><strong>per</strong></span> <span class='ocrx_word' id='word_1_286' title='bbox 1608 3538 1985 3601; x_wconf 72' lang='lat' dir='ltr'><strong>circuitum?</strong></span> <span class='ocrx_word' id='word_1_287' title='bbox 2016 3540 2324 3622; x_wconf 89' lang='lat' dir='ltr'><strong>Operibus</strong></span> 
     </span>
     <span class='ocr_line' id='line_1_49' title="bbox 836 3635 2324 3715; baseline 0.003 -20"><span class='ocrx_word' id='word_1_288' title='bbox 836 3653 1141 3696; x_wconf 89' lang='lat' dir='ltr'><strong>manuum</strong></span> <span class='ocrx_word' id='word_1_289' title='bbox 1190 3635 1329 3715; x_wconf 86' lang='lat' dir='ltr'><strong>ejus</strong></span> <span class='ocrx_word' id='word_1_290' title='bbox 1371 3635 1774 3699; x_wconf 87' lang='lat' dir='ltr'><strong>benedixisti.</strong></span> <span class='ocrx_word' id='word_1_291' title='bbox 1809 3640 1897 3698; x_wconf 77' lang='lat' dir='ltr'><strong>Et</strong></span> <span class='ocrx_word' id='word_1_292' title='bbox 1936 3640 2005 3698; x_wconf 82' lang='lat' dir='ltr'><strong>in</strong></span> <span class='ocrx_word' id='word_1_293' title='bbox 2044 3641 2324 3700; x_wconf 77' lang='lat' dir='ltr'><strong>circuitu</strong></span> 
     </span>
     <span class='ocr_line' id='line_1_50' title="bbox 834 3733 2324 3815; baseline 0.004 -24"><span class='ocrx_word' id='word_1_294' title='bbox 834 3752 969 3791; x_wconf 78' lang='lat' dir='ltr'><strong>meo</strong></span> <span class='ocrx_word' id='word_1_295' title='bbox 994 3735 1189 3809; x_wconf 77' lang='lat' dir='ltr'><strong>pueri</strong></span> <span class='ocrx_word' id='word_1_296' title='bbox 1218 3735 1366 3805; x_wconf 83' lang='lat' dir='ltr'><strong>mei,</strong></span> <span class='ocrx_word' id='word_1_297' title='bbox 1408 3752 1569 3813; x_wconf 87' lang='lat' dir='ltr'><strong>quos</strong></span> <span class='ocrx_word' id='word_1_298' title='bbox 1614 3733 2031 3815; x_wconf 87' lang='lat' dir='ltr'><strong>spiritualiter</strong></span> <span class='ocrx_word' id='word_1_299' title='bbox 2072 3755 2144 3798; x_wconf 87' lang='lat' dir='ltr'><strong>ac</strong></span> <span class='ocrx_word' id='word_1_300' title='bbox 2189 3756 2324 3799; x_wconf 90' lang='lat' dir='ltr'><strong>cor-</strong></span> 
     </span>
     <span class='ocr_line' id='line_1_51' title="bbox 835 3831 2320 3913; baseline 0.003 -19"><span class='ocrx_word' id='word_1_301' title='bbox 835 3831 1138 3913; x_wconf 88' lang='lat' dir='ltr'><strong>poraliter</strong></span> <span class='ocrx_word' id='word_1_302' title='bbox 1183 3832 1470 3895; x_wconf 87' lang='lat' dir='ltr'><strong>educavi.</strong></span> <span class='ocrx_word' id='word_1_303' title='bbox 1509 3832 1578 3894; x_wconf 86' lang='lat' dir='ltr'><strong>Et</strong></span> <span class='ocrx_word' id='word_1_304' title='bbox 1626 3832 1745 3895; x_wconf 89' lang='lat' dir='ltr'><strong>hoc</strong></span> <span class='ocrx_word' id='word_1_305' title='bbox 1787 3834 2164 3897; x_wconf 89' lang='lat' dir='ltr'><strong>delectabile</strong></span> <span class='ocrx_word' id='word_1_306' title='bbox 2203 3846 2320 3912; x_wconf 88' lang='lat' dir='ltr'><strong>est,</strong></span> 
     </span>
     <span class='ocr_line' id='line_1_52' title="bbox 836 3930 2326 4013; baseline 0.003 -22"><span class='ocrx_word' id='word_1_307' title='bbox 836 3930 1053 3992; x_wconf 86' lang='lat' dir='ltr'><strong>videre</strong></span> <span class='ocrx_word' id='word_1_308' title='bbox 1084 3949 1314 4011; x_wconf 90' lang='lat' dir='ltr'><strong>pueros</strong></span> <span class='ocrx_word' id='word_1_309' title='bbox 1346 3950 1421 3992; x_wconf 90' lang='lat' dir='ltr'><strong>ex</strong></span> <span class='ocrx_word' id='word_1_310' title='bbox 1460 3950 1527 3992; x_wconf 91' lang='lat' dir='ltr'><strong>se</strong></span> <span class='ocrx_word' id='word_1_311' title='bbox 1562 3940 1764 4008; x_wconf 63' lang='lat' dir='ltr'><strong>natm,</strong></span> <span class='ocrx_word' id='word_1_312' title='bbox 1800 3933 2102 4013; x_wconf 88' lang='lat' dir='ltr'><strong>quoniam</strong></span> <span class='ocrx_word' id='word_1_313' title='bbox 2135 3953 2326 3996; x_wconf 90' lang='lat' dir='ltr'><strong>causa</strong></span> 
     </span>
     <span class='ocr_line' id='line_1_53' title="bbox 834 4027 2324 4111; baseline 0.004 -23"><span class='ocrx_word' id='word_1_314' title='bbox 834 4027 1046 4108; x_wconf 86' lang='lat' dir='ltr'><strong>diligit</strong></span> <span class='ocrx_word' id='word_1_315' title='bbox 1089 4028 1422 4110; x_wconf 90' lang='lat' dir='ltr'><strong>proprium</strong></span> <span class='ocrx_word' id='word_1_316' title='bbox 1470 4047 1754 4107; x_wconf 85' lang='lat' dir='ltr'><strong>germen,</strong></span> <span class='ocrx_word' id='word_1_317' title='bbox 1799 4037 1861 4090; x_wconf 88' lang='lat' dir='ltr'><strong>et</strong></span> <span class='ocrx_word' id='word_1_318' title='bbox 1904 4030 1957 4091; x_wconf 92' lang='lat' dir='ltr'><strong>si</strong></span> <span class='ocrx_word' id='word_1_319' title='bbox 2002 4031 2324 4111; x_wconf 82' lang='lat' dir='ltr'><strong>cognitiva</strong></span> 
     </span>
     <span class='ocr_line' id='line_1_54' title="bbox 836 4125 2324 4211; baseline 0.003 -23"><span class='ocrx_word' id='word_1_320' title='bbox 836 4125 939 4203; x_wconf 88' lang='lat' dir='ltr'><strong>sit,</strong></span> <span class='ocrx_word' id='word_1_321' title='bbox 974 4125 1323 4189; x_wconf 87' lang='lat' dir='ltr'><strong>delectatur</strong></span> <span class='ocrx_word' id='word_1_322' title='bbox 1366 4127 1431 4187; x_wconf 91' lang='lat' dir='ltr'><strong>in</strong></span> <span class='ocrx_word' id='word_1_323' title='bbox 1477 4145 1573 4189; x_wconf 90' lang='lat' dir='ltr'><strong>eo.</strong></span> <span class='ocrx_word' id='word_1_324' title='bbox 1621 4126 1796 4189; x_wconf 90' lang='lat' dir='ltr'><strong>Unde</strong></span> <span class='ocrx_word' id='word_1_325' title='bbox 1842 4127 2136 4191; x_wconf 87' lang='lat' dir='ltr'><strong>timorato</strong></span> <span class='ocrx_word' id='word_1_326' title='bbox 2183 4149 2324 4211; x_wconf 92' lang='lat' dir='ltr'><strong>pro—</strong></span> 
     </span>
    </p>
   </div>
   <div class='ocr_carea' id='block_1_13' title="bbox 2437 1962 3926 3027">
    <p class='ocr_par' dir='ltr' id='par_1_15' title="bbox 2437 1962 3926 3027">
     <span class='ocr_line' id='line_1_55' title="bbox 2443 1962 3926 2046; baseline -0.003 -20"><span class='ocrx_word' id='word_1_327' title='bbox 2443 1965 2612 2046; x_wconf 91' lang='lat' dir='ltr'><strong>ptius</strong></span> <span class='ocrx_word' id='word_1_328' title='bbox 2656 1964 3168 2039; x_wconf 84' lang='lat' dir='ltr'><strong>inveniebantur,</strong></span> <span class='ocrx_word' id='word_1_329' title='bbox 3203 1972 3267 2026; x_wconf 89' lang='lat' dir='ltr'><strong>et</strong></span> <span class='ocrx_word' id='word_1_330' title='bbox 3305 1983 3384 2025; x_wconf 90' lang='lat' dir='ltr'><strong>nc</strong></span> <span class='ocrx_word' id='word_1_331' title='bbox 3422 1963 3648 2026; x_wconf 89' lang='lat' dir='ltr'><strong>civitas</strong></span> <span class='ocrx_word' id='word_1_332' title='bbox 3683 1962 3926 2043; x_wconf 88' lang='lat' dir='ltr'><strong>inquie-</strong></span> 
     </span>
     <span class='ocr_line' id='line_1_56' title="bbox 2443 2060 3922 2144; baseline -0.002 -20"><span class='ocrx_word' id='word_1_333' title='bbox 2443 2073 2681 2125; x_wconf 88' lang='lat' dir='ltr'><strong>taretur</strong></span> <span class='ocrx_word' id='word_1_334' title='bbox 2719 2082 2833 2144; x_wconf 91' lang='lat' dir='ltr'><strong>per</strong></span> <span class='ocrx_word' id='word_1_335' title='bbox 2873 2062 3214 2123; x_wconf 89' lang='lat' dir='ltr'><strong>tumultum</strong></span> <span class='ocrx_word' id='word_1_336' title='bbox 3249 2081 3604 2124; x_wconf 89' lang='lat' dir='ltr'><strong>causarum.</strong></span> <span class='ocrx_word' id='word_1_337' title='bbox 3639 2061 3816 2123; x_wconf 91' lang='lat' dir='ltr'><strong>Unde</strong></span> <span class='ocrx_word' id='word_1_338' title='bbox 3857 2060 3922 2121; x_wconf 88' lang='lat' dir='ltr'><strong>in</strong></span> 
     </span>
     <span class='ocr_line' id='line_1_57' title="bbox 2439 2158 3926 2223; baseline -0.002 -1"><span class='ocrx_word' id='word_1_339' title='bbox 2439 2160 2925 2223; x_wconf 89' lang='lat' dir='ltr'><strong>Deuteronomio</strong></span> <span class='ocrx_word' id='word_1_340' title='bbox 2977 2160 3278 2222; x_wconf 83' lang='lat' dir='ltr'><strong>scribitur</strong></span> <span class='ocrx_word' id='word_1_341' title='bbox 3329 2177 3343 2221; x_wconf 91' lang='lat'>:</span> <span class='ocrx_word' id='word_1_342' title='bbox 3391 2160 3642 2222; x_wconf 87' lang='lat' dir='ltr'><strong>Judices</strong></span> <span class='ocrx_word' id='word_1_343' title='bbox 3693 2158 3926 2221; x_wconf 90' lang='lat' dir='ltr'><strong>consti-</strong></span> 
     </span>
     <span class='ocr_line' id='line_1_58' title="bbox 2443 2259 3924 2340; baseline -0.003 -19"><span class='ocrx_word' id='word_1_344' title='bbox 2443 2270 2579 2322; x_wconf 88' lang='lat' dir='ltr'><strong>tues</strong></span> <span class='ocrx_word' id='word_1_345' title='bbox 2613 2260 2676 2321; x_wconf 91' lang='lat' dir='ltr'><strong>in</strong></span> <span class='ocrx_word' id='word_1_346' title='bbox 2710 2260 3007 2322; x_wconf 91' lang='lat' dir='ltr'><strong>omnibus</strong></span> <span class='ocrx_word' id='word_1_347' title='bbox 3048 2259 3248 2340; x_wconf 90' lang='lat' dir='ltr'><strong>portis</strong></span> <span class='ocrx_word' id='word_1_348' title='bbox 3287 2259 3432 2319; x_wconf 80' lang='lat' dir='ltr'><strong>tuis,</strong></span> <span class='ocrx_word' id='word_1_349' title='bbox 3465 2261 3552 2319; x_wconf 84' lang='lat' dir='ltr'><strong>Ec</strong></span> <span class='ocrx_word' id='word_1_350' title='bbox 3583 2261 3654 2318; x_wconf 85' lang='lat' dir='ltr'><strong>in</strong></span> <span class='ocrx_word' id='word_1_351' title='bbox 3679 2262 3924 2336; x_wconf 72' lang='lat' dir='ltr'><strong>platea,</strong></span> 
     </span>
     <span class='ocr_line' id='line_1_59' title="bbox 2440 2358 3926 2439; baseline -0.004 -18"><span class='ocrx_word' id='word_1_352' title='bbox 2440 2359 2737 2421; x_wconf 90' lang='lat' dir='ltr'><strong>videlicet</strong></span> <span class='ocrx_word' id='word_1_353' title='bbox 2793 2358 2972 2438; x_wconf 89' lang='lat' dir='ltr'><strong>juxta</strong></span> <span class='ocrx_word' id='word_1_354' title='bbox 3029 2366 3298 2439; x_wconf 88' lang='lat' dir='ltr'><strong>portam,</strong></span> <span class='ocrx_word' id='word_1_355' title='bbox 3345 2360 3668 2433; x_wconf 74' lang='lat' dir='ltr'><strong>parabant</strong></span> <span class='ocrx_word' id='word_1_356' title='bbox 3715 2360 3926 2416; x_wconf 72' lang='lat' dir='ltr'><strong>cathe-</strong></span> 
     </span>
     <span class='ocr_line' id='line_1_60' title="bbox 2439 2454 3925 2535; baseline 0 -18"><span class='ocrx_word' id='word_1_357' title='bbox 2439 2462 2629 2517; x_wconf 81' lang='lat' dir='ltr'><strong>dram</strong></span> <span class='ocrx_word' id='word_1_358' title='bbox 2681 2459 2866 2525; x_wconf 73' lang='lat' dir='ltr'><strong>milei,</strong></span> <span class='ocrx_word' id='word_1_359' title='bbox 2918 2456 2978 2517; x_wconf 93' lang='lat' dir='ltr'><strong>id</strong></span> <span class='ocrx_word' id='word_1_360' title='bbox 3031 2464 3126 2518; x_wconf 90' lang='lat' dir='ltr'><strong>est</strong></span> <span class='ocrx_word' id='word_1_361' title='bbox 3175 2455 3407 2517; x_wconf 90' lang='lat' dir='ltr'><strong>solium</strong></span> <span class='ocrx_word' id='word_1_362' title='bbox 3461 2454 3744 2530; x_wconf 89' lang='lat' dir='ltr'><strong>solenne,</strong></span> <span class='ocrx_word' id='word_1_363' title='bbox 3794 2474 3925 2535; x_wconf 89' lang='lat' dir='ltr'><strong>quo</strong></span> 
     </span>
     <span class='ocr_line' id='line_1_61' title="bbox 2439 2553 3921 2632; baseline -0.003 -15"><span class='ocrx_word' id='word_1_364' title='bbox 2439 2556 2804 2629; x_wconf 86' lang='lat' dir='ltr'><strong>residerem,</strong></span> <span class='ocrx_word' id='word_1_365' title='bbox 2852 2555 2930 2616; x_wconf 92' lang='lat' dir='ltr'><strong>ad</strong></span> <span class='ocrx_word' id='word_1_366' title='bbox 2973 2555 3328 2617; x_wconf 90' lang='lat' dir='ltr'><strong>docendum</strong></span> <span class='ocrx_word' id='word_1_367' title='bbox 3371 2573 3442 2616; x_wconf 90' lang='lat' dir='ltr'><strong>ac</strong></span> <span class='ocrx_word' id='word_1_368' title='bbox 3485 2553 3921 2632; x_wconf 88' lang='lat' dir='ltr'><strong>judicandum.</strong></span> 
     </span>
     <span class='ocr_line' id='line_1_62' title="bbox 2457 2650 3925 2730; baseline -0.001 -16"><span class='ocrx_word' id='word_1_369' title='bbox 2457 2656 2764 2715; x_wconf 74' lang='lat' dir='ltr'><strong>Videbam</strong></span> <span class='ocrx_word' id='word_1_370' title='bbox 2795 2674 2892 2712; x_wconf 77' lang='lat' dir='ltr'><strong>me</strong></span> <span class='ocrx_word' id='word_1_371' title='bbox 2917 2655 3218 2730; x_wconf 59' lang='lat' dir='ltr'><strong>juvenem,</strong></span> <span class='ocrx_word' id='word_1_372' title='bbox 3251 2652 3495 2714; x_wconf 89' lang='lat' dir='ltr'><strong>scilicet</strong></span> <span class='ocrx_word' id='word_1_373' title='bbox 3533 2650 3925 2713; x_wconf 79' lang='lat' dir='ltr'><strong>vanitatibus</strong></span> 
     </span>
     <span class='ocr_line' id='line_1_63' title="bbox 2437 2750 3922 2828; baseline -0.003 -14"><span class='ocrx_word' id='word_1_374' title='bbox 2437 2752 2656 2828; x_wconf 86' lang='lat' dir='ltr'><strong>dediti,</strong></span> <span class='ocrx_word' id='word_1_375' title='bbox 2705 2762 2762 2811; x_wconf 84' lang='lat' dir='ltr'><strong>et</strong></span> <span class='ocrx_word' id='word_1_376' title='bbox 2809 2754 3377 2822; x_wconf 77' lang='lat' dir='ltr'><strong>abscondebantur,</strong></span> <span class='ocrx_word' id='word_1_377' title='bbox 3427 2750 3489 2811; x_wconf 88' lang='lat' dir='ltr'><strong>id</strong></span> <span class='ocrx_word' id='word_1_378' title='bbox 3537 2758 3652 2825; x_wconf 82' lang='lat' dir='ltr'><strong>est,</strong></span> <span class='ocrx_word' id='word_1_379' title='bbox 3710 2768 3922 2812; x_wconf 84' lang='lat' dir='ltr'><strong>coram</strong></span> 
     </span>
     <span class='ocr_line' id='line_1_64' title="bbox 2438 2848 3924 2932; baseline -0.003 -20"><span class='ocrx_word' id='word_1_380' title='bbox 2438 2870 2539 2913; x_wconf 92' lang='lat' dir='ltr'><strong>me</strong></span> <span class='ocrx_word' id='word_1_381' title='bbox 2569 2869 2896 2932; x_wconf 88' lang='lat' dir='ltr'><strong>apparere,</strong></span> <span class='ocrx_word' id='word_1_382' title='bbox 2930 2857 2994 2911; x_wconf 88' lang='lat' dir='ltr'><strong>et</strong></span> <span class='ocrx_word' id='word_1_383' title='bbox 3024 2869 3257 2911; x_wconf 90' lang='lat' dir='ltr'><strong>vanum</strong></span> <span class='ocrx_word' id='word_1_384' title='bbox 3288 2848 3444 2930; x_wconf 92' lang='lat' dir='ltr'><strong>quid</strong></span> <span class='ocrx_word' id='word_1_385' title='bbox 3475 2866 3659 2927; x_wconf 86' lang='lat' dir='ltr'><strong>agere</strong></span> <span class='ocrx_word' id='word_1_386' title='bbox 3687 2848 3924 2910; x_wconf 91' lang='lat' dir='ltr'><strong>erubu-</strong></span> 
     </span>
     <span class='ocr_line' id='line_1_65' title="bbox 2438 2946 3926 3027; baseline -0.002 -16"><span class='ocrx_word' id='word_1_387' title='bbox 2438 2958 2626 3012; x_wconf 89' lang='lat' dir='ltr'><strong>erunt</strong></span> <span class='ocrx_word' id='word_1_388' title='bbox 2685 2950 2910 3012; x_wconf 90' lang='lat' dir='ltr'><strong>timore</strong></span> <span class='ocrx_word' id='word_1_389' title='bbox 2973 2948 3354 3010; x_wconf 85' lang='lat' dir='ltr'><strong>maturitatis</strong></span> <span class='ocrx_word' id='word_1_390' title='bbox 3416 2955 3604 3027; x_wconf 89' lang='lat' dir='ltr'><strong>atque</strong></span> <span class='ocrx_word' id='word_1_391' title='bbox 3660 2946 3926 3027; x_wconf 85' lang='lat' dir='ltr'><strong>justitiae</strong></span> 
     </span>
    </p>
   </div>
   <div class='ocr_carea' id='block_1_14' title="bbox 2363 3044 3920 3123">
    <p class='ocr_par' dir='ltr' id='par_1_16' title="bbox 2363 3044 3920 3123">
     <span class='ocr_line' id='line_1_66' title="bbox 2363 3044 3920 3123; baseline -0.004 -11"><span class='ocrx_word' id='word_1_392' title='bbox 2363 3052 2406 3113; x_wconf 93' lang='lat' dir='ltr'>C</span> <span class='ocrx_word' id='word_1_393' title='bbox 2439 3068 2616 3111; x_wconf 85' lang='lat' dir='ltr'><strong>meae.</strong></span> <span class='ocrx_word' id='word_1_394' title='bbox 2641 3051 2727 3109; x_wconf 78' lang='lat' dir='ltr'><strong>Ec</strong></span> <span class='ocrx_word' id='word_1_395' title='bbox 2753 3070 2926 3108; x_wconf 80' lang='lat' dir='ltr'><strong>senes</strong></span> <span class='ocrx_word' id='word_1_396' title='bbox 2955 3068 3257 3123; x_wconf 55' lang='lat' dir='ltr'><strong>aeramen</strong></span> <span class='ocrx_word' id='word_1_397' title='bbox 3269 3058 3354 3107; x_wconf 79' lang='lat' dir='ltr'><strong>tes</strong></span> <span class='ocrx_word' id='word_1_398' title='bbox 3385 3046 3540 3107; x_wconf 89' lang='lat' dir='ltr'><strong>mihi</strong></span> <span class='ocrx_word' id='word_1_399' title='bbox 3571 3044 3920 3119; x_wconf 82' lang='lat' dir='ltr'><strong>accedenti,</strong></span> 
     </span>
    </p>
   </div>
   <div class='ocr_carea' id='block_1_15' title="bbox 2435 3143 3926 4210">
    <p class='ocr_par' dir='ltr' id='par_1_17' title="bbox 2435 3143 3926 4210">
     <span class='ocr_line' id='line_1_67' title="bbox 2437 3143 3926 3225; baseline -0.001 -20"><span class='ocrx_word' id='word_1_400' title='bbox 2437 3150 2717 3214; x_wconf 72' lang='lat' dir='ltr'><strong>stabant,</strong></span> <span class='ocrx_word' id='word_1_401' title='bbox 2749 3146 2909 3207; x_wconf 89' lang='lat' dir='ltr'><strong>mihi</strong></span> <span class='ocrx_word' id='word_1_402' title='bbox 2949 3146 3016 3206; x_wconf 93' lang='lat' dir='ltr'><strong>in</strong></span> <span class='ocrx_word' id='word_1_403' title='bbox 3056 3145 3175 3207; x_wconf 89' lang='lat' dir='ltr'><strong>hoc</strong></span> <span class='ocrx_word' id='word_1_404' title='bbox 3217 3144 3632 3207; x_wconf 87' lang='lat' dir='ltr'><strong>reverentiam</strong></span> <span class='ocrx_word' id='word_1_405' title='bbox 3681 3143 3926 3225; x_wconf 91' lang='lat' dir='ltr'><strong>impen-</strong></span> 
     </span>
     <span class='ocr_line' id='line_1_68' title="bbox 2440 3245 3924 3323; baseline -0.002 -17"><span class='ocrx_word' id='word_1_406' title='bbox 2440 3246 2682 3307; x_wconf 79' lang='lat' dir='ltr'><strong>dentes.</strong></span> <span class='ocrx_word' id='word_1_407' title='bbox 2733 3247 3071 3321; x_wconf 75' lang='lat' dir='ltr'><strong>Principes</strong></span> <span class='ocrx_word' id='word_1_408' title='bbox 3111 3246 3432 3303; x_wconf 79' lang='lat' dir='ltr'><strong>cessabant</strong></span> <span class='ocrx_word' id='word_1_409' title='bbox 3481 3245 3684 3321; x_wconf 72' lang='lat' dir='ltr'><strong>loqui,</strong></span> <span class='ocrx_word' id='word_1_410' title='bbox 3725 3262 3924 3323; x_wconf 87' lang='lat' dir='ltr'><strong>quum</strong></span> 
     </span>
     <span class='ocr_line' id='line_1_69' title="bbox 2440 3343 3925 3424; baseline -0.004 -17"><span class='ocrx_word' id='word_1_411' title='bbox 2440 3363 2555 3424; x_wconf 84' lang='lat' dir='ltr'><strong>ego</strong></span> <span class='ocrx_word' id='word_1_412' title='bbox 2607 3343 2780 3424; x_wconf 86' lang='lat' dir='ltr'><strong>loqui</strong></span> <span class='ocrx_word' id='word_1_413' title='bbox 2829 3343 3095 3418; x_wconf 86' lang='lat' dir='ltr'><strong>ordirer,</strong></span> <span class='ocrx_word' id='word_1_414' title='bbox 3129 3352 3188 3402; x_wconf 79' lang='lat' dir='ltr'><strong>et</strong></span> <span class='ocrx_word' id='word_1_415' title='bbox 3227 3344 3507 3419; x_wconf 72' lang='lat' dir='ltr'><strong>diyitum</strong></span> <span class='ocrx_word' id='word_1_416' title='bbox 3549 3362 3925 3417; x_wconf 74' lang='lat' dir='ltr'><strong>superpone-</strong></span> 
     </span>
     <span class='ocr_line' id='line_1_70' title="bbox 2440 3440 3924 3520; baseline 0 -19"><span class='ocrx_word' id='word_1_417' title='bbox 2440 3445 2591 3503; x_wconf 79' lang='lat' dir='ltr'><strong>bant</strong></span> <span class='ocrx_word' id='word_1_418' title='bbox 2635 3446 2738 3502; x_wconf 78' lang='lat' dir='ltr'><strong>ori</strong></span> <span class='ocrx_word' id='word_1_419' title='bbox 2779 3462 2914 3513; x_wconf 68' lang='lat' dir='ltr'><strong>sem,</strong></span> <span class='ocrx_word' id='word_1_420' title='bbox 2963 3442 3082 3504; x_wconf 89' lang='lat' dir='ltr'><strong>hoc</strong></span> <span class='ocrx_word' id='word_1_421' title='bbox 3131 3449 3247 3516; x_wconf 90' lang='lat' dir='ltr'><strong>est,</strong></span> <span class='ocrx_word' id='word_1_422' title='bbox 3300 3440 3787 3520; x_wconf 85' lang='lat' dir='ltr'><strong>diligentissime</strong></span> <span class='ocrx_word' id='word_1_423' title='bbox 3836 3449 3924 3501; x_wconf 87' lang='lat' dir='ltr'><strong>ta—</strong></span> 
     </span>
     <span class='ocr_line' id='line_1_71' title="bbox 2439 3539 3922 3620; baseline -0.002 -18"><span class='ocrx_word' id='word_1_424' title='bbox 2439 3550 2728 3616; x_wconf 89' lang='lat' dir='ltr'><strong>cuerunt,</strong></span> <span class='ocrx_word' id='word_1_425' title='bbox 2782 3549 2844 3602; x_wconf 86' lang='lat' dir='ltr'><strong>et</strong></span> <span class='ocrx_word' id='word_1_426' title='bbox 2893 3560 3032 3602; x_wconf 90' lang='lat' dir='ltr'><strong>mea</strong></span> <span class='ocrx_word' id='word_1_427' title='bbox 3080 3540 3334 3620; x_wconf 85' lang='lat' dir='ltr'><strong>eloquia</strong></span> <span class='ocrx_word' id='word_1_428' title='bbox 3381 3539 3806 3609; x_wconf 79' lang='lat' dir='ltr'><strong>attenderunt,</strong></span> <span class='ocrx_word' id='word_1_429' title='bbox 3859 3548 3922 3601; x_wconf 90' lang='lat' dir='ltr'><strong>et</strong></span> 
     </span>
     <span class='ocr_line' id='line_1_72' title="bbox 2441 3637 3918 3702; baseline -0.001 -2"><span class='ocrx_word' id='word_1_430' title='bbox 2441 3639 2604 3702; x_wconf 88' lang='lat' dir='ltr'><strong>forte</strong></span> <span class='ocrx_word' id='word_1_431' title='bbox 2657 3639 2762 3700; x_wconf 89' lang='lat' dir='ltr'><strong>tali</strong></span> <span class='ocrx_word' id='word_1_432' title='bbox 2816 3638 3110 3700; x_wconf 82' lang='lat' dir='ltr'><strong>exteriori</strong></span> <span class='ocrx_word' id='word_1_433' title='bbox 3163 3638 3390 3700; x_wconf 89' lang='lat' dir='ltr'><strong>silendi</strong></span> <span class='ocrx_word' id='word_1_434' title='bbox 3445 3637 3683 3699; x_wconf 89' lang='lat' dir='ltr'><strong>indicio</strong></span> <span class='ocrx_word' id='word_1_435' title='bbox 3731 3656 3800 3699; x_wconf 89' lang='lat' dir='ltr'><strong>se</strong></span> <span class='ocrx_word' id='word_1_436' title='bbox 3839 3638 3918 3699; x_wconf 88' lang='lat' dir='ltr'><strong>ad</strong></span> 
     </span>
     <span class='ocr_line' id='line_1_73' title="bbox 2441 3737 3922 3801; baseline -0.002 -1"><span class='ocrx_word' id='word_1_437' title='bbox 2441 3738 2930 3801; x_wconf 84' lang='lat' dir='ltr'><strong>taciturnitatem</strong></span> <span class='ocrx_word' id='word_1_438' title='bbox 2959 3737 3470 3800; x_wconf 85' lang='lat' dir='ltr'><strong>cohortabantur.</strong></span> <span class='ocrx_word' id='word_1_439' title='bbox 3503 3739 3718 3797; x_wconf 79' lang='lat' dir='ltr'><strong>Vocem</strong></span> <span class='ocrx_word' id='word_1_440' title='bbox 3737 3757 3922 3797; x_wconf 82' lang='lat' dir='ltr'><strong>suam</strong></span> 
     </span>
     <span class='ocr_line' id='line_1_74' title="bbox 2435 3838 3924 3911; baseline -0.001 -15"><span class='ocrx_word' id='word_1_441' title='bbox 2435 3840 2804 3898; x_wconf 78' lang='lat' dir='ltr'><strong>cohibebant</strong></span> <span class='ocrx_word' id='word_1_442' title='bbox 2833 3840 3048 3905; x_wconf 63' lang='grc' dir='ltr'><strong>ἄηθες,</strong></span> <span class='ocrx_word' id='word_1_443' title='bbox 3071 3847 3130 3896; x_wconf 81' lang='lat' dir='ltr'><strong>et</strong></span> <span class='ocrx_word' id='word_1_444' title='bbox 3160 3839 3389 3911; x_wconf 69' lang='lat' dir='ltr'><strong>linqua</strong></span> <span class='ocrx_word' id='word_1_445' title='bbox 3417 3856 3636 3895; x_wconf 76' lang='lat' dir='ltr'><strong>eorum</strong></span> <span class='ocrx_word' id='word_1_446' title='bbox 3659 3838 3924 3911; x_wconf 66' lang='lat' dir='ltr'><strong>quitari</strong></span> 
     </span>
     <span class='ocr_line' id='line_1_75' title="bbox 2435 3934 3918 4015; baseline -0.001 -21"><span class='ocrx_word' id='word_1_447' title='bbox 2435 3956 2547 3995; x_wconf 83' lang='lat' dir='ltr'><strong>suo</strong></span> <span class='ocrx_word' id='word_1_448' title='bbox 2577 3938 2959 4009; x_wconf 68' lang='lat' dir='ltr'><strong>adlaeoerebat,</strong></span> <span class='ocrx_word' id='word_1_449' title='bbox 2995 3936 3058 3996; x_wconf 92' lang='lat' dir='ltr'><strong>id</strong></span> <span class='ocrx_word' id='word_1_450' title='bbox 3097 3943 3214 4010; x_wconf 88' lang='lat' dir='ltr'><strong>est,</strong></span> <span class='ocrx_word' id='word_1_451' title='bbox 3249 3934 3328 3995; x_wconf 90' lang='lat' dir='ltr'><strong>ad</strong></span> <span class='ocrx_word' id='word_1_452' title='bbox 3371 3934 3760 4015; x_wconf 91' lang='lat' dir='ltr'><strong>loquendum</strong></span> <span class='ocrx_word' id='word_1_453' title='bbox 3794 3952 3918 3995; x_wconf 90' lang='lat' dir='ltr'><strong>non</strong></span> 
     </span>
     <span class='ocr_line' id='line_1_76' title="bbox 2437 4032 3920 4108; baseline 0 -15"><span class='ocrx_word' id='word_1_454' title='bbox 2437 4032 2830 4108; x_wconf 87' lang='lat' dir='ltr'><strong>movebatur,</strong></span> <span class='ocrx_word' id='word_1_455' title='bbox 2859 4034 2967 4095; x_wconf 90' lang='lat' dir='ltr'><strong>sed</strong></span> <span class='ocrx_word' id='word_1_456' title='bbox 2997 4042 3126 4095; x_wconf 91' lang='lat' dir='ltr'><strong>tam</strong></span> <span class='ocrx_word' id='word_1_457' title='bbox 3157 4032 3425 4095; x_wconf 84' lang='lat' dir='ltr'><strong>attonite</strong></span> <span class='ocrx_word' id='word_1_458' title='bbox 3456 4039 3520 4094; x_wconf 90' lang='lat' dir='ltr'><strong>et</strong></span> <span class='ocrx_word' id='word_1_459' title='bbox 3547 4039 3788 4094; x_wconf 87' lang='lat' dir='ltr'><strong>attente</strong></span> <span class='ocrx_word' id='word_1_460' title='bbox 3820 4051 3920 4093; x_wconf 86' lang='lat' dir='ltr'><strong>me</strong></span> 
     </span>
     <span class='ocr_line' id='line_1_77' title="bbox 2435 4128 3922 4210; baseline -0.001 -18"><span class='ocrx_word' id='word_1_461' title='bbox 2435 4129 2899 4207; x_wconf 85' lang='lat' dir='ltr'><strong>auscultabant,</strong></span> <span class='ocrx_word' id='word_1_462' title='bbox 2948 4132 3127 4210; x_wconf 89' lang='lat' dir='ltr'><strong>quasi</strong></span> <span class='ocrx_word' id='word_1_463' title='bbox 3179 4130 3396 4209; x_wconf 85' lang='lat' dir='ltr'><strong>lingua</strong></span> <span class='ocrx_word' id='word_1_464' title='bbox 3444 4148 3660 4192; x_wconf 89' lang='lat' dir='ltr'><strong>eorum</strong></span> <span class='ocrx_word' id='word_1_465' title='bbox 3711 4130 3790 4191; x_wconf 88' lang='lat' dir='ltr'><strong>ad</strong></span> <span class='ocrx_word' id='word_1_466' title='bbox 3832 4128 3922 4191; x_wconf 91' lang='lat' dir='ltr'><strong>lo-</strong></span> 
     </span>
    </p>
   </div>
   <div class='ocr_carea' id='block_1_16' title="bbox 541 4224 3516 4351">
    <p class='ocr_par' dir='ltr' id='par_1_18' title="bbox 541 4224 3516 4351">
     <span class='ocr_line' id='line_1_78' title="bbox 541 4224 3516 4351; baseline 0.001 -64"><span class='ocrx_word' id='word_1_467' title='bbox 541 4246 635 4351; x_wconf 64' lang='lat'><strong>³1³⁸.</strong></span> <span class='ocrx_word' id='word_1_468' title='bbox 654 4260 803 4297; x_wconf 55' lang='lat' dir='ltr'><strong>cxxx-n.</strong></span> <span class='ocrx_word' id='word_1_469' title='bbox 834 4224 1107 4286; x_wconf 89' lang='lat' dir='ltr'><strong>mittitur</strong></span> <span class='ocrx_word' id='word_1_470' title='bbox 1142 4243 1156 4285; x_wconf 88' lang='lat'>:</span> <span class='ocrx_word' id='word_1_471' title='bbox 1189 4224 1333 4286; x_wconf 88' lang='lat' dir='ltr'><strong>Filii</strong></span> <span class='ocrx_word' id='word_1_472' title='bbox 1368 4226 1458 4285; x_wconf 90' lang='lat' dir='ltr'><strong>tui</strong></span> <span class='ocrx_word' id='word_1_473' title='bbox 1491 4225 1656 4287; x_wconf 88' lang='lat' dir='ltr'><strong>sicut</strong></span> <span class='ocrx_word' id='word_1_474' title='bbox 1701 4226 1967 4289; x_wconf 85' lang='lat' dir='ltr'><strong>novellae</strong></span> <span class='ocrx_word' id='word_1_475' title='bbox 2007 4227 2319 4290; x_wconf 84' lang='lat' dir='ltr'><strong>olivarum</strong></span> <span class='ocrx_word' id='word_1_476' title='bbox 2352 4233 2401 4293; x_wconf 97' lang='lat' dir='ltr'><strong>D</strong></span> <span class='ocrx_word' id='word_1_477' title='bbox 2434 4230 2761 4310; x_wconf 87' lang='lat' dir='ltr'><strong>quendum</strong></span> <span class='ocrx_word' id='word_1_478' title='bbox 2793 4229 2989 4290; x_wconf 87' lang='lat' dir='ltr'><strong>laxari</strong></span> <span class='ocrx_word' id='word_1_479' title='bbox 3023 4248 3150 4291; x_wconf 90' lang='lat' dir='ltr'><strong>non</strong></span> <span class='ocrx_word' id='word_1_480' title='bbox 3187 4229 3516 4310; x_wconf 89' lang='lat' dir='ltr'><strong>potuisset.</strong></span> 
     </span>
    </p>
   </div>
   <div class='ocr_carea' id='block_1_17' title="bbox 822 4321 2324 5379">
    <p class='ocr_par' dir='ltr' id='par_1_19' title="bbox 822 4321 2324 5379">
     <span class='ocr_line' id='line_1_79' title="bbox 834 4321 2323 4392; baseline 0.003 -9"><span class='ocrx_word' id='word_1_481' title='bbox 834 4321 899 4384; x_wconf 90' lang='lat' dir='ltr'><strong>in</strong></span> <span class='ocrx_word' id='word_1_482' title='bbox 944 4322 1215 4385; x_wconf 90' lang='lat' dir='ltr'><strong>circuitu</strong></span> <span class='ocrx_word' id='word_1_483' title='bbox 1254 4341 1490 4385; x_wconf 81' lang='lat' dir='ltr'><strong>mensae</strong></span> <span class='ocrx_word' id='word_1_484' title='bbox 1532 4331 1675 4385; x_wconf 83' lang='lat' dir='ltr'><strong>tuae.</strong></span> <span class='ocrx_word' id='word_1_485' title='bbox 1716 4327 1982 4392; x_wconf 79' lang='lat' dir='ltr'><strong>Quando</strong></span> <span class='ocrx_word' id='word_1_486' title='bbox 2026 4329 2323 4387; x_wconf 78' lang='lat' dir='ltr'><strong>lavabam</strong></span> 
     </span>
     <span class='ocr_line' id='line_1_80' title="bbox 822 4421 2324 4497; baseline 0.005 -19"><span class='ocrx_word' id='word_1_487' title='bbox 822 4422 1015 4496; x_wconf 80' lang='lat' dir='ltr'><strong>pedes</strong></span> <span class='ocrx_word' id='word_1_488' title='bbox 1046 4441 1208 4480; x_wconf 85' lang='lat' dir='ltr'><strong>meos</strong></span> <span class='ocrx_word' id='word_1_489' title='bbox 1240 4423 1492 4497; x_wconf 72' lang='lat' dir='ltr'><strong>buter,</strong></span> <span class='ocrx_word' id='word_1_490' title='bbox 1516 4421 1576 4484; x_wconf 88' lang='lat' dir='ltr'><strong>id</strong></span> <span class='ocrx_word' id='word_1_491' title='bbox 1610 4431 1725 4497; x_wconf 81' lang='lat' dir='ltr'><strong>est,</strong></span> <span class='ocrx_word' id='word_1_492' title='bbox 1754 4422 1819 4483; x_wconf 88' lang='lat' dir='ltr'><strong>in</strong></span> <span class='ocrx_word' id='word_1_493' title='bbox 1853 4431 2099 4485; x_wconf 87' lang='lat' dir='ltr'><strong>tantum</strong></span> <span class='ocrx_word' id='word_1_494' title='bbox 2127 4423 2324 4486; x_wconf 90' lang='lat' dir='ltr'><strong>abun-</strong></span> 
     </span>
     <span class='ocr_line' id='line_1_81' title="bbox 830 4517 2324 4605; baseline 0.003 -26"><span class='ocrx_word' id='word_1_495' title='bbox 830 4517 1061 4580; x_wconf 89' lang='lat' dir='ltr'><strong>dabam</strong></span> <span class='ocrx_word' id='word_1_496' title='bbox 1107 4519 1357 4601; x_wconf 82' lang='lat' dir='ltr'><strong>butyro,</strong></span> <span class='ocrx_word' id='word_1_497' title='bbox 1394 4538 1465 4581; x_wconf 90' lang='lat' dir='ltr'><strong>ac</strong></span> <span class='ocrx_word' id='word_1_498' title='bbox 1506 4521 1734 4581; x_wconf 89' lang='lat' dir='ltr'><strong>ceteris</strong></span> <span class='ocrx_word' id='word_1_499' title='bbox 1776 4521 2146 4583; x_wconf 88' lang='lat' dir='ltr'><strong>animalium</strong></span> <span class='ocrx_word' id='word_1_500' title='bbox 2189 4524 2324 4605; x_wconf 90' lang='lat' dir='ltr'><strong>pin-</strong></span> 
     </span>
     <span class='ocr_line' id='line_1_82' title="bbox 829 4615 2319 4699; baseline 0.004 -22"><span class='ocrx_word' id='word_1_501' title='bbox 829 4615 1237 4697; x_wconf 86' lang='lat' dir='ltr'><strong>guedinibus‚</strong></span> <span class='ocrx_word' id='word_1_502' title='bbox 1273 4626 1343 4678; x_wconf 91' lang='lat' dir='ltr'><strong>ut</strong></span> <span class='ocrx_word' id='word_1_503' title='bbox 1384 4637 1586 4698; x_wconf 89' lang='lat' dir='ltr'><strong>usque</strong></span> <span class='ocrx_word' id='word_1_504' title='bbox 1624 4620 1702 4679; x_wconf 90' lang='lat' dir='ltr'><strong>ad</strong></span> <span class='ocrx_word' id='word_1_505' title='bbox 1743 4620 1973 4699; x_wconf 90' lang='lat' dir='ltr'><strong>pedum</strong></span> <span class='ocrx_word' id='word_1_506' title='bbox 2018 4621 2319 4684; x_wconf 91' lang='lat' dir='ltr'><strong>lotionem</strong></span> 
     </span>
     <span class='ocr_line' id='line_1_83' title="bbox 829 4713 2323 4799; baseline 0.004 -24"><span class='ocrx_word' id='word_1_507' title='bbox 829 4713 1131 4777; x_wconf 83' lang='lat' dir='ltr'><strong>sufficere</strong></span> <span class='ocrx_word' id='word_1_508' title='bbox 1180 4724 1414 4796; x_wconf 87' lang='lat' dir='ltr'><strong>posset.</strong></span> <span class='ocrx_word' id='word_1_509' title='bbox 1468 4716 1541 4777; x_wconf 89' lang='lat' dir='ltr'><strong>Et</strong></span> <span class='ocrx_word' id='word_1_510' title='bbox 1594 4716 1757 4779; x_wconf 84' lang='lat' dir='ltr'><strong>forte</strong></span> <span class='ocrx_word' id='word_1_511' title='bbox 1811 4716 2095 4798; x_wconf 88' lang='lat' dir='ltr'><strong>loquitur</strong></span> <span class='ocrx_word' id='word_1_512' title='bbox 2145 4720 2323 4799; x_wconf 88' lang='lat' dir='ltr'><strong>juxta</strong></span> 
     </span>
     <span class='ocr_line' id='line_1_84' title="bbox 826 4813 2319 4895; baseline 0.003 -21"><span class='ocrx_word' id='word_1_513' title='bbox 826 4813 1357 4875; x_wconf 87' lang='lat' dir='ltr'><strong>consuetudinem</strong></span> <span class='ocrx_word' id='word_1_514' title='bbox 1388 4814 1629 4895; x_wconf 84' lang='lat' dir='ltr'><strong>patriae.</strong></span> <span class='ocrx_word' id='word_1_515' title='bbox 1657 4814 2076 4894; x_wconf 85' lang='lat' dir='ltr'><strong>Antiquorum</strong></span> <span class='ocrx_word' id='word_1_516' title='bbox 2107 4826 2319 4879; x_wconf 88' lang='lat' dir='ltr'><strong>autem</strong></span> 
     </span>
     <span class='ocr_line' id='line_1_85' title="bbox 827 4909 2319 4993; baseline 0.004 -22"><span class='ocrx_word' id='word_1_517' title='bbox 827 4909 1067 4974; x_wconf 82' lang='lat' dir='ltr'><strong>divitiae</strong></span> <span class='ocrx_word' id='word_1_518' title='bbox 1099 4911 1456 4993; x_wconf 83' lang='lat' dir='ltr'><strong>praecipuae,</strong></span> <span class='ocrx_word' id='word_1_519' title='bbox 1482 4930 1712 4993; x_wconf 90' lang='lat' dir='ltr'><strong>pecora</strong></span> <span class='ocrx_word' id='word_1_520' title='bbox 1742 4921 1941 4989; x_wconf 86' lang='lat' dir='ltr'><strong>erant,</strong></span> <span class='ocrx_word' id='word_1_521' title='bbox 1970 4916 2319 4977; x_wconf 90' lang='lat' dir='ltr'><strong>secundum</strong></span> 
     </span>
     <span class='ocr_line' id='line_1_86' title="bbox 825 5008 2316 5091; baseline 0.005 -22"><span class='ocrx_word' id='word_1_522' title='bbox 825 5008 1273 5088; x_wconf 86' lang='lat' dir='ltr'><strong>Augustinum.</strong></span> <span class='ocrx_word' id='word_1_523' title='bbox 1309 5010 1467 5071; x_wconf 89' lang='lat' dir='ltr'><strong>Hinc</strong></span> <span class='ocrx_word' id='word_1_524' title='bbox 1512 5030 1549 5071; x_wconf 90' lang='lat' dir='ltr'><strong>a</strong></span> <span class='ocrx_word' id='word_1_525' title='bbox 1600 5009 1859 5073; x_wconf 87' lang='lat' dir='ltr'><strong>nomine</strong></span> <span class='ocrx_word' id='word_1_526' title='bbox 1910 5012 2053 5087; x_wconf 85' lang='lat' dir='ltr'><strong>iste,</strong></span> <span class='ocrx_word' id='word_1_527' title='bbox 2097 5013 2316 5091; x_wconf 81' lang='lat' dir='ltr'><strong>PecuS,</strong></span> 
     </span>
     <span class='ocr_line' id='line_1_87' title="bbox 825 5106 2321 5188; baseline 0.004 -21"><span class='ocrx_word' id='word_1_528' title='bbox 825 5106 1099 5187; x_wconf 90' lang='lat' dir='ltr'><strong>pecunia</strong></span> <span class='ocrx_word' id='word_1_529' title='bbox 1146 5125 1376 5169; x_wconf 91' lang='lat' dir='ltr'><strong>nomen</strong></span> <span class='ocrx_word' id='word_1_530' title='bbox 1430 5108 1695 5188; x_wconf 89' lang='lat' dir='ltr'><strong>accepit,</strong></span> <span class='ocrx_word' id='word_1_531' title='bbox 1747 5110 2096 5171; x_wconf 90' lang='lat' dir='ltr'><strong>secundum</strong></span> <span class='ocrx_word' id='word_1_532' title='bbox 2145 5131 2321 5173; x_wconf 90' lang='lat' dir='ltr'><strong>eum-</strong></span> 
     </span>
     <span class='ocr_line' id='line_1_88' title="bbox 824 5204 2312 5283; baseline 0.003 -18"><span class='ocrx_word' id='word_1_533' title='bbox 824 5204 989 5265; x_wconf 85' lang='lat' dir='ltr'><strong>dem.</strong></span> <span class='ocrx_word' id='word_1_534' title='bbox 1028 5208 1111 5266; x_wconf 77' lang='lat' dir='ltr'><strong>Et</strong></span> <span class='ocrx_word' id='word_1_535' title='bbox 1148 5216 1333 5281; x_wconf 75' lang='lat' dir='ltr'><strong>petra</strong></span> <span class='ocrx_word' id='word_1_536' title='bbox 1378 5207 1695 5283; x_wconf 74' lang='lat' dir='ltr'><strong>fundebat</strong></span> <span class='ocrx_word' id='word_1_537' title='bbox 1740 5208 1907 5265; x_wconf 69' lang='lat' dir='ltr'><strong>milei</strong></span> <span class='ocrx_word' id='word_1_538' title='bbox 1946 5211 2119 5268; x_wconf 79' lang='lat' dir='ltr'><strong>rivos</strong></span> <span class='ocrx_word' id='word_1_539' title='bbox 2169 5214 2312 5271; x_wconf 75' lang='lat' dir='ltr'><strong>olei.</strong></span> 
     </span>
     <span class='ocr_line' id='line_1_89' title="bbox 824 5300 2314 5379; baseline 0.004 -16"><span class='ocrx_word' id='word_1_540' title='bbox 824 5300 1183 5364; x_wconf 88' lang='lat' dir='ltr'><strong>Secundum</strong></span> <span class='ocrx_word' id='word_1_541' title='bbox 1214 5303 1563 5379; x_wconf 79' lang='lat' dir='ltr'><strong>Albertum‚</strong></span> <span class='ocrx_word' id='word_1_542' title='bbox 1599 5304 1811 5366; x_wconf 88' lang='lat' dir='ltr'><strong>oleum</strong></span> <span class='ocrx_word' id='word_1_543' title='bbox 1842 5304 1920 5367; x_wconf 81' lang='lat' dir='ltr'><strong>de</strong></span> <span class='ocrx_word' id='word_1_544' title='bbox 1952 5324 2208 5369; x_wconf 89' lang='lat' dir='ltr'><strong>amurca</strong></span> <span class='ocrx_word' id='word_1_545' title='bbox 2251 5308 2314 5369; x_wconf 90' lang='lat' dir='ltr'><strong>in</strong></span> 
     </span>
    </p>
   </div>
   <div class='ocr_carea' id='block_1_18' title="bbox 2427 4325 3917 5388">
    <p class='ocr_par' dir='ltr' id='par_1_20' title="bbox 2427 4325 3917 5388">
     <span class='ocr_line' id='line_1_90' title="bbox 2531 4325 3916 4391; baseline -0.001 -4"><span class='ocrx_word' id='word_1_546' title='bbox 2531 4330 2736 4387; x_wconf 80' lang='lat' dir='ltr'><strong>Auris</strong></span> <span class='ocrx_word' id='word_1_547' title='bbox 2779 4330 3050 4389; x_wconf 79' lang='lat' dir='ltr'><strong>audiens</strong></span> <span class='ocrx_word' id='word_1_548' title='bbox 3101 4327 3298 4389; x_wconf 81' lang='lat' dir='ltr'><strong>verba</strong></span> <span class='ocrx_word' id='word_1_549' title='bbox 3343 4345 3482 4389; x_wconf 84' lang='lat' dir='ltr'><strong>mea</strong></span> <span class='ocrx_word' id='word_1_550' title='bbox 3530 4325 3630 4391; x_wconf 78' lang='lat' dir='ltr'><strong>vel</strong></span> <span class='ocrx_word' id='word_1_551' title='bbox 3681 4325 3916 4388; x_wconf 84' lang='lat' dir='ltr'><strong>famam</strong></span> 
     </span>
     <span class='ocr_line' id='line_1_91' title="bbox 2433 4424 3916 4502; baseline -0.001 -15"><span class='ocrx_word' id='word_1_552' title='bbox 2433 4444 2660 4502; x_wconf 89' lang='lat' dir='ltr'><strong>meam,</strong></span> <span class='ocrx_word' id='word_1_553' title='bbox 2696 4428 3095 4502; x_wconf 74' lang='lat' dir='ltr'><strong>beatificabat</strong></span> <span class='ocrx_word' id='word_1_554' title='bbox 3127 4446 3250 4494; x_wconf 82' lang='lat' dir='ltr'><strong>me,</strong></span> <span class='ocrx_word' id='word_1_555' title='bbox 3283 4424 3346 4486; x_wconf 92' lang='lat' dir='ltr'><strong>id</strong></span> <span class='ocrx_word' id='word_1_556' title='bbox 3377 4434 3492 4498; x_wconf 91' lang='lat' dir='ltr'><strong>est,</strong></span> <span class='ocrx_word' id='word_1_557' title='bbox 3531 4424 3782 4486; x_wconf 84' lang='lat' dir='ltr'><strong>felicem</strong></span> <span class='ocrx_word' id='word_1_558' title='bbox 3817 4442 3916 4485; x_wconf 88' lang='lat' dir='ltr'><strong>me</strong></span> 
     </span>
     <span class='ocr_line' id='line_1_92' title="bbox 2435 4524 3912 4605; baseline -0.002 -21"><span class='ocrx_word' id='word_1_559' title='bbox 2435 4524 2790 4605; x_wconf 68' lang='lat' dir='ltr'><strong>reputavitg</strong></span> <span class='ocrx_word' id='word_1_560' title='bbox 2833 4535 2890 4583; x_wconf 79' lang='lat' dir='ltr'><strong>et</strong></span> <span class='ocrx_word' id='word_1_561' title='bbox 2928 4528 3148 4583; x_wconf 79' lang='lat' dir='ltr'><strong>oculus</strong></span> <span class='ocrx_word' id='word_1_562' title='bbox 3189 4526 3435 4594; x_wconf 73' lang='lat' dir='ltr'><strong>videns,</strong></span> <span class='ocrx_word' id='word_1_563' title='bbox 3483 4524 3912 4583; x_wconf 76' lang='lat' dir='ltr'><strong>testimonium</strong></span> 
     </span>
     <span class='ocr_line' id='line_1_93' title="bbox 2433 4621 3917 4702; baseline -0.001 -20"><span class='ocrx_word' id='word_1_564' title='bbox 2433 4624 2730 4682; x_wconf 77' lang='lat' dir='ltr'><strong>reddebat</strong></span> <span class='ocrx_word' id='word_1_565' title='bbox 2761 4624 2948 4691; x_wconf 75' lang='lat' dir='ltr'><strong>milei,</strong></span> <span class='ocrx_word' id='word_1_566' title='bbox 2983 4622 3046 4681; x_wconf 91' lang='lat' dir='ltr'><strong>id</strong></span> <span class='ocrx_word' id='word_1_567' title='bbox 3087 4630 3204 4696; x_wconf 89' lang='lat' dir='ltr'><strong>est,</strong></span> <span class='ocrx_word' id='word_1_568' title='bbox 3237 4621 3692 4702; x_wconf 87' lang='lat' dir='ltr'><strong>conspiciendo</strong></span> <span class='ocrx_word' id='word_1_569' title='bbox 3726 4638 3917 4701; x_wconf 90' lang='lat' dir='ltr'><strong>opera</strong></span> 
     </span>
     <span class='ocr_line' id='line_1_94' title="bbox 2428 4716 3914 4801; baseline -0.002 -20"><span class='ocrx_word' id='word_1_570' title='bbox 2428 4721 2600 4801; x_wconf 88' lang='lat' dir='ltr'><strong>justa</strong></span> <span class='ocrx_word' id='word_1_571' title='bbox 2630 4728 2693 4781; x_wconf 90' lang='lat' dir='ltr'><strong>et</strong></span> <span class='ocrx_word' id='word_1_572' title='bbox 2717 4720 2999 4783; x_wconf 90' lang='lat' dir='ltr'><strong>virtuosa</strong></span> <span class='ocrx_word' id='word_1_573' title='bbox 3027 4738 3170 4799; x_wconf 82' lang='lat' dir='ltr'><strong>quae</strong></span> <span class='ocrx_word' id='word_1_574' title='bbox 3202 4717 3347 4792; x_wconf 90' lang='lat' dir='ltr'><strong>feci,</strong></span> <span class='ocrx_word' id='word_1_575' title='bbox 3369 4719 3718 4781; x_wconf 86' lang='lat' dir='ltr'><strong>testabatur</strong></span> <span class='ocrx_word' id='word_1_576' title='bbox 3745 4716 3914 4798; x_wconf 89' lang='lat' dir='ltr'><strong>quod</strong></span> 
     </span>
     <span class='ocr_line' id='line_1_95' title="bbox 2432 4814 3916 4898; baseline -0.003 -18"><span class='ocrx_word' id='word_1_577' title='bbox 2432 4837 2578 4881; x_wconf 86' lang='lat' dir='ltr'><strong>vere</strong></span> <span class='ocrx_word' id='word_1_578' title='bbox 2619 4819 2828 4897; x_wconf 88' lang='lat' dir='ltr'><strong>justus</strong></span> <span class='ocrx_word' id='word_1_579' title='bbox 2872 4816 3286 4878; x_wconf 90' lang='lat' dir='ltr'><strong>consisterem</strong></span> <span class='ocrx_word' id='word_1_580' title='bbox 3323 4834 3336 4877; x_wconf 92' lang='lat'><strong>:</strong></span> <span class='ocrx_word' id='word_1_581' title='bbox 3371 4817 3541 4898; x_wconf 92' lang='lat' dir='ltr'><strong>quod</strong></span> <span class='ocrx_word' id='word_1_582' title='bbox 3580 4817 3658 4879; x_wconf 90' lang='lat' dir='ltr'><strong>de</strong></span> <span class='ocrx_word' id='word_1_583' title='bbox 3698 4814 3916 4879; x_wconf 89' lang='lat' dir='ltr'><strong>interi-</strong></span> 
     </span>
     <span class='ocr_line' id='line_1_96' title="bbox 2430 4913 3917 4993; baseline -0.001 -15"><span class='ocrx_word' id='word_1_584' title='bbox 2430 4915 2646 4979; x_wconf 90' lang='lat' dir='ltr'><strong>oribus</strong></span> <span class='ocrx_word' id='word_1_585' title='bbox 2697 4933 2849 4976; x_wconf 89' lang='lat' dir='ltr'><strong>aure</strong></span> <span class='ocrx_word' id='word_1_586' title='bbox 2899 4922 2960 4976; x_wconf 90' lang='lat' dir='ltr'><strong>et</strong></span> <span class='ocrx_word' id='word_1_587' title='bbox 3016 4913 3201 4976; x_wconf 92' lang='lat' dir='ltr'><strong>oculo</strong></span> <span class='ocrx_word' id='word_1_588' title='bbox 3249 4914 3702 4993; x_wconf 83' lang='lat' dir='ltr'><strong>congruentius</strong></span> <span class='ocrx_word' id='word_1_589' title='bbox 3753 4917 3917 4977; x_wconf 78' lang='lat' dir='ltr'><strong>veri-</strong></span> 
     </span>
     <span class='ocr_line' id='line_1_97' title="bbox 2431 5012 3914 5088; baseline 0.001 -13"><span class='ocrx_word' id='word_1_590' title='bbox 2431 5013 2681 5076; x_wconf 83' lang='lat' dir='ltr'><strong>ficatur.</strong></span> <span class='ocrx_word' id='word_1_591' title='bbox 2726 5012 2861 5088; x_wconf 88' lang='lat' dir='ltr'><strong>Vel,</strong></span> <span class='ocrx_word' id='word_1_592' title='bbox 2918 5012 2968 5073; x_wconf 88' lang='lat' dir='ltr'><strong>si</strong></span> <span class='ocrx_word' id='word_1_593' title='bbox 3019 5013 3098 5073; x_wconf 92' lang='lat' dir='ltr'><strong>de</strong></span> <span class='ocrx_word' id='word_1_594' title='bbox 3147 5012 3568 5075; x_wconf 85' lang='lat' dir='ltr'><strong>exterioribus</strong></span> <span class='ocrx_word' id='word_1_595' title='bbox 3619 5014 3914 5076; x_wconf 88' lang='lat' dir='ltr'><strong>sensibus</strong></span> 
     </span>
     <span class='ocr_line' id='line_1_98' title="bbox 2427 5106 3916 5193; baseline 0 -20"><span class='ocrx_word' id='word_1_596' title='bbox 2427 5106 2797 5193; x_wconf 82' lang='lat' dir='ltr'><strong>accipiatur,</strong></span> <span class='ocrx_word' id='word_1_597' title='bbox 2832 5110 3001 5172; x_wconf 88' lang='lat' dir='ltr'><strong>auris</strong></span> <span class='ocrx_word' id='word_1_598' title='bbox 3041 5118 3104 5171; x_wconf 91' lang='lat' dir='ltr'><strong>et</strong></span> <span class='ocrx_word' id='word_1_599' title='bbox 3144 5110 3368 5172; x_wconf 91' lang='lat' dir='ltr'><strong>oculus</strong></span> <span class='ocrx_word' id='word_1_600' title='bbox 3407 5110 3540 5173; x_wconf 81' lang='lat' dir='ltr'><strong>haec</strong></span> <span class='ocrx_word' id='word_1_601' title='bbox 3579 5110 3784 5189; x_wconf 84' lang='lat' dir='ltr'><strong>egisse</strong></span> <span class='ocrx_word' id='word_1_602' title='bbox 3823 5113 3916 5173; x_wconf 90' lang='lat' dir='ltr'><strong>di-</strong></span> 
     </span>
     <span class='ocr_line' id='line_1_99' title="bbox 2427 5208 3913 5289; baseline -0.001 -17"><span class='ocrx_word' id='word_1_603' title='bbox 2427 5218 2678 5285; x_wconf 90' lang='lat' dir='ltr'><strong>cuntur,</strong></span> <span class='ocrx_word' id='word_1_604' title='bbox 2727 5208 2790 5270; x_wconf 91' lang='lat' dir='ltr'><strong>in</strong></span> <span class='ocrx_word' id='word_1_605' title='bbox 2833 5216 3144 5289; x_wconf 88' lang='lat' dir='ltr'><strong>quantum</strong></span> <span class='ocrx_word' id='word_1_606' title='bbox 3188 5208 3479 5270; x_wconf 90' lang='lat' dir='ltr'><strong>homines</strong></span> <span class='ocrx_word' id='word_1_607' title='bbox 3527 5227 3641 5289; x_wconf 91' lang='lat' dir='ltr'><strong>per</strong></span> <span class='ocrx_word' id='word_1_608' title='bbox 3689 5228 3913 5271; x_wconf 90' lang='lat' dir='ltr'><strong>sensus</strong></span> 
     </span>
     <span class='ocr_line' id='line_1_100' title="bbox 2427 5305 3910 5388; baseline 0 -19"><span class='ocrx_word' id='word_1_609' title='bbox 2427 5309 2542 5371; x_wconf 89' lang='lat' dir='ltr'><strong>hos</strong></span> <span class='ocrx_word' id='word_1_610' title='bbox 2574 5314 2980 5388; x_wconf 89' lang='lat' dir='ltr'><strong>sumpserunt</strong></span> <span class='ocrx_word' id='word_1_611' title='bbox 3011 5305 3408 5369; x_wconf 86' lang='lat' dir='ltr'><strong>occasionem</strong></span> <span class='ocrx_word' id='word_1_612' title='bbox 3441 5325 3551 5369; x_wconf 89' lang='lat' dir='ltr'><strong>seu</strong></span> <span class='ocrx_word' id='word_1_613' title='bbox 3583 5307 3910 5370; x_wconf 87' lang='lat' dir='ltr'><strong>materiam</strong></span> 
     </span>
    </p>
   </div>
   <div class='ocr_carea' id='block_1_19' title="bbox 3989 2179 4216 2221">
    <p class='ocr_par' dir='ltr' id='par_1_21' title="bbox 3989 2179 4216 2221">
     <span class='ocr_line' id='line_1_101' title="bbox 3989 2179 4216 2221; baseline -0.004 -1"><span class='ocrx_word' id='word_1_614' title='bbox 3989 2179 4120 2221; x_wconf 73' lang='lat' dir='ltr'><strong>Dent.</strong></span> <span class='ocrx_word' id='word_1_615' title='bbox 4141 2194 4184 2220; x_wconf 73' lang='lat' dir='ltr'>n</span> <span class='ocrx_word' id='word_1_616' title='bbox 4197 2194 4216 2219; x_wconf 86' lang='lat'><strong>1.</strong></span> 
     </span>
    </p>
   </div>
   <div class='ocr_carea' id='block_1_20' title="bbox 3954 2244 4024 2284">
    <p class='ocr_par' dir='ltr' id='par_1_22' title="bbox 3954 2244 4024 2284">
     <span class='ocr_line' id='line_1_102' title="bbox 3954 2244 4024 2284; baseline 0.029 -3"><span class='ocrx_word' id='word_1_617' title='bbox 3954 2244 4024 2284; x_wconf 69' lang='lat'><strong>18.</strong></span> 
     </span>
    </p>
   </div>
  </div>
 </body>
</html>
