4309 6259
123 4262 182 4305 Ra
193 4268 306 4311 hnma-

107 4338 160 4366 us
193 4330 306 4375 divim

107 4392 272 4441 εὺεηιή

1233 521 1584 568 ENARRATIO
1625 521 1688 567 IN
1731 520 1951 567 unum!
1991 520 2116 567 ³013.
2166 538 2242 549 --
2286 519 2426 565 AnT.
2473 518 2518 563 11

326 790 514 853 ctoris
544 798 656 867 est,
677 791 1012 855 ostendere
1043 790 1318 872 qualiter
1347 796 1523 852 actus
1554 789 1816 851 humani

325 888 742 971 providentiae
771 888 1008 954 divinae
1039 888 1434 971 subjaceant,
1469 896 1531 951 et
1562 906 1818 968 quomo-

324 988 402 1050 do
445 1006 546 1051 res
590 988 888 1052 humanae
924 988 1365 1068 gubernentur
1402 1007 1438 1049 a
1477 988 1624 1050 Deo.
1657 985 1820 1048 Dicit

322 1094 528 1149 autem
579 1085 752 1149 circa
801 1088 923 1149 hoc
973 1087 1244 1150 Thomas
1290 1105 1305 1148 ε
1343 1087 1500 1150 Tota
1547 1085 1820 1149 intentio

323 1184 472 1245 libri
516 1184 704 1247 istius
747 1184 920 1247 circa
959 1186 1080 1248 hoc
1118 1194 1430 1263 versatur,
1465 1193 1535 1247 ut
1571 1204 1684 1267 per
1724 1203 1820 1246 ra-

325 1282 524 1345 tiones
565 1284 933 1365 probabiles
964 1285 1335 1347 ostendatur
1366 1303 1466 1347 res
1506 1286 1818 1347 humanas

323 1400 358 1442 a
402 1381 626 1445 divina
671 1382 1083 1465 providentia
1129 1383 1460 1465 regi-Sed
1511 1383 1682 1446 istud
1727 1382 1821 1444 di-

323 1486 488 1541 ctum
536 1480 606 1541 B.
662 1481 920 1543 Thomae
968 1480 1221 1543 cuidam
1273 1498 1400 1543 non
1461 1481 1690 1563 placet,
1744 1498 1820 1543 οο

323 1578 488 1657 quod
519 1584 693 1641 totus
725 1576 832 1641 hic
860 1577 1028 1642 liber
1065 1579 1368 1659 procedat
1407 1597 1520 1661 per
1561 1578 1818 1641 modum

325 1676 774 1759 disputationis
806 1678 974 1741 inter
1001 1678 1120 1742 101)
1149 1686 1211 1742 01
1241 1680 1380 1761 ejus
1412 1678 1654 1742 amicos
1689 1696 1702 1740 :
1729 1678 1822 1740 in-

327 1776 521 1840 tentio
551 1785 768 1839 autem
788 1786 1012 1841 contra
1041 1777 1240 1840 alium
1261 1778 1819 1861 disputantis,non

3292 490 3409 554 297

133 716 298 763 intentio.
327 702 456 754 tum
481 715 497 766 3
533 690 804 755 intentio
835 699 1048 755 autem
1081 699 1144 755 et
1175 690 1202 753 f
1205 690 1330 753 inis
1361 690 1511 755 libri
1551 709 1663 754 seu
1708 710 1817 752 au·
1845 690 1896 753 A
1926 690 2059 771 regi
2089 689 2330 766 divina,
2353 696 2566 751 ¹tamen
2595 688 2918 761 tenebant,
2944 684 3114 766 quod
3147 682 3415 745 adversa

90 781 299 884 aa

89 906 158 948 sos

1924 789 2148 851 mundi
2194 807 2321 851 000
2362 788 2659 850 accidunt
2700 784 2945 848 homini
2987 784 3111 845 nisi
3154 788 3414 863 propter

1925 887 2064 969 ejus
2096 886 2407 950 demerita
2436 906 2547 949 seu
2578 885 2745 948 mala
2774 882 3113 967 praeterita,
3140 900 3258 943 nec
3280 898 3416 962 pro-

1926 1005 2110 1068 spera
2150 985 2275 1048 nisi
2320 993 2578 1068 propter
2616 982 3039 1066 praecedentia
3075 1000 3267 1063 opera
3304 980 3417 1042 bo-

1927 1104 2011 1147 na
2045 1103 2058 1147 :
2097 1086 2267 1166 quod
2315 1092 2564 1148 constat
2609 1102 2748 1147 esse
2795 1100 3154 1146 erroneum.
3197 1080 3291 1142 An
3331 1078 3418 1141 di-

1927 1191 2100 1246 ctum
2131 1183 2304 1245 istud.
2344 1182 2425 1244 sit
2459 1200 2705 1259 verum,
2741 1180 3061 1257 videlicet,
3103 1198 3184 1241 an
3227 1177 3414 1240 amici

1923 1283 2042 1347 101)
2080 1283 2171 1345 ita
2213 1291 2571 1359 senserunt,
2607 1300 2735 1345 000
2774 1289 2870 1344 051
2907 1288 3033 1342 tam
3068 1285 3311 1342 certum
3350 1284 3419 1339 ut

1925 1381 2131 1463 aliqui
2189 1381 2602 1444 arbitrantur.
2664 1380 2960 1443 Albertus
3007 1395 3263 1460 quoque
3320 1375 3419 1437 vir

1928 1480 2410 1557 subtilissimus,
2444 1499 2520 1543 ex
2550 1478 2764 1543 verbis
2797 1478 3143 1540 amicorum
3174 1474 3291 1538 101)
3320 1493 3419 1537 05-

1928 1579 2132 1642 tendit
2198 1579 2586 1662 oppositum,
2646 1584 2837 1659 prout
2902 1574 3076 1638 infra
3130 1574 3415 1638 clarebit.

1929 1678 2074 1741 Ideo
2109 1697 2227 1760 pro
2260 1698 2431 1741 nunc
2460 1678 2609 1741 inde
2640 1685 3030 1760 pertranseo,

2010 1777 2481 1841 Adi-’ertendum
2504 1785 2715 1840 autem
2738 1793 2853 1857 pro
2876 1774 3202 1837 intellectu
3232 1771 3422 1835 dicto-

324 1884 412 1937 est
436 1875 712 1957 probare
737 1883 849 1938 aut
870 1876 1192 1939 declarare
1216 1876 1280 1939 id
1312 1876 1380 1939 in
1413 1896 1541 1958 quo
1571 1896 1718 1939 cum
1744 1894 1820 1939 eo
1857 1880 1904 1941 B
1931 1894 2095 1951 rum,
2121 1876 2292 1956 quod
2322 1876 2488 1937 sicut
2515 1875 2921 1938 beatissimus
2942 1871 3331 1953 Augustinus
3355 1870 3419 1931 in

325 1974 698 2047 concordat3
741 1974 855 2036 sed
885 1973 998 2036 illo
1031 1993 1148 2056 pro
1177 1994 1330 2038 vero
1365 1975 1718 2057 supposito,
1755 1974 1818 2036 id

325 2070 386 2131 in
417 2089 544 2151 quo
576 2072 660 2133 ab
699 2090 778 2135 eo
813 2071 1134 2134 dissentit.
1169 2071 1374 2145 Quum
1409 2089 1558 2151 ergo
1599 2091 1820 2135 omncs

325 2168 425 2229 isti
470 2178 698 2232 contra
743 2170 862 2233 101)
910 2170 1333 2252 disputanteS‚
1386 2171 1822 2233 concesserint

256 2304 270 2319 ·
323 2275 494 2330 actus
547 2266 887 2331 hominum
935 2268 1157 2333 divina
1210 2268 1616 2351 providentia
1661 2267 1817 2349 regi,

324 2364 590 2428 intentio
619 2366 738 2429 101)
770 2385 899 2430 000
929 2376 1026 2430 051
1064 2367 1132 2429 10
1172 2368 1518 2445 declarare,
1553 2368 1667 2430 sed
1706 2367 1821 2429 ali-

324 2465 468 2545 quid
489 2464 558 2527 10
585 2483 718 2545 000
743 2464 824 2527 ab
849 2466 942 2529 eis
967 2466 1624 2543 dissensit,videlicet,
1650 2466 1820 2547 quod

325 2580 444 2623 non
475 2562 570 2625 sic
605 2570 915 2643 reguntur
942 2582 981 2625 a
1012 2563 1136 2626 Deo
1168 2571 1236 2625 ut
1268 2563 1363 2625 illi
1397 2564 1728 2645 putabant.

395 2660 634 2724 Verum
665 2660 946 2743 objectio
977 2661 1099 2723 ista
1124 2661 1416 2744 procedit
1445 2670 1667 2724 contra
1687 2680 1822 2725 ver-

323 2758 416 2834 ba,
468 2778 602 2823 non
654 2767 876 2822 contra
923 2768 1204 2822 mentem
1256 2760 1532 2838 Thomae,
1585 2759 1698 2841 qui
1750 2760 1817 2821 in

325 2856 639 2939 principio
689 2858 1107 2941 expositionis
1159 2857 1352 2940 primi
1410 2857 1676 2939 capituli
1725 2857 1820 2920 di-

325 2954 404 3017 cit
436 2973 450 3017 t
483 2956 765 3018 Intentio
804 2964 937 3019 tota
972 2955 1123 3019 libri
1153 2956 1347 3039 hujus
1378 2956 1710 3020 ordinatur
1740 2957 1817 3018 ad

1930 1972 2112 2035 libris
2141 1974 2222 2035 00
2249 1972 2516 2036 Civitate
2546 1973 2677 2049 Dei,
2713 1971 3183 2055 sapientissime
3212 1969 3415 2043 docet,

1929 2072 2012 2134 ab
2041 2072 2297 2135 exordio
2326 2072 2575 2152 generis
2606 2071 2866 2134 humani
2900 2076 3230 2150 coeperunt
3267 2066 3421 2130 civi-

1932 2179 2024 2232 tas
2065 2170 2171 2233 Dei
2213 2170 2568 2252 civitasque
2605 2169 2866 2245 diaboli,
2914 2168 2977 2230 id
3020 2175 3115 2230 est
3162 2183 3421 2245 congre-

1928 2269 2098 2349 gatio
2139 2269 2471 2333 hominum
2512 2270 2825 2331 bonorum
2864 2275 2926 2329 et
2955 2266 3323 2339 electorum,
3358 2269 3421 2325 01

1930 2366 2223 2430 collectio
2281 2368 2625 2450 impiorum
2673 2375 2735 2429 01
2782 2364 3221 2448 reproborum.
3264 2361 3419 2425 Cain

1931 2485 2209 2547 namque
2237 2465 2697 2547 primogenitus
2737 2464 3273 2547 protoplastorum
3313 2478 3420 2542 pa-
3452 2488 3711 2540 Gemma,

1931 2572 2184 2626 rentum
2214 2566 2523 2646 reprobus
2552 2573 2615 2628 et
2645 2564 2944 2647 injustuS‚
2978 2560 3209 2625 occidit
3238 2560 3419 2622 inno-

1931 2672 2180 2726 centem
2227 2662 2431 2726 Abel:
2476 2682 2603 2744 000
2654 2662 2843 2739 10010,
2895 2660 3157 2724 recessit
3199 2678 3236 2719 a
3283 2656 3415 2718 suis

1932 2763 2327 2845 parentibuS,
2362 2773 2772 2845 moratusque
2799 2770 2895 2825 est
2933 2762 2999 2823 in
3029 2768 3207 2842 parte
3234 2767 3416 2821 terrae

1930 2862 2207 2925 distante
2233 2862 2317 2925 ab
2344 2862 2459 2939 eiS‚
2491 2862 2668 2944 juxta
2698 2862 2858 2924 illud
2886 2860 3167 2935 GenesiS,
3206 2858 3419 2937 Egres-
3478 2882 3596 2928 ma,
3630 2886 3693 2927 ιο,

1931 2980 2038 3023 505
2076 2961 2229 3024 Cain
2270 2981 2305 3022 a
2349 2960 2514 3024 facie
2552 2961 2824 3038 Domini,
2858 2958 3174 3022 habitavit
3200 2955 3419 3040 profu-

324 3054 786 3116 ostendendum
828 3054 1104 3135 qualiter
1143 3074 1242 3118 res
1283 3055 1579 3117 humanae
1608 3054 1822 3136 provi-
1857 3071 1901 3135 C
1929 3078 2046 3140 gus
2089 3060 2159 3122 in
2196 3068 2362 3123 terra
2404 3062 2484 3123 ad
2524 3061 2897 3124 orientalem
2937 3066 3178 3142 partem
3216 3057 3413 3118 Eden.

325 3152 530 3214 dentia
560 3152 788 3215 divina
819 3161 1139 3233 regantur.
1175 3153 1264 3215 Ex
1297 3172 1426 3235 quo
1467 3152 1820 3216 clarissime

323 3259 586 3327 constat,
618 3252 790 3332 quod
821 3252 1092 3314 Thomas
1125 3270 1253 3315 non
1287 3251 1492 3315 voluit
1520 3251 1822 3334 simplici-

327 3356 413 3411 ter
451 3349 673 3413 dicere
717 3349 1142 3413 intentionem
1187 3350 1466 3413 auctoris
1513 3369 1625 3413 seu
1669 3349 1818 3411 libri

325 3447 507 3529 hujus
554 3467 724 3525 esse,
781 3449 1118 3511 ostendere
1168 3449 1338 3530 quod
1399 3449 1677 3510 humana
1729 3467 1822 3511 re-

325 3554 544 3626 gantur
571 3565 618 3607 a
647 3547 794 3623 Deo,
825 3547 934 3608 sed
969 3546 1244 3626 qualiter
1273 3546 1709 3625 gubernentur
1740 3546 1819 3609 ab

325 3643 610 3707 00.Ποᾱο
639 3651 704 3707 01
735 3642 943 3706 forma
973 3644 1312 3707 verborum
1333 3645 1818 3725 Thomae,quam

326 3740 473 3804 alter
515 3742 880 3824 impugnat,
914 3740 1192 3805 faciliter
1235 3742 1670 3823 veraciterque
1701 3742 1821 3804 sal-

326 3847 500 3901 vatur
537 3860 550 3902 :
585 3841 899 3921 quoniam
939 3840 1232 3903 absolute
1271 3840 1616 3921 loquend0,
1651 3840 1819 3903 idem

327 3946 414 3999 051
459 3938 600 4021 ipsa
652 3958 753 4001 res
798 3948 860 4002 et
897 3939 1132 4003 veritas
1177 3938 1340 4021 ejuS,
1375 3938 1694 4020 loquendo
1741 3940 1820 4002 de

327 4038 584 4100 veritate
631 4046 878 4100 naturae
917 4055 932 4099 ε
978 4037 1072 4100 510
1116 4038 1288 4101 00110
1331 4057 1444 4100 005
1489 4046 1553 4100 01
1597 4055 1820 4102 verum

327 4143 804 4209 convertuntur,
848 4154 966 4198 000
1005 4154 1228 4200 verum
1277 4136 1410 4199 enti
1455 4136 1624 4199 reale
1664 4136 1818 4217 quid

1929 3159 2169 3223 Deinde
2194 3160 2393 3223 Adam
2412 3160 2635 3241 genuit
2654 3158 2802 3222 Seth
2832 3158 3103 3221 electum
3124 3177 3160 3219 a
3178 3156 3325 3231 000,
3352 3155 3417 3217 10
3460 3174 3707 3226 mma„

1931 3260 2116 3341 cujus
2146 3259 2515 3340 posteritate
2552 3260 2762 3321 cultus
2791 3259 2898 3321 Dei
2939 3257 3047 3319 diu
3088 3256 3413 3331 remansit,
3449 3243 3489 3283 ³·

1930 3377 2004 3419 00
2011 3358 2114 3437 jus
2145 3366 2207 3419 ct
2237 3357 2476 3439 posteri
2503 3377 2538 3418 a
2569 3357 2775 3439 primo
2805 3364 3066 3438 parente-
3089 3356 3153 3418 in
3182 3354 3419 3418 divinis

1930 3454 2138 3517 edocti
2168 3464 2338 3516 5001.
2370 3455 2521 3517 Cain
2552 3473 2703 3519 vero
2732 3463 2794 3517 et
2814 3454 3051 3536 posteri
3075 3455 3215 3535 ejus
3245 3453 3419 3516 vitiis

1931 3554 2363 3615 intenderunt.
2397 3553 2530 3615 Non
2564 3561 2771 3615 tamen
2804 3552 3099 3632 leguntur
3129 3551 3419 3615 homines

1929 3653 2007 3713 ad
2041 3650 2463 3714 idololatriam
2492 3660 2639 3713 ante
2671 3652 2985 3713 diluvium
3014 3650 3367 3713 declinasse
3400 3668 3414 3711 t

1931 3769 2006 3812 cx
2035 3769 2163 3831 quo
2193 3769 2589 3831 consequens
2620 3758 2735 3826 est,
2770 3750 2939 3831 quod
2986 3768 3183 3811 unum
3213 3750 3419 3811 solum

1931 3868 2152 3910 verum
2193 3868 2643 3930 summumque·
2672 3849 2868 3911 Deum
2907 3867 3045 3911 0550
3082 3855 3414 3911 noverunt.

1929 3946 2233 4009 Paulatim
2294 3956 2504 4009 tamen
2552 3946 2643 4009 sic
2692 3946 3088 4009 obtenebrati
3142 3964 3217 4007 ac
3265 3945 3415 4008 victi

1931 4052 2080 4106 sunt
2108 4045 2305 4121 vitiis,
2332 4046 2500 4125 quod
2540 4045 2747 4107 omnis
2788 4064 2932 4108 caro
2953 4044 3228 4106 humana
3250 4043 3415 4105 viam
3451 4060 3709 4109 masma.

1931 4164 2111 4207 suam
2150 4146 2475 4227 corrupit;
2518 4164 2634 4207 nec
2672 4145 2780 4207 Dei
2821 4142 3284 4225 providentiam
3320 4142 3419 4222 ju-

329 4234 714 4314 superaddit·
748 4232 952 4307 Quum
985 4234 1179 4313 igitur
1211 4235 1485 4297 Thomas
1518 4234 1693 4311 dicit,
1729 4234 1822 4295 In·
1852 4246 1901 4308 D
1932 4244 2301 4326 diciumquc
2331 4252 2778 4326 pensaverunt,
2814 4244 3105 4325 quamvis
3146 4242 3309 4305 forte
3347 4262 3419 4304 ea

333 4332 520 4395 tentio
549 4331 707 4394 libri
739 4340 858 4409 est,
893 4332 1227 4396 ostendere
1257 4334 1428 4413 quod
1461 4352 1559 4396 res
1600 4333 1822 4394 huma-

331 4447 420 4492 nae
465 4430 690 4495 divina
740 4430 1146 4512 providentia
1185 4430 1644 4511 gubernantur,
1688 4438 1824 4494 tan-

333 4534 454 4591 tum
499 4537 598 4592 est
641 4528 858 4592 dicere
901 4548 975 4591 ac
1014 4529 1068 4591 si
1109 4528 1279 4592 dieat
1313 4548 1326 4593 :
1361 4529 1632 4592 Intentio
1674 4529 1823 4591 libri

333 4636 438 4703 est,
454 4628 796 4691 ostendere
826 4628 998 4708 quod
1031 4645 1131 4689 res
1163 4627 1459 4690 humanae
1489 4628 1825 4709 providen-

333 4723 413 4809 tia
448 4726 666 4789 divina
709 4735 1037 4806 reguntur,
1075 4727 1428 4789 secundum
1459 4728 1628 4807 quod
1663 4726 1826 4789 veri-

333 4830 418 4885 tas
449 4825 588 4907 ipsa
616 4846 686 4889 se
719 4825 934 4896 habet,
971 4844 1098 4887 non
1130 4843 1206 4888 eo
1237 4825 1428 4887 modo
1461 4844 1590 4907 quo
1620 4824 1821 4907 aliqui

333 4924 591 4986 errando
623 4923 958 5005 putabant.

415 5022 742 5100 Praeterea‚
798 5022 1103 5105 prael'atus
1167 5022 1234 5085 in
1283 5030 1660 5103 argumento
1707 5041 1824 5086 suo

333 5118 564 5202 aliquid
599 5122 806 5203 ponit,
833 5122 1002 5203 quod
1035 5121 1522 5203 inquisitionem
1554 5120 1824 5202 requirit

333 5220 650 5301 majorem.
697 5220 1026 5302 Siquidem
1073 5222 1182 5297 ait,
1225 5222 1400 5302 quod
1447 5220 1594 5283 11001
1633 5221 1820 5284 amici

332 5316 438 5381 101)
479 5320 770 5383 dicerent
817 5327 998 5382 actus
1041 5319 1376 5382 hominum
1422 5318 1825 5402 providentia

1931 4362 2057 4405 non
2090 4351 2517 4423 negaverunt:
2552 4342 2717 4404 sicut
2751 4351 2815 4404 01
2840 4343 3027 4405 modo
3058 4341 3239 4403 multi
3272 4348 3421 4401 sunt

1931 4441 2273 4503 Christiani
2306 4449 2431 4503 tam
2462 4440 2751 4504 excaecati
2778 4449 2840 4503 et
2860 4441 3087 4504 vitiose
3108 4440 3415 4517 viventeS,

1932 4540 2113 4622 quasi
2147 4559 2261 4602 000
2293 4540 2691 4621 providentia
2713 4540 2845 4615 Dei,
2872 4560 2988 4603 nec
3019 4540 3305 4602 futurum
3328 4560 3423 4603 es-

1932 4648 2028 4701 set
2046 4638 2383 4719 judicium,
2411 4638 2703 4719 quamvis
2727 4638 2859 4701 fide
2880 4637 3140 4702 informi
3163 4640 3423 4702 credant

1933 4736 2326 4817 hujusmodi.
2359 4737 2504 4799 Post
2532 4736 2847 4799 diluvium
2876 4756 3025 4799 vero
3054 4738 3131 4799 ad
3164 4737 3423 4800 idolola—

1934 4834 2120 4896 triam
2160 4844 2309 4897 sunt
2347 4835 2651 4918 prolapsi,
2686 4844 2749 4898 et
2780 4836 3031 4897 tandem
3072 4836 3136 4898 in
3178 4844 3421 4897 tantum

1933 4934 2226 4997 excaecati
2275 4944 2421 4996 sunt
2462 4934 2681 5010 multi,
2707 4942 2777 4996 ut
2820 4934 2921 4997 vel
2974 4952 3170 4995 unum
3201 4952 3421 4996 verum

1932 5052 2253 5094 summum
2285 5033 2481 5095 Deum
2521 5052 2659 5095 esse
2698 5051 2825 5094 non
2864 5031 3101 5095 scirent
3138 5051 3254 5094 nec
3291 5051 3424 5094 cre·

1931 5131 2195 5209 derent3
2229 5131 2327 5193 vel
2376 5131 2429 5191 si
2472 5131 2591 5203 hoc
2630 5130 2868 5191 scirent
2912 5138 3023 5191 aut
3069 5131 3417 5205 crederent,

1935 5236 2144 5290 tamen
2176 5228 2457 5292 divinam
2503 5227 2965 5309 providentiam
3012 5228 3417 5307 denegarent.

1933 5327 2056 5389 Nec
2084 5326 2315 5407 vulgus
2345 5326 2671 5389 dumtaxat
2700 5335 2763 5389 01
2793 5324 3054 5403 1000011,
3079 5326 3189 5389 500
3218 5333 3281 5389 01
3309 5326 3421 5407 001
