4309 6259
588 1070 655 1116 26.

616 1203 696 1246 Pe.
711 1216 792 1253 cxi,
810 1204 849 1246 7.

878 505 998 567 518

1697 520 2044 567 ENARRATIO
2085 522 2148 565 IN
2190 522 2327 567 CAP.
2375 520 2456 567 XV
2496 522 2621 567 1οΒ.
2667 540 2749 551 —
2789 522 2931 567 ΛΒΤ.
2978 522 3145 569 XXXV

882 699 1116 774 quente
1141 716 1156 767 3
1185 693 1394 773 justus
1424 699 1633 752 autem
1663 690 1845 771 quasi
1877 690 1976 753 leo
2005 689 2365 767 confidenS,
2400 690 2447 751 Α
2478 688 2653 767 Osee,
2697 692 2991 754 Extendit
3030 712 3288 754 manum
3330 712 3509 755 suam
3550 712 3693 755 cum
3742 691 3963 755 illuso-
3990 710 4215 761 Omma

880 791 1122 872 absque
1155 799 1390 853 terrore
1429 789 1570 852 erit.
1613 788 1941 869 Siquidem
1970 788 2367 853 conversatio

881 890 1164 952 virtuosa
1221 889 1387 971 parit
1436 887 1762 963 fiduciam,
1815 897 1879 949 61
1927 887 2367 949 fortitudinem

841 1032 854 1053 .
881 988 1110 1051 tribuit
1136 988 1334 1051 cordi.
1355 988 1496 1049 ldeo
1526 986 1818 1049 Salomon
1851 994 2236 1068 protestatur
2262 1004 2275 1047 z
2301 986 2367 1048 In

886 1088 1110 1151 timore
1147 1086 1395 1149 Domini
1442 1084 1684 1149 fiducia
1727 1084 2144 1147 fortitudinis.
2180 1085 2256 1146 Et
2292 1085 2369 1147 (16

878 1188 1050 1268 justo
1083 1186 1350 1267 loquens
1380 1185 1708 1246 Psalmista
1743 1202 1758 1246 ε
1793 1183 1887 1245 Α1)
1913 1183 2262 1260 auditione,
2283 1184 2372 1246 in·

884 1286 1047 1367 quit,
1081 1284 1248 1346 mala
1288 1302 1414 1346 non
1456 1282 1730 1345 timebit.
1761 1283 2053 1344 Paratum
2090 1301 2201 1345 cor
2231 1284 2369 1364 ejus

882 1401 1136 1466 sperare
1177 1382 1243 1444 in
1274 1382 1562 1445 Domino.
1597 1382 1756 1445 Hinc
1796 1381 1951 1443 dicit
1978 1380 2316 1461 Gregorius
2352 1398 2365 1442 :

880 1482 978 1545 Nil
1011 1480 1288 1563 simplici
1321 1481 1509 1543 corde
1537 1478 1788 1542 felicius
1815 1497 1828 1541 :
1854 1480 2008 1561 quia
2036 1497 2165 1560 quo
2196 1480 2371 1542 inno—

881 1580 1156 1643 centiam
1189 1597 1336 1658 erga
1366 1578 1526 1640 alios
1559 1578 1836 1655 exhibet,
1872 1578 2033 1640 nihil
2073 1588 2171 1640 est
2200 1579 2370 1659 quod

877 1679 959 1741 ab
987 1678 1132 1739 aliis
1162 1677 1292 1759 pati
1318 1676 1635 1739 formidet.
1670 1676 1747 1738 At
1773 1686 1993 1739 contra
2021 1696 2201 1739 meus
2233 1695 2371 1759 pra·

879 1797 958 1841 va
986 1795 1236 1858 semper
1275 1776 1340 1837 in
1383 1774 1709 1837 laboribus
1739 1784 1834 1837 est
1869 1793 1882 1836 ε
1917 1774 2068 1856 quia
2099 1784 2210 1837 aut
2237 1793 2369 1837 mo-

2480 788 2677 851 ribuS.
2722 794 2802 851 Ec
2830 801 3055 851 contra
3100 793 3601 868 Omnipotentem
3632 795 3963 853 roboratus

2476 898 2591 957 est,
2630 888 2693 951 id
2732 897 2849 965 est,
2888 889 3169 970 potentia
3208 889 3330 952 sibi
3375 890 3518 951 data
3556 890 3790 952 abusus
3836 898 3959 964 est,

2476 985 2555 1047 ad
2598 985 2821 1049 illicita
2855 995 3039 1048 utens
3080 1006 3174 1063 ea,
3208 995 3401 1068 atque
3442 988 3523 1049 ad
3570 988 3961 1069 operandum

2480 1084 2697 1165 iniqua
2760 1104 2828 1147 se
2876 1085 3069 1146 variis
3116 1085 3321 1148 modis
3369 1086 3658 1162 armavit,
3708 1086 3958 1163 fraude,

2482 1181 2675 1259 ferro,
2709 1183 2983 1259 insidiis,
3018 1183 3396 1260 auxiliariiS‚
3430 1184 3835 1247 consiliariis.

2562 1284 2889 1353 Cucurrit,
2923 1282 2987 1344 id
3016 1292 3133 1359 est,
3156 1284 3235 1345 ad
3268 1283 3625 1365 impietates
3654 1283 3965 1365 processit

2478 1400 2623 1443 cum
2665 1379 2916 1443 fervore
2955 1382 3280 1463 peccandi,
3315 1388 3378 1444 et
3424 1382 3563 1443 sine
3606 1381 3961 1457 obstaculo,

2477 1483 2784 1540 adversus
2818 1500 2992 1549 eum,
3025 1480 3084 1542 id
3136 1489 3231 1542 est
3268 1488 3487 1543 contra
3526 1480 3633 1542 Dei
3682 1480 3969 1563 prohibi-

2478 1577 2738 1654 tionem,
2771 1591 2970 1640 erecto
2998 1583 3156 1640 eollo
3186 1598 3261 1641 ex
3293 1578 3579 1642 interiori
3612 1598 3843 1661 pompa
3875 1580 3969 1641 in-

2480 1674 2659 1754 flato,
2682 1688 2741 1737 et
2762 1680 3008 1754 pinym‘
3034 1681 3276 1738 cervice
3300 1689 3593 1738 armatus
3619 1689 3732 1749 esc,
3756 1677 3817 1740 id
3846 1688 3961 1753 est,

2478 1775 2811 1857 crapulose
2848 1795 2917 1837 se
2954 1775 3199 1851 habuit,
3234 1784 3296 1838 61
3336 1776 3707 1839 carnalitate
3742 1786 3965 1839 contra

879 1875 1033 1937 litur
1065 1874 1230 1936 mala
1260 1891 1401 1954 quta
1432 1872 1685 1949 inferat,
1719 1882 1831 1935 aut
1869 1874 2094 1935 metuit
2124 1891 2207 1935 ne
2233 1873 2368 1936 haec
2403 1875 2450 1936 B
2476 1874 2784 1954 justitiam
2838 1892 2905 1936 se
2950 1874 3246 1936 munivit.
3277 1874 3597 1956 Pinguedo
3632 1884 3845 1937 autem
3886 1896 3964 1938 ex

880 1973 1001 2036 sibi
1052 1971 1135 2035 ab
1178 1971 1321 2033 aliis
1364 1969 1763 2045 inferantur3
1814 1981 1877 2033 et
1917 1971 2068 2052 quia
2117 1990 2367 2052 semper

875 2073 1006 2153 agit
1032 2072 1271 2147 dolose,
1303 2077 1520 2134 contra
1552 2089 1620 2131 se
1647 2070 1750 2149 agi
1779 2070 2004 2132 metuit
2035 2070 2361 2133 insidiose.

958 2174 1106 2235 Non
1143 2173 1347 2231 credit
1380 2174 1550 2250 quod
1585 2173 1822 2230 reverti
1851 2174 2052 2247 possit
2089 2174 2169 2229 de
2207 2181 2367 2231 tene-

877 2272 1008 2331 bris
1035 2273 1122 2329 ad
1153 2274 1382 2339 lucem,
1412 2269 1474 2331 id
1504 2278 1600 2331 est
1638 2271 1715 2332 de
1753 2268 2242 2331 adversitatibus
2275 2278 2367 2331 at-

875 2388 1002 2450 que
1022 2367 1324 2449 periculis
1345 2368 1423 2429 ad
1445 2369 1850 2431 securitatem
1871 2376 1934 2429 et
1955 2387 2197 2448 pacem,
2215 2368 2365 2449 quia

875 2468 954 2529 de
1004 2466 1243 2528 nullius
1287 2484 1408 2548 ope
1453 2474 1515 2529 et
1554 2465 1867 2528 fidelitate
1904 2464 2197 2543 confidit,
2242 2470 2368 2527 cir-

874 2574 1308 2642 cumspectans
1346 2567 1638 2644 undique
1668 2568 1998 2641 qladium,
2033 2564 2096 2626 id
2147 2573 2243 2626 cst
2288 2583 2365 2627 ex

874 2662 1047 2727 omni
1086 2671 1266 2744 parte
1307 2662 1638 2743 suspicans
1679 2661 1802 2724 sibi
1843 2662 2122 2741 gladium
2164 2663 2366 2726 immi-

875 2779 1024 2823 nere
1062 2760 1359 2823 hostilem
1394 2778 1407 2821 :
1443 2759 1858 2839 intelligendo
1900 2779 2013 2843 per
2051 2762 2357 2841 gladium,

873 2877 1062 2923 omne
1101 2858 1304 2941 praelii
1347 2858 1860 2935 instrumentum,
1896 2851 2062 2922 sicut
2103 2879 2216 2942 per
2256 2880 2364 2941 pa-

875 2977 1022 3021 nem
1055 2956 1434 3037 intelligitur
1473 2957 1745 3038 quilibet
1771 2957 1975 3020 cibus,
2007 2958 2185 3021 Unde
2216 2960 2364 3022 sub-

2474 1971 2863 2034 abundantia
2896 1973 3233 2035 humorum
3264 1983 3579 2036 causatur.
3615 1973 3793 2037 Tales
3824 1975 3965 2055 qui-

2476 2072 2619 2133 dam
2655 2069 2855 2133 fuisse
2888 2072 2952 2132 in
2984 2070 3327 2153 Scripturis
3357 2071 3676 2153 leguntur,
3710 2081 3779 2133 ut
3804 2073 3964 2134 Pha-

2476 2188 2605 2246 rao,
2643 2169 2753 2250 qui
2796 2168 2886 2231 ait
2925 2170 2991 2231 in
3024 2169 3235 2233 Exodo
3270 2188 3284 2231 :
3316 2168 3465 2243 Quis
3504 2180 3599 2233 est
3626 2170 3959 2247 DominuS,
3992 2195 4225 2240 amate.

2476 2277 2544 2330 ut
2592 2268 2907 2330 dimittam
2956 2267 3188 2331 lsrael?
3220 2268 3441 2331 Nescio
3486 2268 3847 2345 Dominum,
3900 2280 3965 2332 et

2472 2366 2661 2429 lsrael
2707 2385 2833 2428 non
2870 2366 3209 2429 dimittam.
3244 2366 3673 2430 Sennacherib
3702 2388 3965 2450 quoque

2476 2483 2583 2527 rex
2611 2464 3034 2547 Assyriorum,
3071 2465 3183 2545 qui
3220 2466 3317 2545 (ut
3357 2465 3423 2526 in
3466 2474 3693 2546 quarto
3720 2466 3963 2546 Regum

2474 2562 2637 2626 libro
2684 2572 2745 2625 et
2794 2564 2859 2624 in
2899 2563 3053 2626 Isaia
3103 2564 3359 2644 legitur)
3396 2564 3651 2646 scripsit
3686 2565 3765 2626 ad
3812 2565 3967 2628 Eze—

2470 2660 2729 2722 chiam:
2766 2660 2899 2721 Non
2951 2667 3010 2721 te
3056 2659 3331 2741 decipiat
3378 2660 3539 2722 Deus
3591 2670 3757 2737 111113,
3806 2662 3963 2743 quia
4044 2684 4213 2736 lvfleq.

2472 2777 2597 2820 non
2628 2759 2863 2839 poterit
2894 2766 2955 2821 te
2986 2756 3255 2820 liberare
3281 2759 3360 2820 de
3388 2778 3580 2820 manu
3609 2759 3749 2823 1166.
3786 2760 3969 2822 Deni-
3992 2753 4160 2861 ‘'m‘'ff·
4176 2750 4223 2853 (ζ

2472 2876 2597 2937 que
2648 2858 2865 2920 Daniel
2916 2857 3201 2938 loquitur
3252 2856 3571 2919 Balthasar
3618 2858 3797 2939 regi:
3838 2861 3965 2922 Ad-
3996 2880 4057 2918 n.

2471 2974 2691 3017 versus
2738 2956 3209 3018 Dominatorem
3256 2956 3401 3019 coeli
3448 2956 3733 3019 elevatus
3772 2976 3862 3034 63,
3898 2968 3967 3021 et
3994 2940 4225 2983 &⁸⁸³²

873 3055 1163 3136 jungitur
1185 3072 1196 3115 :
1220 3058 1429 3123 Quum
1449 3076 1514 3115 se
1543 3057 1809 3117 moverit
1837 3060 1924 3116 ad
1943 3061 2363 3137 quaerendum
2397 3057 2440 3120 C
2472 3054 2665 3116 Deum
2701 3055 2812 3135 qui
2836 3054 3025 3117 habet
3057 3054 3283 3117 flatum
3305 3062 3483 3117 tuum
3518 3054 3583 3116 in
3606 3074 3795 3117 manu
3818 3076 3961 3130 sua,

865 3174 1128 3232 panem,
1163 3152 1227 3216 id
1259 3160 1375 3229 est,
1409 3152 1625 3216 cibum
1657 3173 1906 3217 sumere
1933 3155 2227 3231 voluerit,
2261 3176 2363 3215 no-

875 3254 968 3312 vit
997 3255 1169 3331 quod
1190 3262 1465 3328 paratus
1483 3254 1566 3311 sit
1595 3254 1668 3311 in
1697 3273 1900 3313 manu
1918 3255 2058 3329 ejus
2089 3256 2365 3313 tenebra-

875 3372 1026 3411 rum
1054 3352 1215 3419 die-3,
1245 3350 1309 3413 id
1341 3359 1436 3412 est
1464 3350 1622 3412 hora
1657 3350 1902 3427 mortiS,
1938 3351 2089 3432 quia
2119 3361 2182 3414 et
2211 3360 2363 3415 tunc

875 3448 1102 3511 metuit
1141 3448 1323 3511 infici
1370 3457 1435 3511 61
1478 3468 1726 3512 veneno
1763 3457 1871 3510 aut
1911 3449 2128 3531 aliquo
2175 3453 2362 3515 modo

876 3548 1105 3629 perire,
1141 3549 1490 3610 secundum
1512 3548 1682 3629 quod
1715 3547 1894 3610 novit
1921 3566 1988 3611 36
2018 3549 2357 3611 meruisse:

876 3648 1044 3708 unde
1074 3665 1192 3710 nec
1225 3646 1289 3707 111
1319 3645 1684 3709 domesticis
1723 3646 1853 3708 suis
1882 3646 2175 3710 confidit.
2220 3654 2363 3710 Ter-

873 3748 1040 3806 rebit
1095 3766 1242 3806 eum
1293 3748 1655 3814 tribulacio,
1701 3764 1895 3826 quam
1941 3746 2365 3828 apprehendit

875 3842 997 3906 sibi
1030 3843 1266 3907 instare
1291 3862 1307 3922 3
1337 3854 1397 3905 ec
1435 3845 1764 3920 anqustia,
1798 3843 1862 3904 id
1899 3852 1996 3905 est
2029 3844 2218 3907 timor
2256 3864 2364 3908 cor

875 3961 1192 4024 premens,
1229 3944 1498 4003 vallabit
1524 3962 1695 4013 eum,
1717 3941 1780 4004 id
1800 3950 1917 4019 est,
1942 3942 2365 4007 circumdabit

876 4041 1073 4119 intus,
1094 4044 1261 4102 sicut
1289 4061 1496 4118 reyem
1529 4043 2075 4120 quipraeparatur
2093 4046 2182 4102 ad
2199 4064 2365 4120 prar-

877 4143 1043 4202 lium
1075 4139 1272 4204 vallat
1307 4138 1619 4201 exercitus
1648 4138 1747 4201 vel
1780 4139 2010 4221 premit
2045 4140 2359 4220 angustia.

2474 3172 2601 3216 non
2632 3152 3033 3233 glorificasti.
3069 3153 3187 3215 Sed
3218 3162 3283 3215 et.
3312 3154 3591 3216 secundo
3622 3153 3967 3217 Machabae-

2473 3270 2655 3315 orum
2710 3250 2913 3314 fertur
2947 3271 2960 3313 :
2996 3252 3267 3315 Nicanor
3308 3253 3654 3315 extendens
3700 3272 3964 3315 manum
4046 3280 4077 3322 11
4096 3280 4227 3321 itaci.

2474 3351 2551 3413 ad
2585 3352 2914 3435 templum,
2946 3352 3185 3432 juravit
3212 3369 3228 3412 ε
3260 3351 3388 3412 Ν131
3419 3351 3640 3413 Judam
3672 3352 3961 3415 vinctum
3990 3344 4215 3391 ‘'¹⁸³²·²'³·

2474 3449 2635 3511 mihi
2670 3449 3074 3525 tradideritiS,
3112 3450 3277 3511 istud
3310 3450 3418 3511 Dei
3465 3449 3685 3512 fanum
3731 3450 3795 3512 in
3823 3452 3965 3533 pla-

2476 3547 2697 3610 nitiem
2740 3549 3069 3611 deducam.
3108 3548 3183 3609 Et
3222 3548 3511 3629 sequenti
3550 3548 3639 3610 ibi
3679 3548 3963 3631 capitulo

2476 3646 2909 3727 interrogavit,
2966 3647 3019 3709 si
3066 3656 3161 3709 est
3216 3655 3440 3728 potens
3488 3647 3555 3708 in
3612 3647 3794 3724 coe10,
3844 3648 3963 3728 qui
4008 3674 4107 3715 ma
4128 3674 4219 3714 122³-

2474 3746 2664 3826 jussit
2692 3746 2793 3826 agi
2823 3746 2992 3808 diem
3024 3745 3453 3809 sabbatorum.
3474 3746 3549 3807 Et
3580 3749 3968 3828 responden·
3992 3740 4033 3779 ⁵·

2478 3845 2647 3907 tibus
2683 3845 2939 3917 Iudaeis,
2972 3844 3103 3919 Est,
3148 3843 3255 3907 ille
3292 3843 3383 3906 ait
3418 3862 3432 3906 ε
3466 3845 3542 3906 Ε1
3580 3862 3697 3925 ego
3733 3854 3964 3927 potens

2475 3964 2615 4005 sum
2646 3963 2837 4024 super
2868 3952 3122 4019 terram,
3146 3944 3259 4025 qui
3292 3944 3534 4026 impero
3562 3945 3728 4006 sumi
3756 3964 3960 4007 arma.

2474 4042 2635 4105 Ecce
2662 4043 2981 4124 quomodo
3012 4050 3287 4104 mentem
3330 4052 3600 4105 excaecat
3636 4043 3959 4125 superbia.

2556 4143 2849 4219 Operuit,
2899 4141 2961 4203 id
3011 4150 3128 4218 est,
3176 4140 3407 4203 vitiosa
3458 4140 3730 4221 caligine
3779 4141 3958 4217 texit,

875 4239 1028 4302 Nam
1069 4238 1296 4301 metuit
1333 4237 1680 4319 plurimum
1721 4256 1802 4299 116
1841 4237 2154 4315 vincatur,
2186 4248 2295 4301 aut
2327 4258 2363 4300 a
2397 4242 2447 4304 D
2473 4242 2711 4317 faciem
2758 4240 2920 4315 eju-5,
2972 4239 3037 4300 id
3084 4247 3179 4301 est
3236 4239 3489 4301 oculum
3554 4238 3782 4302 mentis
3842 4259 3961 4301 seu

878 4336 1012 4398 suis
1043 4335 1545 4418 derelinquatur,
1579 4354 1690 4398 seu
1722 4336 2010 4418 proditus
2040 4336 2365 4399 occidatur

875 4434 957 4496 ab
989 4434 1302 4497 hostibus,

956 4534 1024 4595 In
1065 4532 1363 4595 omnibus
1407 4532 1506 4593 his
1543 4540 1736 4613 atque
1778 4532 2193 4613 sequentibus
2238 4534 2364 4595 Eli-

873 4630 1034 4713 phaz
1073 4638 1269 4707 notat,
1305 4630 1505 4710 tangit
1549 4638 1610 4693 et
1653 4630 1878 4711 pungit
1925 4631 2182 4693 beatum
2219 4631 2356 4709 Iob,

873 4728 1042 4812 quod
1075 4728 1319 4792 scilicet
1349 4729 1435 4791 ita
1468 4729 1734 4813 pavidus
1769 4728 1892 4790 fuit
1911 4748 1986 4791 ex
2017 4730 2183 4791 mala
2213 4748 2361 4792 con-

870 4829 1138 4893 scientia
1165 4836 1228 4891 et
1268 4828 1662 4912 praecedente
1697 4827 1994 4911 superbia
2023 4836 2219 4909 atque
2249 4848 2361 4893 361-

866 4928 1043 5003 vitia,
1099 4927 1370 5007 ideoque
1425 4925 1854 5007 desperaverit
1902 4926 1982 4988 de
2028 4945 2181 4988 61116
2229 4946 2359 4991 suae

866 5024 1318 5109 percussioniS,
1352 5032 1414 5087 et
1443 5024 1838 5104 angustiatus
1869 5024 1954 5085 sit
1985 5025 2290 5107 undique.

953 5127 1240 5187 Telendic
1277 5126 1452 5183 enim
1494 5127 1800 5184 adversus
1842 5126 2050 5184 Deum
2089 5145 2357 5185 manum

864 5244 1076 5294 suam,
1107 5222 1168 5285 id
1212 5230 1328 5298 est,
1373 5230 1550 5284 actus
1601 5239 1750 5283 suos
1788 5220 2078 5284 exhihuit
2122 5220 2356 5283 divinae

867 5320 992 5399 legi
1037 5329 1100 5383 et
1145 5320 1457 5383 voluntati
1503 5319 1854 5383 contrarios
1903 5337 1916 5382 ε
1968 5319 2146 5403 juxta
2196 5319 2353 5382 illud

2473 4338 2967 4401 intellectualem
3017 4336 3329 4413 notitiam,
3372 4338 3723 4415 pinguedo,
3757 4338 3819 4399 id
3858 4348 3963 4400 est

2473 4436 2811 4499 carnalitas
2850 4445 2913 4499 et
2950 4436 3275 4518 opulentia
3324 4454 3532 4498 rerum
3574 4454 3587 4496 :
3632 4454 3773 4517 quae
3808 4454 3963 4499 con-

2472 4534 2920 4598 siderationem
2965 4534 3197 4596 mentis
3246 4532 3645 4609 obnubilant,
3694 4542 3754 4596 et
3795 4534 3963 4596 divi-

2472 4652 2616 4695 nam
2641 4632 3173 4695 illuminationem
3208 4630 3579 4713 impediunt,
3591 4632 3767 4712 juxta
3796 4632 3959 4694 iliud

2470 4732 2642 4794 Isaiae
2676 4749 2689 4793 ε
2722 4732 2917 4806 Quem
2958 4730 3211 4794 docebit
3250 4730 3551 4792 Dominus
3590 4730 3960 4793 scientiam?
4022 4764 4084 4807 1,,
4104 4776 4219 4805 mm,

2470 4839 2531 4893 et
2569 4850 2759 4912 quem
2796 4829 3150 4909 intelligere
3194 4828 3382 4891 faciet
3418 4828 3739 4890 auditum?
3771 4828 3961 4892 Abla-
3987 4831 4028 4869 ⁹·

2468 4938 2667 4991 ctatos
2706 4948 2743 4989 a
2785 4928 2969 5003 lacte,
3014 4926 3269 4990 avulsos
3307 4927 3386 4990 ab
3437 4926 3652 4991 ubere.
3688 4930 3773 4989 Ει
3798 4949 3837 4987 a
3870 4931 3960 4989 la—

2470 5030 2704 5088 teribus
2736 5028 2876 5104 ejus
2916 5028 3154 5087 arvina
3190 5029 3526 5103 dependet,
3564 5024 3624 5087 id
3668 5033 3782 5101 est,
3824 5027 3959 5088 col-

2468 5125 2831 5187 lateralibus
2870 5124 3009 5205 ejus
3054 5123 3284 5185 similis
3322 5122 3656 5186 carnalitas
3698 5142 3771 5185 ex
3814 5124 3955 5205 ipso

2466 5224 2763 5287 adhaeret..
2836 5222 3219 5303 Frequenter
3286 5221 3473 5284 etiam
3537 5222 3952 5304 corporaliter

2466 5322 2557 5384 sic
2584 5320 2916 5403 contingit,
2943 5320 3117 5402 quod
3150 5318 3344 5382 facies
3376 5317 3688 5401 principis
3729 5338 3952 5403 super-
