4309 6259
594 2579 755 2622 Thren.
772 2594 827 2628 m,

564 2645 631 2684 ⁴0.

567 2775 677 2818 Osee
690 2778 827 2823 xum-2.

567 3069 693 3113 Pron.
708 3075 805 3122 xva!
819 3105 828 3114 .

625 3169 736 3212 ibid.
766 3174 805 3213 9.

616 4245 757 4290 Hebr.
776 4262 830 4298 iv,

570 4311 633 4350 ¹6.

567 4443 832 4495 Pa.xxxiu,6.

574 4639 834 4684 Ecclimdi.

617 4839 711 4880 Jer.
736 4851 833 4888 xxx,

570 4903 637 4942 21.

851 503 971 566 668

1640 519 1987 570 manuario
2029 524 2089 568 IN
2132 523 2270 569 cAP.
2315 523 2507 569 XXXIV
2546 523 2671 568 1013.
2716 542 2796 553 —
2838 523 2981 569 ΛΒΤ.
3028 523 3148 570 LXII

851 691 965 752 Per
1013 711 1080 754 se
1128 695 1435 756 mundum
1492 694 1674 774 regit,
1729 695 1840 775 qui
1890 713 2003 776 per
2052 713 2119 756 se
2169 694 2341 756 hunc
2371 693 2751 775 Adisponit‚
2787 694 3177 774 poenitendo,
3213 694 3474 768 orando,
3515 691 3920 773 adspirando,

852 789 1155 852 condidit.
1190 791 1365 853 Unde
1396 791 1535 854 Eliu
1562 793 1759 855 verba
1797 793 1917 853 ista
1958 792 2230 866 induxit,
2259 793 2339 854 ad

854 889 1417 951 demonstrandum
1450 890 1623 970 quod
1654 891 1930 951 mundus
1971 889 2134 951 bene
2177 908 2341 969 rega-

855 994 977 1056 tur,
1017 1005 1133 1048 nec
1180 995 1359 1048 actus
1407 987 1737 1050 hominum
1786 987 2023 1068 injuste
2066 989 2339 1069 desuper

846 1083 1213 1163 judicentur
1246 1103 1258 1146 ε
1296 1085 1445 1165 quia
1486 1087 1889 1168 omnipotens
1920 1086 2103 1162 DeuS,
2139 1086 2191 1146 si
2227 1105 2339 1167 per

848 1201 915 1242 se
962 1181 1171 1263 ipsum
1220 1201 1435 1262 regere
1478 1203 1605 1246 non
1650 1184 1918 1263 negligit
1958 1185 2128 1264 quod
2171 1203 2339 1245 crea-

849 1280 962 1354 vit,
996 1282 1165 1360 quod
1205 1281 1369 1343 bene
1408 1282 1645 1344 creavit
1681 1283 1903 1363 utique.
1938 1283 2101 1344 bene
2133 1282 2332 1362 regit3

849 1386 907 1438 et
937 1379 1047 1459 qui
1084 1380 1353 1442 necdum
1378 1379 1541 1442 sacta
1574 1381 1813 1443 creavit
1844 1390 1909 1442 ut
1942 1389 2336 1460 essent,qua=

847 1477 975 1556 jam
1020 1476 1172 1538 fecit.
1213 1497 1339 1540 non
1380 1479 1635 1540 deserit.
1679 1478 1838 1540 Hinc
1883 1498 2009 1542 non
2060 1479 2210 1541 licet
2258 1481 2336 1542 ad

850 1575 1045 1636 alium
1084 1576 1429 1657 appellare,
1466 1584 1531 1637 ut
1561 1595 1756 1658 quum
1784 1578 1943 1639 Deus
1978 1578 2059 1638 sit
2090 1596 2339 1640 mensu-

852 1693 919 1734 ra
950 1681 1009 1734 et
1043 1674 1257 1752 regula
1299 1674 1612 1736 universae
1652 1675 1967 1755 aequitatis
2008 1695 2080 1738 ac
2110 1676 2338 1737 verita-

852 1771 955 1845 tis,
992 1791 1068 1834 eo
1099 1771 1237 1853 ipso
1269 1791 1394 1852 quo
1430 1772 1564 1853 ipse
1592 1773 1836 1854 aliquid
1867 1773 2018 1853 agit,
2051 1774 2340 1855 sequitur

2449 807 2558 850 seu
2579 790 2724 852 aliis
2755 790 3056 854 virtuosis
3076 791 3394 854 exercitiis
3425 809 3494 853 se
3517 788 3834 872 parand03
3855 806 3930 850 eo

2447 887 2612 949 Deus
2655 908 2800 950 cum
2844 889 3184 967 gratiosius
3222 887 3778 967 abundantiusque
3819 885 3928 947 im-

2449 985 2670 1067 plebit,
2705 986 3073 1064 illustrabit,
3107 988 3430 1050 accendet.

2529 1087 2794 1161 Deficiet
2839 1088 3050 1146 omnis
3093 1107 3244 1145 caro
3289 1088 3511 1157 simul,
3545 1085 3606 1146 id
3655 1091 3774 1157 est,
3810 1083 3930 1144 Deo

2447 1183 2738 1264 spiritum
2783 1183 3061 1245 hominis
3093 1185 3171 1246 ad
3200 1203 3268 1246 se
3299 1184 3608 1258 trahente,
3639 1200 3788 1243 caro
3828 1181 3930 1242 de-

2449 1281 2646 1357 ficiet,
2667 1291 2730 1342 et
2754 1283 2962 1344 omnis
2991 1283 3262 1344 carnalis
3292 1280 3555 1344 affectio
3583 1280 3932 1358 exstingue-

2448 1387 2567 1452 tur,
2586 1380 3042 1461 corporaleque
3073 1379 3264 1442 robur
3283 1378 3737 1454 debilitabitur,
3757 1379 3930 1457 juxta

2449 1477 2604 1539 illud
2647 1478 2711 1540 in
2751 1479 2996 1541 Psalmo
3034 1497 3046 1539 :
3080 1478 3323 1542 Defecit
3363 1497 3510 1541 caro
3549 1496 3692 1539 mea
3727 1485 3793 1538 et
3827 1495 3934 1538 cor

2449 1595 2681 1653 meum,
2717 1577 2877 1638 Deus
2909 1577 3117 1640 cordis
3157 1578 3304 1638 mei.
3339 1576 3470 1651 Quo
3509 1577 3680 1639 enim
3719 1574 3932 1636 anima
3959 1591 3980 1602 ·

2448 1674 2512 1734 in
2537 1675 2752 1737 divina
2782 1675 2928 1756 plus
2959 1675 3444 1737 transformatur
3463 1673 3833 1755 ae‘rapitur,
3859 1691 3932 1734 eo

2447 1791 2592 1855 pars
2643 1774 2948 1835 sensitiva
2997 1782 3056 1835 et
3107 1792 3340 1854 corpus
3391 1774 3454 1834 in
3505 1773 3637 1833 suis
3685 1771 3932 1833 actibus

852 1871 1020 1950 quod
1065 1870 1149 1931 sit
1196 1879 1435 1932 rectum
1477 1880 1537 1933 et
1578 1872 1839 1946 bonum,
1872 1873 2111 1952 justum
2144 1880 2203 1934 et
2236 1891 2336 1933 ve·
2379 1871 2722 1952 Bamplius
2781 1872 3192 1934 remittuntur
3237 1891 3311 1934 ac
3358 1871 3796 1934 debilitantur.
3849 1873 3934 1930 Et

854 1987 1013 2029 rum.
1049 1969 1227 2030 Unde
1263 1969 1503 2048 judicia
1549 1970 1650 2032 Dei
1701 1970 2047 2051 aliquando
2092 1971 2338 2033 occulta

856 2075 1029 2142 sunt,
1066 2086 1393 2147 nunquam
1426 2068 1683 2148 injusta.

934 2169 1011 2224 Se·
1040 2168 1356 2226 de'reoeerit
1388 2170 1477 2226 ad
1504 2187 1647 2227 eum
1678 2189 1785 2228 cor
1813 2189 2031 2235 suum,
2054 2169 2115 2229 id
2150 2178 2265 2241 est,
2289 2169 2340 2229 si

856 2262 1045 2324 homo
1078 2272 1352 2344 mentem
1388 2283 1565 2326 suam
1597 2266 1673 2326 ad
1710 2266 1899 2327 Deum
1930 2267 2338 2342 converterit,

856 2381 965 2423 seu
1016 2362 1089 2422 ad
1141 2363 1607 2443 susceptionem
1652 2365 1871 2444 gratiae
1916 2366 2056 2444 ejus
2098 2374 2346 2446 aptave-

858 2461 961 2535 rit,
1001 2460 1296 2523 faciendo
1342 2463 1511 2541 quod
1563 2463 1628 2523 in
1681 2483 1748 2524 se
1794 2472 1910 2538 est,
1961 2465 2139 2544 juxta
2187 2464 2343 2526 illud

859 2558 1252 2622 Threnorum
1299 2577 1311 2620 :
1363 2561 1727 2622 Scrutemur
1778 2561 1910 2622 vias
1961 2570 2231 2638 nostraS,
2283 2572 2341 2624 et

859 2676 1239 2739 quaeramuS,
1296 2667 1354 2719 et
1408 2668 1801 2720 revertamur
1848 2660 1925 2720 ad
1980 2661 2340 2722 Dominum.

858 2757 1137 2835 Itemque
1170 2755 1234 2816 in
1264 2756 1421 2817 Osee
1448 2774 1460 2816 :
1490 2756 1866 2818 Convertere
1896 2759 1973 2819 ad
2008 2758 2343 2820 Dominum

860 2855 1051 2916 Deum
1106 2863 1306 2930 tuum,
1343 2854 1642 2934 quoniam
1684 2857 1974 2918 corruisti
2014 2857 2077 2917 in
2113 2858 2349 2938 iniqui-

862 2963 985 3014 tate
1038 2962 1162 3014 tua.
1212 2952 1276 3013 ln
1328 2952 1683 3016 Proverbiis
1734 2973 1989 3035 quoque
2037 2957 2342 3037 scriptum

2449 1973 2630 2029 homo
2676 1973 2741 2030 ιή
2787 1974 3064 2030 cinerem
3111 1981 3482 2040 revertetur,
3517 1970 3580 2030 id
3617 1978 3734 2041 est,
3771 1969 3934 2030 cine-

2451 2086 2582 2129 rem
2622 2078 2686 2129 et
2725 2068 3052 2149 pulverem
3096 2087 3162 2130 se
3207 2086 3344 2129 esse
3387 2067 3716 2129 humiliter
3765 2085 3934 2129 reco-

2447 2174 2706 2244 gnoscet
2763 2183 2777 2226 :
2829 2165 2983 2245 quia
3029 2183 3158 2246 quo
3205 2165 3395 2226 altius
3446 2165 3933 2247 contemplando

2450 2265 2735 2343 erigitur,
2783 2283 2858 2326 eo
2904 2265 3226 2345 propriam
3274 2263 3712 2325 infirmitatem
3753 2263 3936 2326 clari-

2453 2383 2526 2424 us
2557 2363 2860 2424 intuetur.
2889 2363 3172 2444 Denique
3200 2362 3671 2444 comparatione
3702 2363 3938 2424 divinae

2455 2461 2782 2542 potestatis
2827 2461 3120 2542 spiritum
3163 2460 3442 2524 hominis
3483 2463 3560 2524 ad
3589 2480 3658 2523 se
3689 2461 3940 2522 trahen-

2456 2560 2558 2634 tis,
2591 2559 2800 2622 omnis
2843 2559 3044 2621 virtus
3083 2561 3358 2621 humana
3399 2559 3716 2622 occumbit
3745 2568 3809 2620 et
3839 2560 3940 2620 de-

2457 2658 2617 2731 ficit,
2635 2657 2898 2738 ipseque
2923 2657 3110 2720 homo
3133 2677 3245 2739 per
3265 2666 3530 2721 mortem
3565 2657 3628 2718 in
3659 2658 3934 2719 cinerem

2459 2756 2639 2818 redit.
2666 2754 3204 2829 Quemadmodum
3235 2756 3422 2818 etiam
3459 2756 3716 2838 Eliphaz
3741 2756 3933 2816 dixit:

2455 2854 2569 2928 Qui
2621 2854 2908 2916 habitant
2957 2855 3176 2916 domos
3229 2855 3450 2929 luteaS‚
3485 2862 3940 2918 consumentur

2459 2953 2630 3014 velut
2659 2973 2694 3013 a
2724 2953 2915 3014 tinea.

859 3061 954 3114 est
989 3069 1002 3112 ε
1039 3050 1325 3113 Hominis
1376 3059 1471 3112 est
1516 3052 1801 3113 animum
1854 3072 2230 3136 praeparare.
2273 3056 2346 3116 Et
2379 3055 2420 3117 C
2535 3052 2858 3123 Praeterea,
2894 3050 3152 3131 quidam
3195 3061 3519 3134 exponunt
3561 3053 3692 3114 haec
3731 3052 3938 3114 aliter.

860 3151 1067 3212 denuo
1100 3148 1337 3210 ibidem
1364 3167 1378 3211 t
1405 3151 1523 3212 Cor
1554 3150 1831 3214 hominis
1864 3153 2147 3234 disponit
2177 3156 2344 3216 viam

860 3267 1062 3323 suam,
1100 3248 1208 3309 sed
1252 3247 1360 3308 Dei
1409 3255 1507 3308 est
1555 3249 1829 3330 dirigere
1876 3267 2129 3328 gressus
2181 3253 2342 3333 ejuS.

860 3347 1187 3422 Spiritum
1240 3345 1539 3416 1·ll1·us,id
1587 3357 1681 3408 est
1727 3357 2002 3410 mentem
2054 3371 2165 3411 scu
2214 3351 2350 3412 ani-

859 3462 1049 3513 mam,
1081 3454 1139 3502 e!
1184 3447 1446 3528 flatum,
1490 3445 1549 3506 id
1596 3454 1686 3506 est
1736 3447 2145 3524 desiderium,
2179 3451 2346 3529 quod

859 3541 1042 3602 flatui
1086 3551 1510 3623 comparatur,
1555 3563 1752 3624 quum
1796 3546 1877 3606 sit
1916 3547 2204 3626 quaedam
2250 3549 2351 3609 ad-

858 3639 1123 3721 spiratio
1165 3641 1243 3702 ad
1286 3640 1754 3718 desideratum3
1799 3643 1895 3705 vel
1944 3663 2057 3724 per
2096 3644 2346 3717 flatum,

858 3737 1227 3817 designatur
1256 3738 1492 3813 anima,
1528 3749 1837 3820 quantum
1878 3743 1955 3803 ad
1998 3743 2165 3805 vires
2205 3763 2352 3805 suas

864 3833 1241 3910 inferiores3
1285 3841 1372 3896 ad
1400 3859 1464 3896 se
1497 3842 1724 3907 trahet,
1759 3839 1821 3900 id
1864 3848 1977 3916 est,
2014 3841 2178 3902 Deus
2213 3859 2354 3920 gra-

862 3934 1021 3996 tiose
1054 3934 1176 3995 sibi
1208 3936 1573 4014 conjunget,
1596 3945 1655 3997 et
1689 3957 1800 4018 per
1829 3938 2154 4000 caritatem
2189 3940 2251 4001 in
2287 3960 2353 4002 se

866 4031 1345 4094 transformabit
1372 4053 1443 4095 ac
1476 4043 1709 4108 verte-t3
1744 4043 1806 4096 et
1829 4037 1995 4116 quod
2030 4037 2218 4100 homo
2241 4058 2354 4119 per

865 4151 931 4192 se
978 4130 1187 4211 ipsum
1232 4149 1358 4193 non
1403 4131 1589 4205 valet,
1625 4134 1785 4194 Deus
1818 4132 2058 4197 efficiet
2092 4145 2155 4197 et,
2185 4156 2354 4199 com-

2459 3153 2519 3214 si
2569 3149 2865 3212 direxerit
2917 3151 2994 3212 ad
3045 3169 3190 3212 eum
3235 3169 3342 3214 eor
3385 3171 3592 3223 suum,
3629 3152 3690 3213 id
3733 3159 3852 3220 est,
3887 3150 3940 3210 si

2457 3250 2620 3312 Deus
2647 3249 2724 3310 ad
2756 3248 3032 3328 aliquem
3066 3250 3453 3311 voluntatem
3495 3269 3670 3310 suam
3701 3249 3944 3310 direxe-

2461 3349 2542 3410 rit
2572 3349 2646 3409 ad
2681 3367 2822 3408 eum
2856 3347 3331 3420 destruendum,
3352 3347 3646 3429 spiritum
3679 3347 3851 3408 illius
3879 3356 3941 3408 et

2463 3446 2690 3507 flatum
2720 3446 2796 3506 ad
2830 3463 2896 3506 sc
2931 3444 3155 3521 trahet,
3191 3444 3253 3505 id
3283 3454 3398 3520 est,
3433 3445 3513 3506 ab
3543 3465 3680 3506 esse
3715 3445 3778 3506 in
3811 3463 3945 3507 cor-

2463 3563 2614 3625 pore
2644 3543 2845 3618 tollet,
2879 3552 3069 3624 atquc
3099 3543 3374 3606 deficere
3411 3543 3621 3618 faciet,
3659 3543 3745 3604 ita
3772 3544 3942 3624 quod

2462 3659 2606 3704 caro
2658 3659 2918 3722 prorsus
2961 3649 3424 3722 corrumpetur,
3461 3640 3778 3722 homoque
3821 3659 3950 3702 mo-

2463 3740 2680 3801 rietur.
2717 3739 3042 3819 Expositio
3075 3739 3194 3800 ista
3224 3739 3473 3802 videtur
3503 3739 3738 3822 inepta,
3766 3740 3950 3801 idcir-

2462 3857 2536 3900 co
2568 3846 2954 3918 pertransi-0.

2543 3939 2622 3997 Si
2659 3955 2804 4011 erqo
2846 3938 3032 3996 habes
3075 3940 3489 3998 intellectum.
3526 3937 3583 3999 id
3627 3945 3722 3998 est
3765 3935 3950 3999 intel-

2464 4034 2796 4096 lectualem
2843 4033 3253 4115 capacitatem
3300 4036 3376 4096 ad
3419 4054 3492 4096 ca
3535 4055 3675 4116 quae
3715 4036 3878 4103 dico,
3911 4053 3948 4097 o

2460 4133 2598 4209 Job,
2637 4136 2800 4193 audi
2827 4137 2996 4212 quod
3024 4135 3296 4202 (licitur,
3325 4144 3384 4193 et
3414 4139 3709 4194 ausculta
3743 4155 3944 4194 vocem

864 4228 1087 4310 plebit.
1122 4229 1265 4291 ldeo
1296 4238 1509 4292 monet
1541 4231 1877 4311 Apostolus
1914 4251 1927 4294 :
1964 4234 2354 4297 Accedamus
2387 4237 2432 4298 D
2461 4234 2704 4311 eloquii
2739 4234 2862 4290 mei
2899 4249 2934 4291 a
2976 4251 3099 4293 me.
3134 4231 3198 4292 ln
3241 4231 3476 4311 quibus
3507 4231 3720 4294 verbis
3762 4233 3950 4294 clare-

864 4346 1006 4389 cum
1062 4327 1301 4389 fiducia
1346 4329 1421 4390 ad
1470 4328 1766 4391 thronum
1818 4333 2035 4410 gratiae
2083 4335 2244 4414 ejus.
2279 4335 2352 4396 Et

862 4425 1193 4487 Psalmista
1229 4443 1241 4486 :
1277 4426 1590 4497 Accedite,
1628 4428 1858 4509 inquit,
1882 4432 1961 4491 ad
1994 4451 2161 4503 eum,
2188 4442 2252 4495 et.
2284 4433 2355 4493 il-

865 4523 1294 4597 luminamini,
1328 4533 1390 4586 et
1430 4525 1624 4588 facies
1666 4535 1890 4589 vcstrae
1924 4547 2050 4590 non
2084 4530 2354 4592 confun-

864 4624 1105 4685 dentur.
1122 4622 1600 4684 Ecclesiasticus
1624 4644 1881 4705 quoque
1905 4627 2149 4690 inducit
2172 4627 2354 4702 :Quis

865 4720 1184 4782 invocavit
1214 4720 1417 4796 illum,
1438 4730 1500 4782 et
1530 4722 1816 4803 despexit
1844 4743 1990 4786 eum
2010 4729 2032 4786 2
2056 4725 2212 4787 Hine
2244 4747 2356 4808 per

860 4818 1195 4880 Jeremiam
1230 4818 1533 4882 Dominus
1565 4820 1848 4902 loquitur
1881 4840 1895 4884 :
1930 4822 2077 4896 Quis
2110 4833 2204 4884 est
2237 4825 2354 4885 iste.

864 4917 975 4998 qui
1026 4917 1305 4998 applicet
1355 4937 1463 4980 eor
1514 4938 1722 4994 suum,
1768 4927 1837 4981 ut
1880 4921 2356 5003 appropinquet

866 5014 1023 5075 mihi
1049 5019 1071 5075 t
1103 5014 1425 5090 Praeterea,
1453 5024 1755 5077 curvatur
1784 5035 1913 5092 cor,
1939 5037 2135 5099 quum
2170 5038 2357 5100 appe-

868 5113 942 5173 tit
974 5113 1099 5174 ima
1126 5137 1139 5184 3
1186 5111 1577 5174 rectificatur
1606 5133 1779 5188 vero,
1814 5134 2011 5194 quum
2045 5119 2121 5179 ad
2154 5117 2351 5180 Deum

864 5211 1161 5289 dirigitur
1194 5229 1207 5272 :
1244 5219 1306 5271 et
1334 5229 1464 5290 quo
1498 5211 1687 5273 homo
1728 5232 1794 5274 sc
1832 5214 1908 5274 ad
1954 5215 2238 5276 divinam
2283 5215 2357 5277 il—

864 5308 1353 5370 luminationem
1404 5329 1475 5371 ac
1525 5309 2101 5374 inflammationem
2152 5315 2355 5393 magis

2463 4332 2603 4407 seit,
2641 4331 2810 4412 quod
2855 4329 2996 4390 Etiu
3039 4349 3257 4390 rursus
3303 4350 3340 4392 a
3384 4349 3498 4391 sua
3535 4331 3832 4412 superbia
3865 4343 3950 4392 ta-

2463 4440 2600 4493 ctus
2632 4431 2734 4504 sit,
2775 4437 2835 4490 et
2877 4429 2956 4490 de
2986 4428 3322 4490 altitudine
3353 4429 3731 4509 eloquentia}
3758 4438 3950 4510 atque

2465 4528 2744 4590 scientiae
2795 4545 2924 4589 suae
2974 4527 3249 4588 inaniter
3297 4526 3603 4590 elevatus.
3657 4527 3812 4590 Hinc
3863 4529 3949 4590 ait

2463 4625 2799 4704 Gregorius
2835 4643 2848 4686 :
2876 4625 3119 4686 Habent
3149 4625 3266 4688 hoc
3300 4626 3626 4707 proprium
3659 4645 3954 4706 arrogan-

2465 4733 2579 4798 teS,
2618 4733 2686 4785 ut.
2724 4744 2922 4805 quum
2968 4733 3222 4787 acutum
3264 4725 3417 4805 quid
3460 4726 3762 4802 sentiunt,
3803 4727 3951 4788 inde

2465 4841 2610 4884 mox
2659 4824 2738 4884 ad
2787 4824 3011 4884 vitium
3067 4824 3364 4886 elationis
3406 4833 3766 4905 erumpant,
3811 4843 3954 4886 sen-

2466 4941 2702 5002 susque
2743 4922 3030 4984 omnium
3080 4923 3142 4982 in
3187 4923 3284 4983 sui
3325 4922 3798 5003 comparatione
3841 4925 3952 4984 de-

2465 5021 2761 5101 spiciant,
2783 5028 2844 5081 et
2877 5039 2944 5080 se
2978 5019 3043 5081 in
3077 5039 3190 5082 suo
3208 5020 3447 5101 judicio
3469 5020 3742 5082 aliorum
3776 5023 3958 5084 meri-

2467 5119 2544 5179 tis
2573 5127 2961 5199 anteponant
3001 5135 3014 5178 :
3049 5118 3199 5198 quia
3239 5119 3389 5179 dum
3421 5119 3672 5180 minora
3701 5119 3956 5182 incaute

2467 5217 2817 5295 negligunt,
2852 5216 2928 5276 ad
2979 5216 3220 5296 majora
3267 5217 3622 5296 perniciose
3665 5235 3955 5298 prorum-

2467 5322 2649 5396 punt.
2695 5317 3036 5393 Numquid
3073 5317 3190 5392 qui
3227 5335 3356 5374 non
3389 5325 3567 5375 amat
3584 5317 3952 5391 judicium,

3983 1501 4034 1540 P:
4069 1514 4188 1542 tun.

3993 2877 4134 2921 Jobw.
4153 2879 4203 2914 1⁸¹v
