4309 6259
601 1276 862 1333 Sannum.

598 1572 860 1621 Dennxxxu,

599 1638 666 1677 39.

895 484 1014 549 434

1731 500 2078 547 ENARRATm
2119 500 2181 545 IN
2225 499 2361 545 cAP.
2408 498 2473 544 lx
2511 498 2636 543 1013.
2683 516 2763 527 -
2803 499 2947 544 ART.
2992 498 3147 545 xxm

983 678 1222 743 Unum,
1270 673 1333 736 id
1388 682 1482 735 est
1531 672 1851 755 praecipue
1898 672 2240 753 quoddam,
2293 679 2383 730 est
2411 669 2463 730 A
2491 688 2603 751 per
2630 672 2889 733 modum
2930 669 3199 734 ridentis
3228 690 3297 733 se
3324 670 3573 745 habeat,
3604 668 3981 752 permitten-

892 774 1063 852 quod
1092 776 1338 832 locutus
1369 793 1541 841 sum,
1577 790 1770 853 supra
1807 770 2191 851 disputando
2234 786 2383 831 con-

896 878 988 931 tra
1031 870 1291 952 Eliphaz
1329 886 1342 930 :
1387 879 1448 931 et
1487 869 1641 950 quid
1681 868 1765 930 sit
1803 868 1984 943 illud,
2022 866 2377 947 subjungit,

890 977 950 1028 ec
989 971 1388 1029 innocentem
1426 978 1485 1029 et
1523 970 1805 1045 impium
1843 969 1976 1044 ipse
2013 967 2330 1025 consumit
2359 986 2382 1024 .-

892 1068 1063 1149 quod
1098 1066 1435 1149 tripliciter
1465 1066 1665 1146 accipi
1700 1072 1929 1148 potest.
1962 1064 2195 1141 Primo,
2229 1063 2383 1145 quia

895 1173 1020 1226 tam
1049 1165 1206 1246 j=1sti
1229 1185 1420 1246 quam
1453 1164 1637 1246 impii
1667 1163 2093 1227 communiter
2112 1171 2381 1225 mortem

895 1264 1243 1345 patiuntur,
1272 1282 1415 1345 quae
1453 1283 1490 1325 a
1531 1264 1658 1326 Deo
1706 1271 1822 1339 est,
1864 1262 2139 1324 habente
2190 1261 2384 1342 impe-

894 1362 1060 1423 rium
1093 1381 1203 1425 seu
1234 1370 1610 1444 potestatem
1642 1361 1788 1425 vitae
1819 1368 1882 1422 et
1915 1358 2161 1435 mortiS,
2196 1366 2384 1440 prout

894 1458 959 1520 in
1010 1459 1335 1541 Sapientia
1381 1459 1705 1521 scribitur.
1737 1458 1852 1531 Qui
1894 1459 1960 1519 in
1999 1458 2383 1519 Deuterono-

892 1557 1021 1619 mio
1055 1565 1319 1619 testatur
1354 1575 1368 1618 ε
1405 1558 1534 1637 Ego
1566 1557 1873 1631 occidam,
1910 1564 1972 1618 et
2010 1574 2125 1635 ego
2168 1555 2383 1618 vivere

895 1653 1148 1718 faciam.
1187 1656 1346 1717 Mors
1384 1665 1596 1718 autem
1642 1664 1737 1717 est
1775 1654 2052 1719 viventis
2089 1654 2382 1735 quaedam

893 1754 1306 1837 consumptio.
1324 1753 1624 1827 Secundo,
1645 1753 1797 1835 quia
1819 1764 1943 1815 tam
1964 1754 2167 1835 justos
2189 1772 2381 1833 quam

2487 768 2568 831 do
2598 788 2705 831 eos
2734 769 2843 830 diu
2884 769 3022 832 sine
3062 788 3279 832 eorum
3320 769 3507 851 culpa
3538 767 3773 847 affligi,
3811 787 3887 829 ac
3920 765 3977 827 si

2490 867 2651 929 Deus
2681 868 2747 929 in
2783 868 2923 950 ipsa
2960 886 3177 931 eorum
3219 867 3584 931 afflictione
3620 866 3977 930 secundum

2490 984 2557 1027 se
2577 967 3103 1048 complacentiam
3123 968 3465 1048 quamdam
3486 966 3747 1029 haberet
3766 982 3781 1027 :
3800 965 3977 1046 quod

2491 1070 2700 1127 tamen
2731 1065 3194 1146 benignissimo
3214 1066 3339 1129 Deo
3365 1084 3493 1129 non
3522 1065 3843 1147 competit,
3862 1063 3979 1126 sed

2493 1164 2774 1246 tyrannis
2809 1148 3197 1227 sevissimis.
3232 1165 3357 1227 Deo
3395 1163 3634 1247 quippe
3674 1165 3981 1226 innocen-

2491 1263 2649 1324 tium
2682 1280 2885 1345 poenae
2917 1262 3191 1345 placent,
3210 1281 3337 1326 non
3371 1264 3717 1327 secundum
3748 1282 3833 1339 se,
3862 1262 3979 1325 sed

2491 1369 2749 1444 propter
2798 1361 3077 1424 fructum
3120 1380 3196 1424 ex
3234 1361 3326 1424 eis
3364 1369 3756 1443 sequentem,
3788 1370 3853 1423 et
3902 1360 3981 1421 fi-

2490 1480 2635 1523 nem
2685 1479 2721 1522 a
2767 1460 3246 1542 supersapiente
3295 1461 3422 1524 Deo
3473 1460 3807 1535 intentum,
3858 1458 3980 1540 qui

2490 1558 2903 1638 diligentibus
2934 1578 3001 1621 se
3040 1558 3258 1621 electis
3297 1559 3513 1621 omnia
3558 1558 3711 1621 facit
3748 1576 3983 1640 coope-

2491 1657 2614 1719 rari
2648 1657 2713 1718 in
2740 1656 2992 1719 bonum.
3010 1657 3481 1733 Verumtamen,
3499 1657 3789 1738 quamvis
3810 1657 3983 1719 Deus

2490 1756 2569 1818 de
2611 1756 3049 1818 innocentium
3094 1756 3299 1838 poenis
3341 1776 3467 1819 non
3508 1756 3729 1832 rideat,
3770 1756 3983 1819 nihilo

893 1873 1122 1936 pravos
1153 1854 1313 1916 Deus
1347 1854 1412 1914 in
1438 1853 1566 1916 vita
1588 1853 1704 1915 bac
1729 1852 2239 1928 adversitatibu8‚
2258 1871 2384 1934 poe-
2418 1860 2464 1921 Β
2492 1854 2705 1916 minus
2735 1862 2871 1917 orat
2899 1854 3036 1930 soh,
3074 1863 3140 1915 ut
3170 1873 3286 1917 nec
3319 1874 3432 1937 per
3467 1855 3726 1917 modum
3766 1854 3985 1917 riden-

893 1953 1014 2029 niS,
1051 1961 1112 2015 et
1155 1952 1671 2015 tribulationibus
1711 1960 1995 2014 attenuat
2033 1959 2096 2014 et
2131 1951 2375 2031 fatigat,

893 2051 980 2113 ita
1019 2059 1088 2112 ut
1125 2058 1187 2113 et
1225 2070 1488 2133 corpore
1531 2068 1643 2133 per
1687 2050 1952 2112 maciem
2003 2068 2382 2113 consuman-

818 2210 828 2221 ,
893 2157 1016 2225 tur,
1051 2148 1217 2211 sicut
1245 2158 1462 2211 sancto
1489 2148 1605 2211 Job
1636 2148 1924 2227 contigit.
1961 2148 2195 2223 Tertio,
2230 2166 2381 2228 quo-

891 2248 1062 2309 niam
1105 2248 1266 2309 Deus
1313 2246 1740 2311 immensitate
1779 2267 1908 2309 suae
1943 2247 2209 2327 justitiae
2252 2265 2377 2309 non

891 2348 1156 2410 vitiosos
1182 2348 1526 2421 dumtaxat,
1543 2347 1650 2409 sed
1680 2355 1738 2409 et
1773 2347 2091 2409 virtuosos
2121 2353 2381 2426 superat

890 2446 1170 2521 infinite,
1198 2446 1287 2507 ita
1319 2454 1388 2507 ut
1415 2446 1888 2526 comparatione
1920 2444 2031 2507 Dei
2063 2445 2253 2507 etiam
2287 2444 2381 2505 in-

891 2553 1189 2607 nocentes
1222 2544 1632 2607 inveniantur
1667 2542 2041 2620 defectuosi,
2080 2563 2196 2606 nec
2226 2543 2381 2607 divi-

891 2662 988 2705 nae
1029 2642 1347 2724 aequitatis
1395 2642 1642 2724 possint
1694 2642 1861 2705 ferre
1909 2642 2205 2722 rigorem,
2252 2643 2377 2705 nisi

890 2742 1230 2804 misceatur
1278 2739 1557 2803 effectus
1606 2740 1981 2817 clementiae,
2018 2751 2207 2822 prout
2254 2742 2380 2803 cla-

2492 1953 2573 2014 tis
2604 1972 2671 2015 se
2702 1952 2953 2029 habeat,
2989 1953 3051 2015 id
3082 1962 3201 2029 est,
3236 1962 3306 2015 ut
3336 1954 3429 2016 eis
3460 1952 3659 2016 finem
3690 1953 3817 2015 cito
3860 1954 3985 2015 im-

2489 2060 2683 2134 ponat
2718 2069 2731 2113 :
2768 2051 2936 2132 quod
2987 2050 3472 2131 intelligendum
3520 2060 3613 2113 cst
3653 2051 3833 2132 juxta
3874 2072 3983 2115 ex-

2489 2150 2869 2232 positionem
2892 2150 3155 2231 capituli
3182 2150 3372 2213 tertii.
3394 2151 3709 2213 Interdum
3744 2169 3983 2232 nempe
4008 2166 4245 2270 322⁶*

2490 2248 2609 2311 boc
2639 2248 2813 2310 licite
2840 2248 3218 2329 postulatur,
3238 2248 3401 2311 sicut
3426 2257 3491 2310 et
3520 2248 3754 2330 Moyses
3773 2248 3977 2311 dixit:

2488 2346 2759 2410 Obsecro
2798 2356 2867 2408 ut
2907 2346 3257 2409 interficias
3296 2366 3419 2423 me,
3456 2365 3536 2409 ne
3568 2347 3755 2409 tantis
3786 2347 3981 2410 malis
4038 2364 4175 2439 ‘Nu-2.
4199 2378 4243 2407 ςι.

4036 2440 4076 2469 δ.

2488 2444 2767 2507 afficiar.

2566 2544 2691 2605 Cur
2738 2551 2949 2606 autem
2999 2543 3133 2606 haec
3182 2543 3431 2619 dixerit,
3486 2544 3723 2606 subdit.
3778 2549 3979 2607 Terra

2486 2647 2643 2703 data
2671 2654 2760 2703 esc
2792 2646 2865 2703 in
2906 2664 3139 2704 manus
3178 2645 3399 2722 impii,
3430 2643 3493 2705 id
3529 2651 3644 2720 est,
3680 2643 3981 2707 homines

2489 2740 2844 2803 habitantes
2889 2741 2955 2801 in
3000 2748 3169 2802 terra
3216 2741 3551 2803 traduntur
3591 2741 3843 2805 diabolo
3896 2743 3979 2804 ad

4048 1574 4161 1617 Rom.
4172 1587 4237 1618 vm.

891 2839 1022 2901 rius
1054 2839 1296 2901 dictum
1331 2846 1448 2901 est.
1473 2838 1649 2901 Unde
1681 2839 1746 2901 in
1779 2840 1991 2902 Exodo
2021 2840 2257 2922 Moyses
2291 2840 2379 2903 lo-
2488 2840 2884 2915 tentandum,
2905 2847 2969 2901 et
3004 2838 3185 2920 impii
3216 2839 3354 2919 ejus
3376 2840 3796 2903 dominationi
3828 2841 3983 2903 sub-

888 2938 1108 3018 quitur
1150 2938 1271 3001 Deo
1316 2954 1330 2998 :
1375 2937 1594 2999 Nullus
1635 2957 1749 3020 per
1787 2957 1854 3000 se
1891 2938 2057 3019 apud
2097 2946 2159 3001 te
2200 2938 2378 3001 inno·
2486 2936 3291 3018 duntur‚quemadmodum
3312 2937 3389 2999 ad
3406 2938 3805 3001 Timotheum
3826 2940 3982 3001 scri·

889 3054 1036 3099 cens
1059 3044 1165 3098 est
1184 3036 1273 3097 Ex
1294 3035 1526 3117 quibus
1546 3035 1662 3099 Job
1683 3036 1978 3119 reprobat
2005 3036 2375 3119 opinionem
2409 3036 2455 3101 C
2487 3034 2579 3096 bit
2608 3035 2947 3117 Apostolus
2982 3053 2995 3097 :
3032 3035 3427 3116 Resipiscant
3472 3055 3509 3097 a
3552 3036 3794 3119 laqueis
3836 3038 3982 3101 dia·
4034 3053 4067 3097 n
4092 3054 4189 3097 Tm.
4208 3068 4266 3099 12,

2486 3133 2642 3210 boli,
2703 3153 2740 3195 a
2797 3153 2922 3215 quo
2978 3133 3215 3216 captivi
3280 3142 3575 3196 tenentur
3632 3137 3710 3198 ad
3766 3136 3977 3218 ipsius
4008 3121 4076 3160 ²⁶·

2484 3232 2897 3296 voluntatem.
2925 3232 3103 3294 Unde
3130 3231 3451 3295 diabolum
3482 3230 3771 3295 Christus
3800 3236 3978 3315 prin·
4020 3253 4243 3297 amma.

2484 3330 2693 3412 cipem
2737 3329 2958 3391 mundi
2997 3328 3299 3410 appellat.
3334 3330 3673 3412 Apostolus
3715 3350 3977 3415 quoque
4006 3318 4235 3365 ³¹³¹¹'·³⁰'

2484 3429 2746 3511 spiritus
2778 3427 3090 3509 malignos
3121 3436 3305 3491 vocat
3332 3429 3553 3491 mundi
3585 3440 3883 3507 rectoreS,
3906 3432 3974 3495 id
4032 3450 4241 3501 epham.

2484 3536 2581 3590 est
2609 3526 2941 3590 hominum
2969 3526 3461 3603 mundanorum,
3483 3528 3595 3609 qui
3620 3528 3977 3593 diabolicas
4010 3514 4071 3555 ¹²·

2484 3626 2921 3707 suggestiones
2949 3635 3322 3707 sequuntur,
3338 3636 3400 3689 et
3423 3644 3550 3691 non
3574 3627 3812 3710 Spiritu
3835 3629 3971 3707 Dei,
4042 3647 4262 3715 nomn-4

2484 3726 2594 3789 sed
2627 3726 2856 3808 spiritu
2890 3725 3188 3788 infernali
3220 3735 3514 3805 aguntur.
3534 3728 3692 3790 Hinc
3724 3728 3790 3791 in
3811 3728 3978 3811 Apo-
4009 3711 4073 3750 ¹⁴·

2483 3825 2724 3907 calypsi
2759 3824 3059 3886 scribitur
3096 3842 3109 3886 :
3143 3826 3249 3889 Voe
3290 3834 3472 3889 terrae
3504 3835 3567 3889 et
3602 3828 3784 3901 mari,
3818 3828 3977 3909 quia
4040 3846 4239 3898 amu

2485 3923 2813 3987 descendit
2832 3923 3133 3986 diabolus·
3148 3924 3227 3986 ad
3248 3943 3359 3988 vos
3384 3924 3625 3989 habens
3658 3926 3816 3988 iram
3846 3946 3981 3989 ma·
4010 3909 4074 3947 ¹²·

2483 4041 2696 4103 gnam.
2732 4022 3021 4084 Attamen
3068 4040 3194 4085 non
3240 4022 3331 4085 sic
3371 4024 3518 4086 data
3556 4032 3651 4088 est
3696 4034 3858 4088 terra
3908 4027 3977 4088 in

2486 4140 2709 4183 manus
2760 4119 2964 4201 impii,
3009 4128 3079 4181 ut
3126 4119 3313 4183 liceat
3362 4122 3615 4185 diabolo
3666 4142 3779 4205 pro
3827 4123 3979 4185 libi·

891 4220 1170 4301 positum
1213 4220 1336 4297 est)
1371 4217 1526 4297 justi
1576 4217 1920 4298 aliquando
1969 4219 2141 4284 licite
2194 4234 2377 4286 orant
2410 4223 2457 4284 D
2489 4228 2552 4280 tu
2586 4238 2701 4281 suo
2730 4217 3021 4281 homines
3061 4216 3385 4296 infestare,
3420 4220 3526 4283 sed
3574 4222 3975 4285 tantumdem
4256 4238 4258 4328 4

891 4316 1206 4380 desiderio
1239 4314 1471 4377 futurae
1507 4315 1762 4395 quietiS‚
1799 4325 1862 4379 et
1899 4336 1975 4379 ex
2013 4318 2261 4397 timore,
2298 4342 2376 4385 ne
2484 4326 2792 4399 quantum
2824 4335 2860 4377 a
2894 4316 3015 4379 Deo
3047 4317 3458 4397 permittitur.

671 2952 823 2995 Exod.

594 3030 734 3068 xxxiv,
754 3018 796 3061 7.

887 3134 1235 3196 amicorum
1278 3153 1538 3197 suorum
1581 3154 1695 3217 pro
1735 3135 1870 3198 sola
1900 3135 2088 3217 culpa
2119 3154 2373 3217 poenam

885 3252 922 3295 a
953 3234 1080 3295 Deo
1109 3231 1322 3313 infligi
1355 3233 1704 3295 dicentium
1743 3253 1756 3297 ε
1792 3233 1975 3313 cujus
2007 3235 2372 3316 oppositum

885 3330 1112 3395 asserit
1141 3350 1208 3394 se
1237 3331 1492 3409 dixisse,
1528 3341 1591 3395 et
1629 3332 1834 3395 adhuc
1875 3332 2150 3395 firmiter
2190 3335 2377 3395 susti-

887 3450 1059 3495 nere.

967 3531 1048 3591 Si
1071 3532 1389 3606 flayellat,
1413 3528 1472 3590 id
1507 3536 1623 3604 est,
1649 3529 1799 3610 quia
1831 3530 1992 3592 Deus
2022 3550 2136 3612 per
2166 3530 2376 3612 quoti-

888 3627 1110 3689 dianas
1154 3626 1597 3689 tribulationes
1635 3627 1836 3706 justos
1879 3628 2269 3691 incessanter
2308 3629 2373 3691 in

598 3738 856 3787 Panum-²..
889 3725 1006 3788 hac
1037 3725 1166 3788 vita
1197 3732 1466 3800 exercet,
1489 3724 1576 3787 ita
1607 3734 1674 3785 ut
1707 3724 2046 3803 fateantur,
2064 3726 2373 3800 Quoniam

888 3832 1148 3907 propter
1179 3833 1238 3887 te
1267 3823 1738 3887 mortificamur
1775 3833 1904 3887 tota
1943 3826 2085 3899 die;
2127 3831 2375 3887 occidat

886 3927 1100 3993 semel,
1132 3923 1195 3984 id
1241 3931 1357 3999 est,
1392 3923 1582 4003 justis
1633 3922 1889 3985 brevem
1940 3924 2225 4007 imponat
2272 3929 2377 3989 ad-

888 4020 1206 4085 versitatis
1241 4019 1462 4096 finem,
1497 4028 1560 4083 et
1590 4039 1718 4083 non
1765 4030 1886 4083 tam
1928 4021 2227 4086 diuturna
2268 4044 2374 4088 eos

599 4196 616 4235 ¹
623 4129 720 4235 t3101>
739 4144 796 4183 v..
817 4134 858 4183 ⁹,
891 4130 1092 4184 morte
1139 4118 1407 4181 afficiat.
1445 4119 1571 4181 Hoc
1617 4119 1786 4181 enim
1817 4121 1918 4199 (ut
1949 4124 2241 4203 superius
2274 4144 2377 4187 ex-

4258 3976 4260 4024 l

887 4415 1162 4497 pondere
1182 4413 1574 4475 adversitatis
1595 4416 1670 4477 ad
1692 4414 2150 4497 impatientiam
2176 4431 2373 4499 ruant,

888 4520 997 4574 aut
1025 4510 1241 4591 aliquo
1272 4510 1458 4573 modo
1489 4511 1680 4573 Deum
1715 4511 2074 4575 offendant.
2110 4515 2375 4581 Necesse

887 4618 983 4675 est
1032 4618 1240 4672 autem
1292 4609 1368 4671 ad
1429 4609 1912 4691 intelligendum
1964 4614 2158 4676 verba
2205 4614 2373 4678 beati

881 4708 1018 4786 Job,
1053 4707 1455 4771 considerare
1492 4710 1944 4790 proprietatem
1986 4711 2265 4775 hominis
2308 4713 2371 4776 in

883 4805 1177 4869 maximis
1225 4805 1554 4867 constituti
1604 4807 1952 4886 doloribuS,
2003 4810 2114 4891 qui
2165 4812 2372 4875 cordis

881 4906 982 4967 sui
1013 4904 1234 4987 pandit
1264 4903 1596 4980 affectum,
1633 4914 1844 4969 tamen
1879 4908 1997 4969 sub
2027 4910 2246 4990 regula
2280 4932 2375 4973 ra-

883 5004 1098 5077 tioniS,
1135 5011 1198 5064 et
1245 5002 1364 5063 sub
1414 5003 1780 5065 conditione
1825 5005 2158 5086 implicita,
2194 5008 2374 5071 dum-

881 5101 1071 5164 modo
1121 5099 1363 5163 scilicet
1424 5101 1548 5163 Deo
1597 5100 1687 5163 sic
1747 5103 2012 5183 placeat,
2066 5106 2370 5186 quoniam

882 5198 1192 5273 afflictuS‚
1227 5207 1536 5279 quantum
1580 5198 1644 5261 in
1688 5220 1754 5262 se
1785 5210 1900 5277 est,
1937 5204 2023 5264 ita
2053 5204 2250 5285 cupit.
2286 5208 2373 5266 Ec

883 5318 1012 5358 non
1041 5301 1120 5357 de
1143 5299 1354 5373 pomis
1385 5299 1821 5359 innocentium
1861 5303 2098 5371 rideat,
2136 5301 2199 5363 id
2251 5310 2366 5378 est,

2554 4420 2841 4485 Vultum,
2860 4415 2922 4477 id
2951 4422 3047 4477 est
3078 4414 3619 4499 intellectum,qui
3639 4427 3735 4482 est
3754 4418 3977 4484 vultus

2486 4515 2747 4577 interior
2766 4514 3049 4589 hominiS,
3058 4515 3371 4590 judicum
3390 4517 3544 4594 ejus,
3564 4516 3626 4579 id
3646 4526 3741 4580 est
3760 4537 3976 4582 eorum

2483 4614 2594 4694 qui
2623 4612 2912 4694 judicant
2941 4612 3301 4675 habitantes
3332 4614 3395 4675 in
3432 4624 3617 4691 terra,
3652 4620 3881 4693 operit,
3904 4619 3975 4681 id

2484 4719 2600 4788 cst,
2621 4712 2857 4793 impius
2894 4711 3012 4775 iste
3040 4711 3332 4776 diabolus
3362 4722 3651 4789 excaecat,
3682 4714 3770 4776 ita
3796 4718 3973 4797 quod

2479 4810 2824 4892 judicando
2865 4810 3209 4873 indiscrete
3238 4819 3303 4873 et
3332 4810 3558 4874 vitiose
3599 4832 3666 4874 se
3704 4811 3969 4877 habent.

2480 4909 2764 4971 Excaecat
2812 4908 3052 4989 quippe
3099 4927 3229 4983 eoS,
3280 4917 3405 4970 tam
3455 4928 3567 4991 per
3614 4930 3681 4974 se
3730 4911 3970 4993 ipsum,

2482 5006 2613 5069 suis
2640 5006 2932 5069 videlicet
2968 5006 3374 5068 tentamentis
3406 5026 3513 5070 eos
3543 5027 3580 5071 a
3612 5009 3877 5073 veritate
3908 5020 3974 5074 et

2481 5104 2779 5185 aequitate
2813 5103 3256 5186 multipliciter
3284 5105 3677 5183 abducendo,
3711 5108 3974 5190 phanta-

2481 5204 2641 5265 siam
2672 5202 3073 5284 perturbanS,
3092 5212 3156 5266 et
3178 5204 3381 5266 varias
3404 5205 3799 5288 deceptionis
3829 5228 3973 5271 cau-

2482 5322 2581 5364 sas
2631 5301 3023 5365 ministrans.
3056 5302 3339 5385 Insuper,
3386 5322 3493 5367 eos
3530 5315 3803 5369 excaecat
3852 5326 3973 5389 per
