<?xml version="1.0" encoding="UTF-8"?>
<!DOCTYPE html PUBLIC "-//W3C//DTD XHTML 1.0 Transitional//EN"
    "http://www.w3.org/TR/xhtml1/DTD/xhtml1-transitional.dtd">
<html xmlns="http://www.w3.org/1999/xhtml" xml:lang="en" lang="en">
 <head>
  <title>
</title>
<meta http-equiv="Content-Type" content="text/html;charset=utf-8" />
  <meta name='ocr-system' content='tesseract 3.04.00' />
  <meta name='ocr-capabilities' content='ocr_page ocr_carea ocr_par ocr_line ocrx_word'/>
</head>
<body>
  <div class='ocr_page' id='page_1' title='image "./doctorisecstati06unkngoog_0635.png"; bbox 0 0 4309 6259; ppageno 0'>
   <div class='ocr_carea' id='block_1_1' title="bbox 52 1312 361 1365">
    <p class='ocr_par' dir='ltr' id='par_1_1' title="bbox 52 1312 361 1365">
     <span class='ocr_line' id='line_1_1' title="bbox 52 1312 361 1365; baseline 0.013 -10"><span class='ocrx_word' id='word_1_1' title='bbox 52 1312 361 1365; x_wconf 50' lang='lat' dir='ltr'><strong>Domnulo.</strong></span> 
     </span>
    </p>
   </div>
   <div class='ocr_carea' id='block_1_2' title="bbox 1288 526 2667 575">
    <p class='ocr_par' dir='ltr' id='par_1_2' title="bbox 1288 526 2667 575">
     <span class='ocr_line' id='line_1_2' title="bbox 1288 526 2667 575; baseline -0.001 -1"><span class='ocrx_word' id='word_1_2' title='bbox 1288 526 1633 575; x_wconf 71' lang='lat' dir='ltr'><strong>ENAmuTlo</strong></span> <span class='ocrx_word' id='word_1_3' title='bbox 1675 528 1737 573; x_wconf 82' lang='lat' dir='ltr'><strong>IN</strong></span> <span class='ocrx_word' id='word_1_4' title='bbox 1779 526 1914 575; x_wconf 67' lang='lat' dir='ltr'><strong>GAP.</strong></span> <span class='ocrx_word' id='word_1_5' title='bbox 1963 526 2087 573; x_wconf 73' lang='lat' dir='ltr'><strong>XXV</strong></span> <span class='ocrx_word' id='word_1_6' title='bbox 2127 526 2254 573; x_wconf 77' lang='lat'>1013.</span> <span class='ocrx_word' id='word_1_7' title='bbox 2299 546 2378 557; x_wconf 89' lang='lat'>—</span> <span class='ocrx_word' id='word_1_8' title='bbox 2420 528 2562 573; x_wconf 71' lang='lat' dir='ltr'><strong>Am.</strong></span> <span class='ocrx_word' id='word_1_9' title='bbox 2609 528 2667 575; x_wconf 82' lang='lat' dir='ltr'><strong>LI</strong></span> 
     </span>
    </p>
   </div>
   <div class='ocr_carea' id='block_1_3' title="bbox 3135 0 3721 2">
    <p class='ocr_par' dir='ltr' id='par_1_3' title="bbox 3135 0 3721 2">
     <span class='ocr_line' id='line_1_3' title="bbox 3135 0 3721 2; baseline 0 0"><span class='ocrx_word' id='word_1_10' title='bbox 3135 0 3721 2; x_wconf 95' lang='lat' dir='ltr'><strong> </strong></span> 
     </span>
    </p>
   </div>
   <div class='ocr_carea' id='block_1_4' title="bbox 3397 506 3512 572">
    <p class='ocr_par' dir='ltr' id='par_1_4' title="bbox 3397 506 3512 572">
     <span class='ocr_line' id='line_1_4' title="bbox 3397 506 3512 572; baseline 0 -1"><span class='ocrx_word' id='word_1_11' title='bbox 3397 506 3512 572; x_wconf 78' lang='lat'><strong>601</strong></span> 
     </span>
    </p>
   </div>
   <div class='ocr_carea' id='block_1_5' title="bbox 400 697 3521 782">
    <p class='ocr_par' dir='ltr' id='par_1_5' title="bbox 400 697 3521 782">
     <span class='ocr_line' id='line_1_5' title="bbox 400 697 3521 782; baseline -0.001 -19"><span class='ocrx_word' id='word_1_12' title='bbox 400 718 653 763; x_wconf 90' lang='lat' dir='ltr'><strong>omnes</strong></span> <span class='ocrx_word' id='word_1_13' title='bbox 687 700 953 764; x_wconf 85' lang='lat' dir='ltr'><strong>virtutes</strong></span> <span class='ocrx_word' id='word_1_14' title='bbox 985 701 1149 782; x_wconf 82' lang='lat' dir='ltr'><strong>ejuS‚</strong></span> <span class='ocrx_word' id='word_1_15' title='bbox 1182 700 1461 763; x_wconf 89' lang='lat' dir='ltr'><strong>ministri</strong></span> <span class='ocrx_word' id='word_1_16' title='bbox 1492 700 1654 781; x_wconf 81' lang='lat' dir='ltr'><strong>ejuS‚</strong></span> <span class='ocrx_word' id='word_1_17' title='bbox 1689 699 1801 782; x_wconf 91' lang='lat' dir='ltr'><strong>qui</strong></span> <span class='ocrx_word' id='word_1_18' title='bbox 1834 698 1925 761; x_wconf 79' lang='lat' dir='ltr'><strong>fa·</strong></span> <span class='ocrx_word' id='word_1_19' title='bbox 1951 697 2004 760; x_wconf 79' lang='lat' dir='ltr'>A</span> <span class='ocrx_word' id='word_1_20' title='bbox 2033 700 2195 777; x_wconf 88' lang='lat' dir='ltr'><strong>buit,</strong></span> <span class='ocrx_word' id='word_1_21' title='bbox 2230 709 2301 763; x_wconf 90' lang='lat' dir='ltr'><strong>ut</strong></span> <span class='ocrx_word' id='word_1_22' title='bbox 2331 700 2801 782; x_wconf 86' lang='lat' dir='ltr'><strong>comparatione</strong></span> <span class='ocrx_word' id='word_1_23' title='bbox 2831 700 2940 763; x_wconf 88' lang='lat' dir='ltr'><strong>Dei</strong></span> <span class='ocrx_word' id='word_1_24' title='bbox 2982 717 3048 762; x_wconf 92' lang='lat' dir='ltr'><strong>se</strong></span> <span class='ocrx_word' id='word_1_25' title='bbox 3085 699 3326 779; x_wconf 89' lang='lat' dir='ltr'><strong>justum</strong></span> <span class='ocrx_word' id='word_1_26' title='bbox 3359 714 3521 761; x_wconf 89' lang='lat' dir='ltr'><strong>asse-</strong></span> 
     </span>
    </p>
   </div>
   <div class='ocr_carea' id='block_1_6' title="bbox 403 799 1923 881">
    <p class='ocr_par' dir='ltr' id='par_1_6' title="bbox 403 799 1923 881">
     <span class='ocr_line' id='line_1_6' title="bbox 403 799 1923 881; baseline -0.002 -19"><span class='ocrx_word' id='word_1_27' title='bbox 403 799 575 862; x_wconf 79' lang='lat' dir='ltr'><strong>citis</strong></span> <span class='ocrx_word' id='word_1_28' title='bbox 626 800 1024 865; x_wconf 81' lang='lat' dir='ltr'><strong>voluntatem</strong></span> <span class='ocrx_word' id='word_1_29' title='bbox 1076 800 1239 881; x_wconf 80' lang='lat' dir='ltr'><strong>ejuS.</strong></span> <span class='ocrx_word' id='word_1_30' title='bbox 1290 799 1569 874; x_wconf 88' lang='lat' dir='ltr'><strong>Quorum</strong></span> <span class='ocrx_word' id='word_1_31' title='bbox 1618 818 1923 861; x_wconf 87' lang='lat' dir='ltr'><strong>numerus</strong></span> 
     </span>
    </p>
   </div>
   <div class='ocr_carea' id='block_1_7' title="bbox 344 896 1923 981">
    <p class='ocr_par' dir='ltr' id='par_1_7' title="bbox 344 896 1923 981">
     <span class='ocr_line' id='line_1_7' title="bbox 344 896 1923 981; baseline 0.001 -22"><span class='ocrx_word' id='word_1_32' title='bbox 344 948 361 959; x_wconf 89' lang='lat'><strong>.</strong></span> <span class='ocrx_word' id='word_1_33' title='bbox 404 899 553 962; x_wconf 88' lang='lat' dir='ltr'><strong>Deo</strong></span> <span class='ocrx_word' id='word_1_34' title='bbox 584 908 682 962; x_wconf 92' lang='lat' dir='ltr'><strong>est</strong></span> <span class='ocrx_word' id='word_1_35' title='bbox 711 908 943 977; x_wconf 78' lang='lat' dir='ltr'><strong>certuS,</strong></span> <span class='ocrx_word' id='word_1_36' title='bbox 976 900 1155 981; x_wconf 87' lang='lat' dir='ltr'><strong>juxta</strong></span> <span class='ocrx_word' id='word_1_37' title='bbox 1187 899 1345 961; x_wconf 91' lang='lat' dir='ltr'><strong>illud</strong></span> <span class='ocrx_word' id='word_1_38' title='bbox 1376 898 1549 961; x_wconf 81' lang='lat' dir='ltr'><strong>Isaiae</strong></span> <span class='ocrx_word' id='word_1_39' title='bbox 1584 916 1597 960; x_wconf 73' lang='grc' dir='ltr'>ε</span> <span class='ocrx_word' id='word_1_40' title='bbox 1630 896 1745 971; x_wconf 88' lang='lat' dir='ltr'><strong>Qui</strong></span> <span class='ocrx_word' id='word_1_41' title='bbox 1776 898 1923 960; x_wconf 92' lang='lat' dir='ltr'><strong>edu-</strong></span> 
     </span>
    </p>
   </div>
   <div class='ocr_carea' id='block_1_8' title="bbox 404 998 1923 1675">
    <p class='ocr_par' dir='ltr' id='par_1_8' title="bbox 404 998 1923 1675">
     <span class='ocr_line' id='line_1_8' title="bbox 404 998 1921 1073; baseline -0.002 -13"><span class='ocrx_word' id='word_1_42' title='bbox 404 998 511 1060; x_wconf 83' lang='lat' dir='ltr'><strong>cit</strong></span> <span class='ocrx_word' id='word_1_43' title='bbox 554 998 620 1061; x_wconf 91' lang='lat' dir='ltr'><strong>in</strong></span> <span class='ocrx_word' id='word_1_44' title='bbox 668 1017 936 1062; x_wconf 86' lang='lat' dir='ltr'><strong>numero</strong></span> <span class='ocrx_word' id='word_1_45' title='bbox 978 998 1276 1060; x_wconf 88' lang='lat' dir='ltr'><strong>militiam</strong></span> <span class='ocrx_word' id='word_1_46' title='bbox 1323 1017 1565 1073; x_wconf 90' lang='lat' dir='ltr'><strong>eorum,</strong></span> <span class='ocrx_word' id='word_1_47' title='bbox 1601 1005 1665 1060; x_wconf 86' lang='lat' dir='ltr'><strong>et</strong></span> <span class='ocrx_word' id='word_1_48' title='bbox 1702 1014 1921 1060; x_wconf 90' lang='lat' dir='ltr'><strong>omnes</strong></span> 
     </span>
     <span class='ocr_line' id='line_1_9' title="bbox 405 1095 1923 1179; baseline -0.001 -20"><span class='ocrx_word' id='word_1_49' title='bbox 405 1116 499 1159; x_wconf 77' lang='lat' dir='ltr'><strong>ex</strong></span> <span class='ocrx_word' id='word_1_50' title='bbox 532 1098 796 1161; x_wconf 88' lang='lat' dir='ltr'><strong>nomine</strong></span> <span class='ocrx_word' id='word_1_51' title='bbox 826 1105 1011 1160; x_wconf 86' lang='lat' dir='ltr'><strong>vocat</strong></span> <span class='ocrx_word' id='word_1_52' title='bbox 1048 1116 1180 1179; x_wconf 84' lang='lat' dir='ltr'><strong>prae</strong></span> <span class='ocrx_word' id='word_1_53' title='bbox 1218 1096 1631 1159; x_wconf 89' lang='lat' dir='ltr'><strong>multitudine</strong></span> <span class='ocrx_word' id='word_1_54' title='bbox 1672 1095 1923 1158; x_wconf 86' lang='lat' dir='ltr'><strong>fortitu-</strong></span> 
     </span>
     <span class='ocr_line' id='line_1_10' title="bbox 404 1194 1921 1278; baseline -0.003 -20"><span class='ocrx_word' id='word_1_55' title='bbox 404 1196 597 1258; x_wconf 89' lang='lat' dir='ltr'><strong>dinis</strong></span> <span class='ocrx_word' id='word_1_56' title='bbox 630 1196 793 1277; x_wconf 84' lang='lat' dir='ltr'><strong>ejuS.</strong></span> <span class='ocrx_word' id='word_1_57' title='bbox 827 1196 913 1259; x_wconf 90' lang='lat' dir='ltr'><strong>De</strong></span> <span class='ocrx_word' id='word_1_58' title='bbox 942 1214 1217 1278; x_wconf 88' lang='lat' dir='ltr'><strong>quorum</strong></span> <span class='ocrx_word' id='word_1_59' title='bbox 1250 1194 1703 1257; x_wconf 83' lang='lat' dir='ltr'>innumerabili</span> <span class='ocrx_word' id='word_1_60' title='bbox 1736 1194 1921 1257; x_wconf 91' lang='lat' dir='ltr'><strong>nobis</strong></span> 
     </span>
     <span class='ocr_line' id='line_1_11' title="bbox 408 1292 1922 1357; baseline -0.001 -2"><span class='ocrx_word' id='word_1_61' title='bbox 408 1295 845 1357; x_wconf 89' lang='lat' dir='ltr'><strong>multitudine</strong></span> <span class='ocrx_word' id='word_1_62' title='bbox 878 1294 1093 1357; x_wconf 90' lang='lat' dir='ltr'><strong>Daniel</strong></span> <span class='ocrx_word' id='word_1_63' title='bbox 1126 1294 1253 1355; x_wconf 88' lang='lat' dir='ltr'><strong>ait:</strong></span> <span class='ocrx_word' id='word_1_64' title='bbox 1279 1293 1473 1356; x_wconf 89' lang='lat' dir='ltr'><strong>Millia</strong></span> <span class='ocrx_word' id='word_1_65' title='bbox 1501 1292 1777 1355; x_wconf 91' lang='lat' dir='ltr'><strong>millium</strong></span> <span class='ocrx_word' id='word_1_66' title='bbox 1809 1292 1922 1354; x_wconf 91' lang='lat' dir='ltr'><strong>mi-</strong></span> 
     </span>
     <span class='ocr_line' id='line_1_12' title="bbox 408 1392 1920 1467; baseline -0.001 -12"><span class='ocrx_word' id='word_1_67' title='bbox 408 1393 788 1456; x_wconf 89' lang='lat' dir='ltr'><strong>nistrabant</strong></span> <span class='ocrx_word' id='word_1_68' title='bbox 848 1393 929 1467; x_wconf 91' lang='lat' dir='ltr'><strong>ei,</strong></span> <span class='ocrx_word' id='word_1_69' title='bbox 984 1401 1046 1455; x_wconf 91' lang='lat' dir='ltr'><strong>et</strong></span> <span class='ocrx_word' id='word_1_70' title='bbox 1092 1392 1303 1456; x_wconf 91' lang='lat' dir='ltr'><strong>decies</strong></span> <span class='ocrx_word' id='word_1_71' title='bbox 1362 1392 1595 1455; x_wconf 91' lang='lat' dir='ltr'><strong>millies</strong></span> <span class='ocrx_word' id='word_1_72' title='bbox 1652 1400 1920 1454; x_wconf 88' lang='lat' dir='ltr'><strong>centena</strong></span> 
     </span>
     <span class='ocr_line' id='line_1_13' title="bbox 406 1491 1921 1555; baseline -0.001 0"><span class='ocrx_word' id='word_1_73' title='bbox 406 1492 632 1555; x_wconf 86' lang='lat' dir='ltr'><strong>millia</strong></span> <span class='ocrx_word' id='word_1_74' title='bbox 682 1492 1077 1555; x_wconf 81' lang='lat' dir='ltr'><strong>adsistebant</strong></span> <span class='ocrx_word' id='word_1_75' title='bbox 1119 1492 1200 1555; x_wconf 92' lang='lat' dir='ltr'><strong>ei.</strong></span> <span class='ocrx_word' id='word_1_76' title='bbox 1236 1491 1354 1554; x_wconf 91' lang='lat' dir='ltr'><strong>Ubi</strong></span> <span class='ocrx_word' id='word_1_77' title='bbox 1388 1510 1689 1554; x_wconf 89' lang='lat' dir='ltr'><strong>numerus</strong></span> <span class='ocrx_word' id='word_1_78' title='bbox 1719 1491 1921 1555; x_wconf 88' lang='lat' dir='ltr'><strong>deter-</strong></span> 
     </span>
     <span class='ocr_line' id='line_1_14' title="bbox 406 1589 1919 1675; baseline -0.001 -22"><span class='ocrx_word' id='word_1_79' title='bbox 406 1592 705 1655; x_wconf 90' lang='lat' dir='ltr'><strong>minatus</strong></span> <span class='ocrx_word' id='word_1_80' title='bbox 746 1610 863 1675; x_wconf 88' lang='lat' dir='ltr'><strong>pro</strong></span> <span class='ocrx_word' id='word_1_81' title='bbox 905 1590 1400 1655; x_wconf 83' lang='lat' dir='ltr'><strong>indeterminato</strong></span> <span class='ocrx_word' id='word_1_82' title='bbox 1437 1589 1719 1672; x_wconf 85' lang='lat' dir='ltr'><strong>ponitur,</strong></span> <span class='ocrx_word' id='word_1_83' title='bbox 1756 1589 1919 1652; x_wconf 94' lang='lat' dir='ltr'><strong>sicut</strong></span> 
     </span>
    </p>
   </div>
   <div class='ocr_carea' id='block_1_9' title="bbox 221 1688 1917 1773">
    <p class='ocr_par' dir='ltr' id='par_1_9' title="bbox 221 1688 1917 1773">
     <span class='ocr_line' id='line_1_15' title="bbox 221 1688 1917 1773; baseline -0.001 -22"><span class='ocrx_word' id='word_1_84' title='bbox 221 1724 249 1751; x_wconf 68' lang='lat' dir='ltr'>v</span> <span class='ocrx_word' id='word_1_85' title='bbox 348 1743 367 1755; x_wconf 88' lang='lat'>.</span> <span class='ocrx_word' id='word_1_86' title='bbox 411 1690 489 1751; x_wconf 87' lang='lat' dir='ltr'><strong>in</strong></span> <span class='ocrx_word' id='word_1_87' title='bbox 541 1689 925 1773; x_wconf 81' lang='lat' dir='ltr'><strong>Apocalypsi</strong></span> <span class='ocrx_word' id='word_1_88' title='bbox 975 1688 1209 1769; x_wconf 87' lang='lat' dir='ltr'><strong>legitur</strong></span> <span class='ocrx_word' id='word_1_89' title='bbox 1250 1706 1263 1750; x_wconf 91' lang='lat'>:</span> <span class='ocrx_word' id='word_1_90' title='bbox 1307 1689 1385 1751; x_wconf 90' lang='lat' dir='ltr'><strong>Et</strong></span> <span class='ocrx_word' id='word_1_91' title='bbox 1431 1696 1567 1752; x_wconf 88' lang='lat' dir='ltr'><strong>erat</strong></span> <span class='ocrx_word' id='word_1_92' title='bbox 1615 1707 1917 1751; x_wconf 87' lang='lat' dir='ltr'><strong>numerus</strong></span> 
     </span>
    </p>
   </div>
   <div class='ocr_carea' id='block_1_10' title="bbox 408 1786 1919 1868">
    <p class='ocr_par' dir='ltr' id='par_1_10' title="bbox 408 1786 1919 1868">
     <span class='ocr_line' id='line_1_16' title="bbox 408 1786 1919 1868; baseline -0.002 -16"><span class='ocrx_word' id='word_1_93' title='bbox 408 1808 643 1852; x_wconf 79' lang='lat' dir='ltr'><strong>eorum</strong></span> <span class='ocrx_word' id='word_1_94' title='bbox 695 1788 907 1851; x_wconf 88' lang='lat' dir='ltr'><strong>millia</strong></span> <span class='ocrx_word' id='word_1_95' title='bbox 950 1786 1251 1850; x_wconf 89' lang='lat' dir='ltr'><strong>millium.</strong></span> <span class='ocrx_word' id='word_1_96' title='bbox 1284 1787 1376 1849; x_wconf 90' lang='lat' dir='ltr'><strong>Ad</strong></span> <span class='ocrx_word' id='word_1_97' title='bbox 1424 1787 1718 1850; x_wconf 83' lang='lat' dir='ltr'><strong>Hebraeos</strong></span> <span class='ocrx_word' id='word_1_98' title='bbox 1764 1804 1919 1868; x_wconf 92' lang='lat' dir='ltr'><strong>quo-</strong></span> 
     </span>
    </p>
   </div>
   <div class='ocr_carea' id='block_1_11' title="bbox 404 1983 1917 3056">
    <p class='ocr_par' dir='ltr' id='par_1_11' title="bbox 404 1983 1917 2147">
     <span class='ocr_line' id='line_1_17' title="bbox 406 1983 1917 2066; baseline -0.001 -17"><span class='ocrx_word' id='word_1_99' title='bbox 406 1994 479 2049; x_wconf 88' lang='lat' dir='ltr'><strong>et</strong></span> <span class='ocrx_word' id='word_1_100' title='bbox 512 1986 879 2050; x_wconf 77' lang='lat' dir='ltr'><strong>multorum·</strong></span> <span class='ocrx_word' id='word_1_101' title='bbox 900 1986 1171 2049; x_wconf 90' lang='lat' dir='ltr'><strong>millium</strong></span> <span class='ocrx_word' id='word_1_102' title='bbox 1212 1985 1580 2065; x_wconf 89' lang='lat' dir='ltr'><strong>angelorum</strong></span> <span class='ocrx_word' id='word_1_103' title='bbox 1622 1983 1917 2066; x_wconf 84' lang='lat' dir='ltr'><strong>frequen-</strong></span> 
     </span>
     <span class='ocr_line' id='line_1_18' title="bbox 404 2084 593 2147; baseline 0 0"><span class='ocrx_word' id='word_1_104' title='bbox 404 2084 593 2147; x_wconf 83' lang='lat' dir='ltr'><strong>tiam.</strong></span> 
     </span>
    </p>

    <p class='ocr_par' dir='ltr' id='par_1_12' title="bbox 404 2186 1917 3056">
     <span class='ocr_line' id='line_1_19' title="bbox 496 2186 1917 2266; baseline -0.002 -18"><span class='ocrx_word' id='word_1_105' title='bbox 496 2189 583 2249; x_wconf 77' lang='lat' dir='ltr'><strong>Et</strong></span> <span class='ocrx_word' id='word_1_106' title='bbox 601 2206 801 2265; x_wconf 79' lang='lat' dir='ltr'><strong>super</strong></span> <span class='ocrx_word' id='word_1_107' title='bbox 820 2206 1010 2266; x_wconf 82' lang='lat' dir='ltr'><strong>quem</strong></span> <span class='ocrx_word' id='word_1_108' title='bbox 1040 2206 1169 2246; x_wconf 77' lang='lat' dir='ltr'><strong>non</strong></span> <span class='ocrx_word' id='word_1_109' title='bbox 1199 2186 1411 2263; x_wconf 62' lang='lat' dir='ltr'><strong>surgit</strong></span> <span class='ocrx_word' id='word_1_110' title='bbox 1443 2190 1659 2246; x_wconf 79' lang='lat' dir='ltr'><strong>lumen</strong></span> <span class='ocrx_word' id='word_1_111' title='bbox 1690 2188 1917 2245; x_wconf 83' lang='lat' dir='ltr'><strong>illius?</strong></span> 
     </span>
     <span class='ocr_line' id='line_1_20' title="bbox 406 2283 1916 2366; baseline -0.001 -20"><span class='ocrx_word' id='word_1_112' title='bbox 406 2284 477 2346; x_wconf 91' lang='lat' dir='ltr'><strong>id</strong></span> <span class='ocrx_word' id='word_1_113' title='bbox 536 2292 656 2361; x_wconf 89' lang='lat' dir='ltr'><strong>est,</strong></span> <span class='ocrx_word' id='word_1_114' title='bbox 715 2303 1022 2347; x_wconf 89' lang='lat' dir='ltr'><strong>numerus</strong></span> <span class='ocrx_word' id='word_1_115' title='bbox 1083 2284 1313 2348; x_wconf 88' lang='lat' dir='ltr'><strong>horum</strong></span> <span class='ocrx_word' id='word_1_116' title='bbox 1370 2283 1671 2361; x_wconf 87' lang='lat' dir='ltr'><strong>militum,</strong></span> <span class='ocrx_word' id='word_1_117' title='bbox 1726 2302 1916 2366; x_wconf 89' lang='lat' dir='ltr'><strong>super</strong></span> 
     </span>
     <span class='ocr_line' id='line_1_21' title="bbox 404 2382 1913 2465; baseline -0.001 -20"><span class='ocrx_word' id='word_1_118' title='bbox 404 2401 603 2465; x_wconf 91' lang='lat' dir='ltr'><strong>quem</strong></span> <span class='ocrx_word' id='word_1_119' title='bbox 635 2383 855 2445; x_wconf 91' lang='lat' dir='ltr'><strong>lumen</strong></span> <span class='ocrx_word' id='word_1_120' title='bbox 878 2383 988 2445; x_wconf 90' lang='lat' dir='ltr'><strong>Dei</strong></span> <span class='ocrx_word' id='word_1_121' title='bbox 1021 2401 1148 2445; x_wconf 91' lang='lat' dir='ltr'><strong>non</strong></span> <span class='ocrx_word' id='word_1_122' title='bbox 1182 2382 1533 2465; x_wconf 82' lang='lat' dir='ltr'><strong>splendeat,</strong></span> <span class='ocrx_word' id='word_1_123' title='bbox 1555 2390 1763 2445; x_wconf 88' lang='lat' dir='ltr'><strong>certus</strong></span> <span class='ocrx_word' id='word_1_124' title='bbox 1784 2400 1913 2446; x_wconf 91' lang='lat' dir='ltr'><strong>non</strong></span> 
     </span>
     <span class='ocr_line' id='line_1_22' title="bbox 406 2480 1914 2564; baseline 0 -21"><span class='ocrx_word' id='word_1_125' title='bbox 406 2490 507 2544; x_wconf 85' lang='lat' dir='ltr'><strong>est</strong></span> <span class='ocrx_word' id='word_1_126' title='bbox 558 2483 751 2546; x_wconf 90' lang='lat' dir='ltr'><strong>modo</strong></span> <span class='ocrx_word' id='word_1_127' title='bbox 804 2480 1095 2564; x_wconf 80' lang='lat' dir='ltr'><strong>praei&#39;ato.</strong></span> <span class='ocrx_word' id='word_1_128' title='bbox 1150 2481 1320 2545; x_wconf 81' lang='lat' dir='ltr'>Beati</span> <span class='ocrx_word' id='word_1_129' title='bbox 1368 2481 1541 2543; x_wconf 88' lang='lat' dir='ltr'><strong>enim</strong></span> <span class='ocrx_word' id='word_1_130' title='bbox 1592 2482 1658 2543; x_wconf 92' lang='lat' dir='ltr'><strong>in</strong></span> <span class='ocrx_word' id='word_1_131' title='bbox 1710 2482 1914 2564; x_wconf 89' lang='lat' dir='ltr'><strong>patria</strong></span> 
     </span>
     <span class='ocr_line' id='line_1_23' title="bbox 406 2579 1909 2643; baseline -0.001 0"><span class='ocrx_word' id='word_1_132' title='bbox 406 2599 635 2643; x_wconf 89' lang='lat' dir='ltr'><strong>omnes</strong></span> <span class='ocrx_word' id='word_1_133' title='bbox 683 2580 1051 2643; x_wconf 89' lang='lat' dir='ltr'><strong>immediate</strong></span> <span class='ocrx_word' id='word_1_134' title='bbox 1090 2580 1445 2642; x_wconf 89' lang='lat' dir='ltr'><strong>sortiuntur</strong></span> <span class='ocrx_word' id='word_1_135' title='bbox 1475 2600 1512 2641; x_wconf 89' lang='lat' dir='ltr'><strong>a</strong></span> <span class='ocrx_word' id='word_1_136' title='bbox 1539 2579 1663 2643; x_wconf 89' lang='lat' dir='ltr'><strong>Deo</strong></span> <span class='ocrx_word' id='word_1_137' title='bbox 1694 2580 1909 2642; x_wconf 90' lang='lat' dir='ltr'><strong>lumen</strong></span> 
     </span>
     <span class='ocr_line' id='line_1_24' title="bbox 406 2678 1913 2760; baseline -0.001 -18"><span class='ocrx_word' id='word_1_138' title='bbox 406 2678 655 2760; x_wconf 82' lang='lat' dir='ltr'><strong>gloriae,</strong></span> <span class='ocrx_word' id='word_1_139' title='bbox 678 2678 1178 2760; x_wconf 80' lang='lat' dir='ltr'><strong>beatificamque</strong></span> <span class='ocrx_word' id='word_1_140' title='bbox 1208 2678 1445 2742; x_wconf 82' lang='lat' dir='ltr'><strong>divinae</strong></span> <span class='ocrx_word' id='word_1_141' title='bbox 1474 2678 1765 2741; x_wconf 79' lang='lat' dir='ltr'><strong>essentiae</strong></span> <span class='ocrx_word' id='word_1_142' title='bbox 1794 2678 1913 2741; x_wconf 89' lang='lat' dir='ltr'><strong>cla-</strong></span> 
     </span>
     <span class='ocr_line' id='line_1_25' title="bbox 407 2776 1908 2853; baseline 0.001 -15"><span class='ocrx_word' id='word_1_143' title='bbox 407 2777 734 2839; x_wconf 87' lang='lat' dir='ltr'><strong>rissimam</strong></span> <span class='ocrx_word' id='word_1_144' title='bbox 776 2777 1087 2840; x_wconf 82' lang='lat' dir='ltr'><strong>visionem</strong></span> <span class='ocrx_word' id='word_1_145' title='bbox 1125 2784 1188 2839; x_wconf 91' lang='lat' dir='ltr'><strong>et</strong></span> <span class='ocrx_word' id='word_1_146' title='bbox 1227 2776 1787 2853; x_wconf 82' lang='lat' dir='ltr'><strong>illuminationem,</strong></span> <span class='ocrx_word' id='word_1_147' title='bbox 1830 2778 1908 2839; x_wconf 90' lang='lat' dir='ltr'><strong>ad</strong></span> 
     </span>
     <span class='ocr_line' id='line_1_26' title="bbox 406 2874 1908 2956; baseline 0 -19"><span class='ocrx_word' id='word_1_148' title='bbox 406 2894 484 2937; x_wconf 92' lang='lat' dir='ltr'><strong>ea</strong></span> <span class='ocrx_word' id='word_1_149' title='bbox 515 2876 837 2938; x_wconf 90' lang='lat' dir='ltr'><strong>noscenda</strong></span> <span class='ocrx_word' id='word_1_150' title='bbox 871 2894 1015 2956; x_wconf 80' lang='lat' dir='ltr'><strong>quae</strong></span> <span class='ocrx_word' id='word_1_151' title='bbox 1053 2875 1132 2937; x_wconf 91' lang='lat' dir='ltr'><strong>ad</strong></span> <span class='ocrx_word' id='word_1_152' title='bbox 1172 2874 1628 2937; x_wconf 81' lang='lat' dir='ltr'><strong>beatitudinem</strong></span> <span class='ocrx_word' id='word_1_153' title='bbox 1670 2875 1908 2938; x_wconf 82' lang='lat' dir='ltr'><strong>directe</strong></span> 
     </span>
     <span class='ocr_line' id='line_1_27' title="bbox 407 2973 1907 3056; baseline 0 -21"><span class='ocrx_word' id='word_1_154' title='bbox 407 2993 481 3036; x_wconf 91' lang='lat' dir='ltr'><strong>ac</strong></span> <span class='ocrx_word' id='word_1_155' title='bbox 514 2974 779 3055; x_wconf 82' lang='lat' dir='ltr'><strong>proprie</strong></span> <span class='ocrx_word' id='word_1_156' title='bbox 810 2973 1155 3056; x_wconf 85' lang='lat' dir='ltr'><strong>pertinent,</strong></span> <span class='ocrx_word' id='word_1_157' title='bbox 1190 2982 1259 3035; x_wconf 92' lang='lat' dir='ltr'><strong>ut</strong></span> <span class='ocrx_word' id='word_1_158' title='bbox 1288 2982 1383 3035; x_wconf 90' lang='lat' dir='ltr'><strong>est</strong></span> <span class='ocrx_word' id='word_1_159' title='bbox 1420 2974 1701 3053; x_wconf 79' lang='lat' dir='ltr'><strong>cognitio</strong></span> <span class='ocrx_word' id='word_1_160' title='bbox 1739 2974 1907 3037; x_wconf 82' lang='lat' dir='ltr'><strong>ordi-</strong></span> 
     </span>
    </p>
   </div>
   <div class='ocr_carea' id='block_1_12' title="bbox 2030 798 3520 1276">
    <p class='ocr_par' dir='ltr' id='par_1_13' title="bbox 2030 798 3520 1276">
     <span class='ocr_line' id='line_1_28' title="bbox 2035 798 3520 881; baseline -0.001 -21"><span class='ocrx_word' id='word_1_161' title='bbox 2035 809 2221 877; x_wconf 90' lang='lat' dir='ltr'><strong>reret,</strong></span> <span class='ocrx_word' id='word_1_162' title='bbox 2257 807 2365 862; x_wconf 88' lang='lat' dir='ltr'><strong>aut</strong></span> <span class='ocrx_word' id='word_1_163' title='bbox 2395 800 2636 862; x_wconf 92' lang='lat' dir='ltr'><strong>nullam</strong></span> <span class='ocrx_word' id='word_1_164' title='bbox 2676 818 2958 881; x_wconf 92' lang='lat' dir='ltr'><strong>unquam</strong></span> <span class='ocrx_word' id='word_1_165' title='bbox 3001 798 3344 863; x_wconf 87' lang='lat' dir='ltr'><strong>incurrisse</strong></span> <span class='ocrx_word' id='word_1_166' title='bbox 3389 816 3520 859; x_wconf 90' lang='lat' dir='ltr'><strong>ma·</strong></span> 
     </span>
     <span class='ocr_line' id='line_1_29' title="bbox 2031 896 3520 982; baseline -0.002 -21"><span class='ocrx_word' id='word_1_167' title='bbox 2031 898 2241 961; x_wconf 89' lang='lat' dir='ltr'><strong>culam</strong></span> <span class='ocrx_word' id='word_1_168' title='bbox 2289 918 2363 961; x_wconf 86' lang='lat' dir='ltr'><strong>ex</strong></span> <span class='ocrx_word' id='word_1_169' title='bbox 2413 898 2626 961; x_wconf 90' lang='lat' dir='ltr'><strong>carnis</strong></span> <span class='ocrx_word' id='word_1_170' title='bbox 2673 898 3039 982; x_wconf 80' lang='lat' dir='ltr'><strong>propagine,</strong></span> <span class='ocrx_word' id='word_1_171' title='bbox 3077 896 3420 978; x_wconf 84' lang='lat' dir='ltr'><strong>fragilitate</strong></span> <span class='ocrx_word' id='word_1_172' title='bbox 3457 904 3520 959; x_wconf 91' lang='lat' dir='ltr'><strong>et</strong></span> 
     </span>
     <span class='ocr_line' id='line_1_30' title="bbox 2032 995 3518 1079; baseline 0 -22"><span class='ocrx_word' id='word_1_173' title='bbox 2032 995 2382 1060; x_wconf 84' lang='lat' dir='ltr'><strong>infectione</strong></span> <span class='ocrx_word' id='word_1_174' title='bbox 2427 1021 2441 1072; x_wconf 84' lang='lat'>3</span> <span class='ocrx_word' id='word_1_175' title='bbox 2495 998 2604 1060; x_wconf 93' lang='lat' dir='ltr'><strong>sed</strong></span> <span class='ocrx_word' id='word_1_176' title='bbox 2655 996 2930 1079; x_wconf 85' lang='lat' dir='ltr'><strong>qualiter</strong></span> <span class='ocrx_word' id='word_1_177' title='bbox 2977 1015 3045 1059; x_wconf 92' lang='lat' dir='ltr'><strong>se</strong></span> <span class='ocrx_word' id='word_1_178' title='bbox 3087 996 3327 1077; x_wconf 84' lang='lat' dir='ltr'><strong>justum</strong></span> <span class='ocrx_word' id='word_1_179' title='bbox 3379 1013 3518 1057; x_wconf 88' lang='lat' dir='ltr'><strong>esse</strong></span> 
     </span>
     <span class='ocr_line' id='line_1_31' title="bbox 2030 1094 3514 1176; baseline 0 -19"><span class='ocrx_word' id='word_1_180' title='bbox 2030 1103 2296 1157; x_wconf 57' lang='lat' dir='ltr'><strong>‘testatus</strong></span> <span class='ocrx_word' id='word_1_181' title='bbox 2328 1095 2430 1171; x_wconf 88' lang='lat' dir='ltr'><strong>sit,</strong></span> <span class='ocrx_word' id='word_1_182' title='bbox 2458 1094 2827 1176; x_wconf 79' lang='lat' dir='ltr'><strong>frequenter</strong></span> <span class='ocrx_word' id='word_1_183' title='bbox 2855 1094 2984 1175; x_wconf 91' lang='lat' dir='ltr'><strong>jam</strong></span> <span class='ocrx_word' id='word_1_184' title='bbox 3015 1094 3254 1157; x_wconf 90' lang='lat' dir='ltr'><strong>dictum</strong></span> <span class='ocrx_word' id='word_1_185' title='bbox 3287 1094 3514 1157; x_wconf 83' lang='lat' dir='ltr'><strong>cst.Ad</strong></span> 
     </span>
     <span class='ocr_line' id='line_1_32' title="bbox 2030 1193 3518 1276; baseline -0.001 -19"><span class='ocrx_word' id='word_1_186' title='bbox 2030 1193 2292 1257; x_wconf 89' lang='lat' dir='ltr'><strong>verbum</strong></span> <span class='ocrx_word' id='word_1_187' title='bbox 2333 1202 2543 1257; x_wconf 89' lang='lat' dir='ltr'><strong>tamen</strong></span> <span class='ocrx_word' id='word_1_188' title='bbox 2587 1194 2812 1257; x_wconf 88' lang='lat' dir='ltr'><strong>Baldad</strong></span> <span class='ocrx_word' id='word_1_189' title='bbox 2857 1193 3165 1276; x_wconf 88' lang='lat' dir='ltr'><strong>applicari</strong></span> <span class='ocrx_word' id='word_1_190' title='bbox 3203 1200 3412 1275; x_wconf 83' lang='lat' dir='ltr'><strong>potest</strong></span> <span class='ocrx_word' id='word_1_191' title='bbox 3445 1193 3518 1256; x_wconf 91' lang='lat' dir='ltr'><strong>il·</strong></span> 
     </span>
    </p>
   </div>
   <div class='ocr_carea' id='block_1_13' title="bbox 2030 1292 3808 1373">
    <p class='ocr_par' dir='ltr' id='par_1_14' title="bbox 2030 1292 3808 1373">
     <span class='ocr_line' id='line_1_33' title="bbox 2030 1292 3808 1373; baseline 0.003 -20"><span class='ocrx_word' id='word_1_192' title='bbox 2030 1292 2138 1354; x_wconf 92' lang='lat' dir='ltr'><strong>lud</strong></span> <span class='ocrx_word' id='word_1_193' title='bbox 2160 1292 2420 1357; x_wconf 85' lang='lat' dir='ltr'><strong>Genesis</strong></span> <span class='ocrx_word' id='word_1_194' title='bbox 2447 1293 2719 1357; x_wconf 88' lang='lat' dir='ltr'><strong>:Sensus</strong></span> <span class='ocrx_word' id='word_1_195' title='bbox 2749 1302 2811 1357; x_wconf 87' lang='lat' dir='ltr'><strong>et</strong></span> <span class='ocrx_word' id='word_1_196' title='bbox 2840 1293 3136 1373; x_wconf 81' lang='lat' dir='ltr'><strong>cogitatio</strong></span> <span class='ocrx_word' id='word_1_197' title='bbox 3167 1292 3375 1357; x_wconf 89' lang='lat' dir='ltr'><strong>cordis</strong></span> <span class='ocrx_word' id='word_1_198' title='bbox 3405 1292 3516 1354; x_wconf 90' lang='lat' dir='ltr'><strong>hu·</strong></span> <span class='ocrx_word' id='word_1_199' title='bbox 3546 1312 3808 1365; x_wconf 65' lang='lat' dir='ltr'><strong>omnum.</strong></span> 
     </span>
    </p>
   </div>
   <div class='ocr_carea' id='block_1_14' title="bbox 2026 1391 3518 1867">
    <p class='ocr_par' dir='ltr' id='par_1_15' title="bbox 2026 1391 3518 1867">
     <span class='ocr_line' id='line_1_34' title="bbox 2028 1391 3518 1473; baseline 0.002 -22"><span class='ocrx_word' id='word_1_200' title='bbox 2028 1392 2200 1452; x_wconf 85' lang='lat' dir='ltr'><strong>mani</strong></span> <span class='ocrx_word' id='word_1_201' title='bbox 2228 1411 2428 1473; x_wconf 88' lang='lat' dir='ltr'><strong>prona</strong></span> <span class='ocrx_word' id='word_1_202' title='bbox 2457 1401 2606 1455; x_wconf 92' lang='lat' dir='ltr'><strong>sunt</strong></span> <span class='ocrx_word' id='word_1_203' title='bbox 2636 1393 2700 1455; x_wconf 89' lang='lat' dir='ltr'><strong>in</strong></span> <span class='ocrx_word' id='word_1_204' title='bbox 2733 1392 2970 1455; x_wconf 89' lang='lat' dir='ltr'><strong>malum</strong></span> <span class='ocrx_word' id='word_1_205' title='bbox 2993 1392 3072 1454; x_wconf 89' lang='lat' dir='ltr'><strong>ab</strong></span> <span class='ocrx_word' id='word_1_206' title='bbox 3093 1391 3518 1455; x_wconf 87' lang='lat' dir='ltr'><strong>adolescentia</strong></span> 
     </span>
     <span class='ocr_line' id='line_1_35' title="bbox 2028 1490 3517 1575; baseline 0.002 -24"><span class='ocrx_word' id='word_1_207' title='bbox 2028 1509 2166 1553; x_wconf 88' lang='lat' dir='ltr'><strong>sua.</strong></span> <span class='ocrx_word' id='word_1_208' title='bbox 2201 1490 2410 1556; x_wconf 91' lang='lat' dir='ltr'><strong>Nihilo</strong></span> <span class='ocrx_word' id='word_1_209' title='bbox 2453 1493 2666 1555; x_wconf 90' lang='lat' dir='ltr'><strong>minus</strong></span> <span class='ocrx_word' id='word_1_210' title='bbox 2707 1492 2872 1555; x_wconf 90' lang='lat' dir='ltr'><strong>Deus</strong></span> <span class='ocrx_word' id='word_1_211' title='bbox 2912 1511 3024 1575; x_wconf 87' lang='lat' dir='ltr'><strong>per</strong></span> <span class='ocrx_word' id='word_1_212' title='bbox 3060 1491 3326 1573; x_wconf 83' lang='lat' dir='ltr'><strong>gratiam</strong></span> <span class='ocrx_word' id='word_1_213' title='bbox 3370 1511 3517 1574; x_wconf 86' lang='lat' dir='ltr'><strong>sup-</strong></span> 
     </span>
     <span class='ocr_line' id='line_1_36' title="bbox 2026 1588 3393 1673; baseline 0.002 -22"><span class='ocrx_word' id='word_1_214' title='bbox 2026 1590 2206 1671; x_wconf 86' lang='lat' dir='ltr'><strong>plere</strong></span> <span class='ocrx_word' id='word_1_215' title='bbox 2238 1588 2511 1654; x_wconf 86' lang='lat' dir='ltr'><strong>faciliter</strong></span> <span class='ocrx_word' id='word_1_216' title='bbox 2541 1599 2748 1673; x_wconf 92' lang='lat' dir='ltr'><strong>potest</strong></span> <span class='ocrx_word' id='word_1_217' title='bbox 2779 1599 3020 1653; x_wconf 81' lang='lat' dir='ltr'><strong>naturae</strong></span> <span class='ocrx_word' id='word_1_218' title='bbox 3051 1589 3393 1655; x_wconf 80' lang='lat' dir='ltr'><strong>defectum.</strong></span> 
     </span>
     <span class='ocr_line' id='line_1_37' title="bbox 2108 1690 3516 1768; baseline 0.003 -19"><span class='ocrx_word' id='word_1_219' title='bbox 2108 1690 2272 1749; x_wconf 83' lang='lat' dir='ltr'><strong>Ecce.</strong></span> <span class='ocrx_word' id='word_1_220' title='bbox 2298 1690 2496 1751; x_wconf 75' lang='lat' dir='ltr'><strong>eciam</strong></span> <span class='ocrx_word' id='word_1_221' title='bbox 2527 1694 2686 1751; x_wconf 80' lang='lat' dir='ltr'><strong>luna</strong></span> <span class='ocrx_word' id='word_1_222' title='bbox 2718 1711 2840 1750; x_wconf 78' lang='lat' dir='ltr'><strong>uon</strong></span> <span class='ocrx_word' id='word_1_223' title='bbox 2875 1692 3182 1768; x_wconf 73' lang='lat' dir='ltr'><strong>splendet,</strong></span> <span class='ocrx_word' id='word_1_224' title='bbox 3223 1699 3282 1751; x_wconf 80' lang='lat' dir='ltr'><strong>et</strong></span> <span class='ocrx_word' id='word_1_225' title='bbox 3321 1694 3516 1753; x_wconf 77' lang='lat' dir='ltr'><strong>stelloe</strong></span> 
     </span>
     <span class='ocr_line' id='line_1_38' title="bbox 2027 1788 3513 1867; baseline 0.003 -20"><span class='ocrx_word' id='word_1_226' title='bbox 2027 1808 2153 1848; x_wconf 74' lang='lat' dir='ltr'><strong>non</strong></span> <span class='ocrx_word' id='word_1_227' title='bbox 2205 1798 2359 1849; x_wconf 75' lang='lat' dir='ltr'><strong>sunt</strong></span> <span class='ocrx_word' id='word_1_228' title='bbox 2409 1792 2672 1850; x_wconf 68' lang='lat' dir='ltr'><strong>mundae</strong></span> <span class='ocrx_word' id='word_1_229' title='bbox 2718 1791 2789 1849; x_wconf 79' lang='lat' dir='ltr'><strong>in</strong></span> <span class='ocrx_word' id='word_1_230' title='bbox 2840 1800 3172 1866; x_wconf 78' lang='lat' dir='ltr'><strong>conspectu</strong></span> <span class='ocrx_word' id='word_1_231' title='bbox 3219 1790 3357 1867; x_wconf 68' lang='lat' dir='ltr'><strong>‹y&#39;us</strong></span> <span class='ocrx_word' id='word_1_232' title='bbox 3388 1811 3411 1850; x_wconf 92' lang='lat'><strong>.·</strong></span> <span class='ocrx_word' id='word_1_233' title='bbox 3450 1788 3513 1853; x_wconf 89' lang='lat' dir='ltr'><strong>id</strong></span> 
     </span>
    </p>
   </div>
   <div class='ocr_carea' id='block_1_15' title="bbox 240 1886 3510 1970">
    <p class='ocr_par' dir='ltr' id='par_1_16' title="bbox 240 1886 3510 1970">
     <span class='ocr_line' id='line_1_39' title="bbox 240 1886 3510 1970; baseline -0.001 -16"><span class='ocrx_word' id='word_1_234' title='bbox 240 1944 253 1954; x_wconf 93' lang='lat'><strong><em>.</em></strong></span> <span class='ocrx_word' id='word_1_235' title='bbox 310 1926 365 1963; x_wconf 73' lang='lat' dir='ltr'><strong>n,</strong></span> <span class='ocrx_word' id='word_1_236' title='bbox 408 1907 547 1970; x_wconf 86' lang='lat' dir='ltr'><strong>que</strong></span> <span class='ocrx_word' id='word_1_237' title='bbox 596 1906 608 1949; x_wconf 92' lang='lat'>:</span> <span class='ocrx_word' id='word_1_238' title='bbox 655 1886 1031 1951; x_wconf 90' lang='lat' dir='ltr'><strong>Accessistis</strong></span> <span class='ocrx_word' id='word_1_239' title='bbox 1082 1887 1160 1950; x_wconf 89' lang='lat' dir='ltr'><strong>ad</strong></span> <span class='ocrx_word' id='word_1_240' title='bbox 1202 1886 1549 1949; x_wconf 87' lang='lat' dir='ltr'><strong>Jerusalem</strong></span> <span class='ocrx_word' id='word_1_241' title='bbox 1591 1886 1913 1949; x_wconf 88' lang='lat' dir='ltr'><strong>coelestem</strong></span> <span class='ocrx_word' id='word_1_242' title='bbox 1954 1889 1999 1951; x_wconf 93' lang='lat' dir='ltr'>B</span> <span class='ocrx_word' id='word_1_243' title='bbox 2028 1894 2141 1963; x_wconf 90' lang='lat' dir='ltr'><strong>est,</strong></span> <span class='ocrx_word' id='word_1_244' title='bbox 2181 1895 2354 1949; x_wconf 87' lang='lat' dir='ltr'><strong>tanta</strong></span> <span class='ocrx_word' id='word_1_245' title='bbox 2382 1895 2478 1950; x_wconf 91' lang='lat' dir='ltr'><strong>est</strong></span> <span class='ocrx_word' id='word_1_246' title='bbox 2506 1888 2759 1952; x_wconf 86' lang='lat' dir='ltr'><strong>claritas</strong></span> <span class='ocrx_word' id='word_1_247' title='bbox 2794 1896 2986 1969; x_wconf 89' lang='lat' dir='ltr'><strong>atque</strong></span> <span class='ocrx_word' id='word_1_248' title='bbox 3024 1888 3340 1951; x_wconf 89' lang='lat' dir='ltr'><strong>munditia</strong></span> <span class='ocrx_word' id='word_1_249' title='bbox 3380 1888 3510 1966; x_wconf 91' lang='lat' dir='ltr'><strong>Dei,</strong></span> 
     </span>
    </p>
   </div>
   <div class='ocr_carea' id='block_1_16' title="bbox 2012 1985 3518 3052">
    <p class='ocr_par' dir='ltr' id='par_1_17' title="bbox 2012 1985 3518 3052">
     <span class='ocr_line' id='line_1_40' title="bbox 2027 1985 3516 2070; baseline 0.002 -25"><span class='ocrx_word' id='word_1_250' title='bbox 2027 1985 2198 2065; x_wconf 88' lang='lat' dir='ltr'><strong>quod</strong></span> <span class='ocrx_word' id='word_1_251' title='bbox 2229 1985 2704 2067; x_wconf 90' lang='lat' dir='ltr'><strong>comparatione</strong></span> <span class='ocrx_word' id='word_1_252' title='bbox 2736 1986 2939 2070; x_wconf 90' lang='lat' dir='ltr'><strong>ipsius</strong></span> <span class='ocrx_word' id='word_1_253' title='bbox 2971 1986 3122 2049; x_wconf 87' lang='lat' dir='ltr'><strong>luna</strong></span> <span class='ocrx_word' id='word_1_254' title='bbox 3151 2005 3276 2051; x_wconf 93' lang='lat' dir='ltr'><strong>non</strong></span> <span class='ocrx_word' id='word_1_255' title='bbox 3305 1987 3516 2069; x_wconf 91' lang='lat' dir='ltr'><strong>splen—</strong></span> 
     </span>
     <span class='ocr_line' id='line_1_41' title="bbox 2024 2084 3516 2166; baseline 0.002 -21"><span class='ocrx_word' id='word_1_256' title='bbox 2024 2084 2153 2160; x_wconf 88' lang='lat' dir='ltr'><strong>det,</strong></span> <span class='ocrx_word' id='word_1_257' title='bbox 2177 2103 2293 2147; x_wconf 91' lang='lat' dir='ltr'><strong>nec</strong></span> <span class='ocrx_word' id='word_1_258' title='bbox 2323 2084 2531 2148; x_wconf 90' lang='lat' dir='ltr'><strong>sidera</strong></span> <span class='ocrx_word' id='word_1_259' title='bbox 2559 2086 2798 2147; x_wconf 89' lang='lat' dir='ltr'><strong>munda</strong></span> <span class='ocrx_word' id='word_1_260' title='bbox 2829 2093 3015 2147; x_wconf 90' lang='lat' dir='ltr'><strong>sunt:</strong></span> <span class='ocrx_word' id='word_1_261' title='bbox 3048 2084 3349 2166; x_wconf 89' lang='lat' dir='ltr'><strong>quoniam</strong></span> <span class='ocrx_word' id='word_1_262' title='bbox 3383 2103 3516 2148; x_wconf 90' lang='lat' dir='ltr'><strong>om·-</strong></span> 
     </span>
     <span class='ocr_line' id='line_1_42' title="bbox 2024 2182 3514 2260; baseline 0.003 -16"><span class='ocrx_word' id='word_1_263' title='bbox 2024 2182 2123 2244; x_wconf 92' lang='lat' dir='ltr'><strong>nis</strong></span> <span class='ocrx_word' id='word_1_264' title='bbox 2157 2191 2446 2246; x_wconf 89' lang='lat' dir='ltr'><strong>creatura</strong></span> <span class='ocrx_word' id='word_1_265' title='bbox 2471 2203 2506 2245; x_wconf 86' lang='lat' dir='ltr'><strong>a</strong></span> <span class='ocrx_word' id='word_1_266' title='bbox 2527 2182 2880 2247; x_wconf 87' lang='lat' dir='ltr'><strong>divinitatis</strong></span> <span class='ocrx_word' id='word_1_267' title='bbox 2913 2184 3259 2260; x_wconf 90' lang='lat' dir='ltr'><strong>sanctitate,</strong></span> <span class='ocrx_word' id='word_1_268' title='bbox 3282 2185 3422 2249; x_wconf 91' lang='lat' dir='ltr'><strong>luce</strong></span> <span class='ocrx_word' id='word_1_269' title='bbox 3441 2204 3514 2249; x_wconf 86' lang='lat' dir='ltr'><strong>ac</strong></span> 
     </span>
     <span class='ocr_line' id='line_1_43' title="bbox 2026 2281 3518 2364; baseline 0.001 -20"><span class='ocrx_word' id='word_1_270' title='bbox 2026 2281 2305 2364; x_wconf 87' lang='lat' dir='ltr'><strong>puritate</strong></span> <span class='ocrx_word' id='word_1_271' title='bbox 2343 2281 2555 2358; x_wconf 89' lang='lat' dir='ltr'><strong>distat,</strong></span> <span class='ocrx_word' id='word_1_272' title='bbox 2597 2282 2919 2346; x_wconf 91' lang='lat' dir='ltr'><strong>occumbit</strong></span> <span class='ocrx_word' id='word_1_273' title='bbox 2949 2301 3021 2345; x_wconf 90' lang='lat' dir='ltr'><strong>ac</strong></span> <span class='ocrx_word' id='word_1_274' title='bbox 3051 2282 3272 2345; x_wconf 81' lang='lat' dir='ltr'><strong>deficit</strong></span> <span class='ocrx_word' id='word_1_275' title='bbox 3303 2282 3518 2345; x_wconf 77' lang='lat' dir='ltr'><strong>infini-</strong></span> 
     </span>
     <span class='ocr_line' id='line_1_44' title="bbox 2026 2379 3511 2463; baseline 0.003 -22"><span class='ocrx_word' id='word_1_276' title='bbox 2026 2388 2105 2443; x_wconf 88' lang='lat' dir='ltr'><strong>te.</strong></span> <span class='ocrx_word' id='word_1_277' title='bbox 2144 2379 2312 2457; x_wconf 89' lang='lat' dir='ltr'><strong>Ideo,</strong></span> <span class='ocrx_word' id='word_1_278' title='bbox 2346 2380 2512 2443; x_wconf 89' lang='lat' dir='ltr'><strong>sicut</strong></span> <span class='ocrx_word' id='word_1_279' title='bbox 2540 2381 2713 2462; x_wconf 92' lang='lat' dir='ltr'><strong>quod</strong></span> <span class='ocrx_word' id='word_1_280' title='bbox 2743 2381 2992 2444; x_wconf 91' lang='lat' dir='ltr'><strong>modice</strong></span> <span class='ocrx_word' id='word_1_281' title='bbox 3025 2381 3359 2463; x_wconf 90' lang='lat' dir='ltr'><strong>pulchrum</strong></span> <span class='ocrx_word' id='word_1_282' title='bbox 3393 2392 3511 2461; x_wconf 89' lang='lat' dir='ltr'><strong>est,</strong></span> 
     </span>
     <span class='ocr_line' id='line_1_45' title="bbox 2020 2478 3511 2561; baseline 0.001 -20"><span class='ocrx_word' id='word_1_283' title='bbox 2020 2478 2498 2559; x_wconf 86' lang='lat' dir='ltr'><strong>comparatione</strong></span> <span class='ocrx_word' id='word_1_284' title='bbox 2519 2478 2658 2559; x_wconf 84' lang='lat' dir='ltr'><strong>ejus</strong></span> <span class='ocrx_word' id='word_1_285' title='bbox 2681 2479 2849 2561; x_wconf 91' lang='lat' dir='ltr'><strong>quod</strong></span> <span class='ocrx_word' id='word_1_286' title='bbox 2881 2478 3149 2541; x_wconf 89' lang='lat' dir='ltr'><strong>multum</strong></span> <span class='ocrx_word' id='word_1_287' title='bbox 3175 2479 3511 2561; x_wconf 89' lang='lat' dir='ltr'><strong>pulchrum</strong></span> 
     </span>
     <span class='ocr_line' id='line_1_46' title="bbox 2019 2576 3513 2659; baseline 0.001 -19"><span class='ocrx_word' id='word_1_288' title='bbox 2019 2586 2129 2653; x_wconf 89' lang='lat' dir='ltr'><strong>est,</strong></span> <span class='ocrx_word' id='word_1_289' title='bbox 2148 2596 2276 2639; x_wconf 90' lang='lat' dir='ltr'><strong>non</strong></span> <span class='ocrx_word' id='word_1_290' title='bbox 2307 2576 2542 2640; x_wconf 85' lang='lat' dir='ltr'><strong>dicitur</strong></span> <span class='ocrx_word' id='word_1_291' title='bbox 2570 2578 2940 2659; x_wconf 81' lang='lat' dir='ltr'><strong>pulchrum3</strong></span> <span class='ocrx_word' id='word_1_292' title='bbox 2973 2578 3066 2641; x_wconf 90' lang='lat' dir='ltr'><strong>sic</strong></span> <span class='ocrx_word' id='word_1_293' title='bbox 3096 2578 3250 2641; x_wconf 89' lang='lat' dir='ltr'><strong>luna</strong></span> <span class='ocrx_word' id='word_1_294' title='bbox 3279 2586 3342 2641; x_wconf 92' lang='lat' dir='ltr'><strong>ct</strong></span> <span class='ocrx_word' id='word_1_295' title='bbox 3370 2580 3513 2643; x_wconf 86' lang='lat' dir='ltr'><strong>stel-</strong></span> 
     </span>
     <span class='ocr_line' id='line_1_47' title="bbox 2019 2675 3511 2756; baseline 0.003 -19"><span class='ocrx_word' id='word_1_296' title='bbox 2019 2676 2110 2751; x_wconf 81' lang='lat' dir='ltr'><strong>lae,</strong></span> <span class='ocrx_word' id='word_1_297' title='bbox 2126 2676 2336 2756; x_wconf 91' lang='lat' dir='ltr'><strong>quoad</strong></span> <span class='ocrx_word' id='word_1_298' title='bbox 2358 2675 2574 2753; x_wconf 87' lang='lat' dir='ltr'><strong>Deum,</strong></span> <span class='ocrx_word' id='word_1_299' title='bbox 2591 2693 2716 2739; x_wconf 91' lang='lat' dir='ltr'><strong>non</strong></span> <span class='ocrx_word' id='word_1_300' title='bbox 2745 2676 3005 2756; x_wconf 82' lang='lat' dir='ltr'><strong>fulgent.</strong></span> <span class='ocrx_word' id='word_1_301' title='bbox 3021 2676 3142 2741; x_wconf 91' lang='lat' dir='ltr'><strong>Ncc</strong></span> <span class='ocrx_word' id='word_1_302' title='bbox 3166 2676 3320 2742; x_wconf 80' lang='lat' dir='ltr'><strong>facit</strong></span> <span class='ocrx_word' id='word_1_303' title='bbox 3343 2696 3511 2741; x_wconf 85' lang='lat' dir='ltr'><strong>men-</strong></span> 
     </span>
     <span class='ocr_line' id='line_1_48' title="bbox 2020 2773 3509 2858; baseline 0.004 -24"><span class='ocrx_word' id='word_1_304' title='bbox 2020 2774 2255 2836; x_wconf 90' lang='lat' dir='ltr'><strong>tionem</strong></span> <span class='ocrx_word' id='word_1_305' title='bbox 2280 2774 2358 2836; x_wconf 91' lang='lat' dir='ltr'><strong>de</strong></span> <span class='ocrx_word' id='word_1_306' title='bbox 2380 2773 2524 2847; x_wconf 91' lang='lat' dir='ltr'><strong>sole,</strong></span> <span class='ocrx_word' id='word_1_307' title='bbox 2543 2774 2706 2837; x_wconf 90' lang='lat' dir='ltr'><strong>sicut</strong></span> <span class='ocrx_word' id='word_1_308' title='bbox 2725 2775 2802 2837; x_wconf 86' lang='lat' dir='ltr'><strong>de</strong></span> <span class='ocrx_word' id='word_1_309' title='bbox 2828 2774 2978 2837; x_wconf 90' lang='lat' dir='ltr'><strong>luna</strong></span> <span class='ocrx_word' id='word_1_310' title='bbox 3008 2785 3071 2838; x_wconf 90' lang='lat' dir='ltr'><strong>et</strong></span> <span class='ocrx_word' id='word_1_311' title='bbox 3099 2776 3298 2839; x_wconf 88' lang='lat' dir='ltr'><strong>stellis</strong></span> <span class='ocrx_word' id='word_1_312' title='bbox 3326 2794 3340 2839; x_wconf 71' lang='grc' dir='ltr'>ε</span> <span class='ocrx_word' id='word_1_313' title='bbox 3365 2794 3509 2858; x_wconf 92' lang='lat' dir='ltr'><strong>quo·</strong></span> 
     </span>
     <span class='ocr_line' id='line_1_49' title="bbox 2018 2872 3507 2955; baseline 0.002 -21"><span class='ocrx_word' id='word_1_314' title='bbox 2018 2872 2192 2935; x_wconf 89' lang='lat' dir='ltr'><strong>niam</strong></span> <span class='ocrx_word' id='word_1_315' title='bbox 2233 2891 2361 2937; x_wconf 93' lang='lat' dir='ltr'><strong>non</strong></span> <span class='ocrx_word' id='word_1_316' title='bbox 2405 2872 2694 2936; x_wconf 86' lang='lat' dir='ltr'><strong>videmus</strong></span> <span class='ocrx_word' id='word_1_317' title='bbox 2745 2874 2942 2937; x_wconf 91' lang='lat' dir='ltr'><strong>solem</strong></span> <span class='ocrx_word' id='word_1_318' title='bbox 2993 2875 3216 2955; x_wconf 84' lang='lat' dir='ltr'><strong>majori</strong></span> <span class='ocrx_word' id='word_1_319' title='bbox 3266 2876 3507 2939; x_wconf 82' lang='lat' dir='ltr'><strong>lumine</strong></span> 
     </span>
     <span class='ocr_line' id='line_1_50' title="bbox 2012 2970 3505 3052; baseline 0.003 -18"><span class='ocrx_word' id='word_1_320' title='bbox 2012 2970 2328 3047; x_wconf 81' lang='lat' dir='ltr'><strong>offuscari,</strong></span> <span class='ocrx_word' id='word_1_321' title='bbox 2345 2972 2862 3052; x_wconf 88' lang='lat' dir='ltr'><strong>quemadmodum</strong></span> <span class='ocrx_word' id='word_1_322' title='bbox 2898 2973 3042 3035; x_wconf 91' lang='lat' dir='ltr'><strong>luna</strong></span> <span class='ocrx_word' id='word_1_323' title='bbox 3066 2982 3129 3037; x_wconf 89' lang='lat' dir='ltr'><strong>et</strong></span> <span class='ocrx_word' id='word_1_324' title='bbox 3151 2974 3349 3038; x_wconf 80' lang='lat' dir='ltr'><strong>stellae</strong></span> <span class='ocrx_word' id='word_1_325' title='bbox 3370 2974 3505 3039; x_wconf 88' lang='lat' dir='ltr'><strong>luce</strong></span> 
     </span>
    </p>
   </div>
   <div class='ocr_carea' id='block_1_17' title="bbox 409 3067 3506 3155">
    <p class='ocr_par' dir='ltr' id='par_1_18' title="bbox 409 3067 3506 3155">
     <span class='ocr_line' id='line_1_51' title="bbox 409 3067 3506 3155; baseline 0.001 -22"><span class='ocrx_word' id='word_1_326' title='bbox 409 3072 513 3134; x_wconf 89' lang='lat' dir='ltr'><strong>nis</strong></span> <span class='ocrx_word' id='word_1_327' title='bbox 544 3071 855 3149; x_wconf 88' lang='lat' dir='ltr'><strong>universi,</strong></span> <span class='ocrx_word' id='word_1_328' title='bbox 890 3071 1309 3153; x_wconf 89' lang='lat' dir='ltr'><strong>omniumque</strong></span> <span class='ocrx_word' id='word_1_329' title='bbox 1335 3072 1572 3135; x_wconf 88' lang='lat' dir='ltr'><strong>civium</strong></span> <span class='ocrx_word' id='word_1_330' title='bbox 1607 3090 1905 3154; x_wconf 90' lang='lat' dir='ltr'><strong>superno—</strong></span> <span class='ocrx_word' id='word_1_331' title='bbox 1939 3067 1983 3131; x_wconf 91' lang='lat' dir='ltr'>C</span> <span class='ocrx_word' id='word_1_332' title='bbox 2013 3070 2167 3133; x_wconf 91' lang='lat' dir='ltr'><strong>solis</strong></span> <span class='ocrx_word' id='word_1_333' title='bbox 2191 3068 2534 3133; x_wconf 80' lang='lat' dir='ltr'><strong>fuscantur.</strong></span> <span class='ocrx_word' id='word_1_334' title='bbox 2553 3070 2852 3152; x_wconf 90' lang='lat' dir='ltr'><strong>Denique,</strong></span> <span class='ocrx_word' id='word_1_335' title='bbox 2874 3071 3041 3135; x_wconf 90' lang='lat' dir='ltr'><strong>istud</strong></span> <span class='ocrx_word' id='word_1_336' title='bbox 3073 3080 3168 3135; x_wconf 88' lang='lat' dir='ltr'><strong>est</strong></span> <span class='ocrx_word' id='word_1_337' title='bbox 3195 3074 3365 3155; x_wconf 93' lang='lat' dir='ltr'><strong>quod</strong></span> <span class='ocrx_word' id='word_1_338' title='bbox 3387 3074 3506 3137; x_wconf 85' lang='lat' dir='ltr'><strong>Eli-</strong></span> 
     </span>
    </p>
   </div>
   <div class='ocr_carea' id='block_1_18' title="bbox 402 3169 1905 4037">
    <p class='ocr_par' dir='ltr' id='par_1_19' title="bbox 402 3169 1905 3921">
     <span class='ocr_line' id='line_1_52' title="bbox 407 3169 1900 3252; baseline 0.001 -20"><span class='ocrx_word' id='word_1_339' title='bbox 407 3190 577 3232; x_wconf 87' lang='lat' dir='ltr'><strong>rum.</strong></span> <span class='ocrx_word' id='word_1_340' title='bbox 602 3169 1111 3233; x_wconf 89' lang='lat' dir='ltr'><strong>Illuminationes</strong></span> <span class='ocrx_word' id='word_1_341' title='bbox 1146 3189 1295 3234; x_wconf 89' lang='lat' dir='ltr'><strong>vero</strong></span> <span class='ocrx_word' id='word_1_342' title='bbox 1326 3170 1458 3245; x_wconf 90' lang='lat' dir='ltr'><strong>Dei,</strong></span> <span class='ocrx_word' id='word_1_343' title='bbox 1482 3180 1791 3252; x_wconf 88' lang='lat' dir='ltr'><strong>quantum</strong></span> <span class='ocrx_word' id='word_1_344' title='bbox 1823 3172 1900 3233; x_wconf 89' lang='lat' dir='ltr'><strong>ad</strong></span> 
     </span>
     <span class='ocr_line' id='line_1_53' title="bbox 404 3268 1903 3349; baseline -0.001 -18"><span class='ocrx_word' id='word_1_345' title='bbox 404 3288 483 3331; x_wconf 85' lang='lat' dir='ltr'><strong>ea</strong></span> <span class='ocrx_word' id='word_1_346' title='bbox 512 3268 836 3331; x_wconf 90' lang='lat' dir='ltr'><strong>noscenda</strong></span> <span class='ocrx_word' id='word_1_347' title='bbox 864 3283 1141 3349; x_wconf 87' lang='lat' dir='ltr'><strong>quorum</strong></span> <span class='ocrx_word' id='word_1_348' title='bbox 1184 3268 1413 3331; x_wconf 88' lang='lat' dir='ltr'><strong>notitia</strong></span> <span class='ocrx_word' id='word_1_349' title='bbox 1452 3270 1529 3331; x_wconf 92' lang='lat' dir='ltr'><strong>ad</strong></span> <span class='ocrx_word' id='word_1_350' title='bbox 1564 3268 1903 3331; x_wconf 87' lang='lat' dir='ltr'><strong>beatitudi-</strong></span> 
     </span>
     <span class='ocr_line' id='line_1_54' title="bbox 405 3366 1903 3449; baseline 0 -20"><span class='ocrx_word' id='word_1_351' title='bbox 405 3386 555 3430; x_wconf 91' lang='lat' dir='ltr'><strong>nem</strong></span> <span class='ocrx_word' id='word_1_352' title='bbox 610 3366 1092 3430; x_wconf 88' lang='lat' dir='ltr'><strong>accidentaliter</strong></span> <span class='ocrx_word' id='word_1_353' title='bbox 1136 3386 1205 3429; x_wconf 93' lang='lat' dir='ltr'><strong>se</strong></span> <span class='ocrx_word' id='word_1_354' title='bbox 1240 3367 1450 3444; x_wconf 90' lang='lat' dir='ltr'><strong>habet,</strong></span> <span class='ocrx_word' id='word_1_355' title='bbox 1489 3376 1557 3429; x_wconf 92' lang='lat' dir='ltr'><strong>ut</strong></span> <span class='ocrx_word' id='word_1_356' title='bbox 1586 3375 1735 3429; x_wconf 89' lang='lat' dir='ltr'><strong>sunt</strong></span> <span class='ocrx_word' id='word_1_357' title='bbox 1761 3368 1903 3449; x_wconf 92' lang='lat' dir='ltr'><strong>qui-</strong></span> 
     </span>
     <span class='ocr_line' id='line_1_55' title="bbox 404 3461 1903 3547; baseline 0 -20"><span class='ocrx_word' id='word_1_358' title='bbox 404 3465 553 3527; x_wconf 89' lang='lat' dir='ltr'><strong>dam</strong></span> <span class='ocrx_word' id='word_1_359' title='bbox 586 3461 655 3526; x_wconf 85' lang='lat' dir='ltr'><strong>es</strong></span> <span class='ocrx_word' id='word_1_360' title='bbox 660 3462 865 3527; x_wconf 75' lang='lat' dir='ltr'><strong>fectus</strong></span> <span class='ocrx_word' id='word_1_361' title='bbox 896 3463 1129 3527; x_wconf 86' lang='lat' dir='ltr'><strong>divinae</strong></span> <span class='ocrx_word' id='word_1_362' title='bbox 1160 3464 1437 3541; x_wconf 78' lang='lat' dir='ltr'><strong>virtutiS,</strong></span> <span class='ocrx_word' id='word_1_363' title='bbox 1472 3464 1680 3547; x_wconf 91' lang='lat' dir='ltr'><strong>primo</strong></span> <span class='ocrx_word' id='word_1_364' title='bbox 1719 3466 1903 3529; x_wconf 88' lang='lat' dir='ltr'><strong>deve-</strong></span> 
     </span>
     <span class='ocr_line' id='line_1_56' title="bbox 404 3562 1902 3645; baseline 0.001 -21"><span class='ocrx_word' id='word_1_365' title='bbox 404 3562 597 3625; x_wconf 91' lang='lat' dir='ltr'><strong>niunt</strong></span> <span class='ocrx_word' id='word_1_366' title='bbox 626 3582 665 3624; x_wconf 88' lang='lat' dir='ltr'><strong>a</strong></span> <span class='ocrx_word' id='word_1_367' title='bbox 694 3562 823 3625; x_wconf 93' lang='lat' dir='ltr'><strong>Deo</strong></span> <span class='ocrx_word' id='word_1_368' title='bbox 852 3563 929 3625; x_wconf 98' lang='lat' dir='ltr'><strong>ad</strong></span> <span class='ocrx_word' id='word_1_369' title='bbox 959 3563 1219 3645; x_wconf 87' lang='lat' dir='ltr'><strong>angelos</strong></span> <span class='ocrx_word' id='word_1_370' title='bbox 1262 3563 1644 3645; x_wconf 79' lang='lat' dir='ltr'><strong>superioreS,</strong></span> <span class='ocrx_word' id='word_1_371' title='bbox 1678 3572 1739 3627; x_wconf 90' lang='lat' dir='ltr'><strong>et</strong></span> <span class='ocrx_word' id='word_1_372' title='bbox 1790 3583 1902 3645; x_wconf 92' lang='lat' dir='ltr'><strong>per</strong></span> 
     </span>
     <span class='ocr_line' id='line_1_57' title="bbox 404 3660 1903 3743; baseline 0.001 -22"><span class='ocrx_word' id='word_1_373' title='bbox 404 3660 552 3723; x_wconf 89' lang='lat' dir='ltr'><strong>illos</strong></span> <span class='ocrx_word' id='word_1_374' title='bbox 585 3662 663 3723; x_wconf 89' lang='lat' dir='ltr'><strong>ad</strong></span> <span class='ocrx_word' id='word_1_375' title='bbox 699 3661 959 3741; x_wconf 89' lang='lat' dir='ltr'><strong>angelos</strong></span> <span class='ocrx_word' id='word_1_376' title='bbox 988 3660 1348 3739; x_wconf 80' lang='lat' dir='ltr'><strong>inferioreS,</strong></span> <span class='ocrx_word' id='word_1_377' title='bbox 1366 3662 1544 3743; x_wconf 82' lang='lat' dir='ltr'><strong>juxta</strong></span> <span class='ocrx_word' id='word_1_378' title='bbox 1562 3663 1903 3726; x_wconf 88' lang='lat' dir='ltr'><strong>documen·</strong></span> 
     </span>
     <span class='ocr_line' id='line_1_58' title="bbox 404 3760 1905 3841; baseline 0.003 -21"><span class='ocrx_word' id='word_1_379' title='bbox 404 3768 471 3821; x_wconf 88' lang='lat' dir='ltr'><strong>ta</strong></span> <span class='ocrx_word' id='word_1_380' title='bbox 514 3760 831 3841; x_wconf 87' lang='lat' dir='ltr'><strong>principis</strong></span> <span class='ocrx_word' id='word_1_381' title='bbox 878 3760 1339 3840; x_wconf 85' lang='lat' dir='ltr'><strong>theologorum,</strong></span> <span class='ocrx_word' id='word_1_382' title='bbox 1376 3761 1441 3823; x_wconf 91' lang='lat' dir='ltr'><strong>in</strong></span> <span class='ocrx_word' id='word_1_383' title='bbox 1473 3761 1642 3824; x_wconf 89' lang='lat' dir='ltr'><strong>libro</strong></span> <span class='ocrx_word' id='word_1_384' title='bbox 1670 3762 1749 3825; x_wconf 92' lang='lat' dir='ltr'><strong>de</strong></span> <span class='ocrx_word' id='word_1_385' title='bbox 1777 3761 1905 3825; x_wconf 86' lang='lat' dir='ltr'><strong>Goe-</strong></span> 
     </span>
     <span class='ocr_line' id='line_1_59' title="bbox 402 3858 967 3921; baseline 0 -2"><span class='ocrx_word' id='word_1_386' title='bbox 402 3858 550 3921; x_wconf 89' lang='lat' dir='ltr'><strong>lesti</strong></span> <span class='ocrx_word' id='word_1_387' title='bbox 584 3858 967 3921; x_wconf 87' lang='lat' dir='ltr'><strong>hierarchia.</strong></span> 
     </span>
    </p>

    <p class='ocr_par' dir='ltr' id='par_1_20' title="bbox 485 3958 1903 4037">
     <span class='ocr_line' id='line_1_60' title="bbox 485 3958 1903 4037; baseline -0.002 -16"><span class='ocrx_word' id='word_1_388' title='bbox 485 3958 839 4037; x_wconf 81' lang='lat' dir='ltr'><strong>Numquid</strong></span> <span class='ocrx_word' id='word_1_389' title='bbox 866 3958 1239 4035; x_wconf 76' lang='lat' dir='ltr'><strong>justificari</strong></span> <span class='ocrx_word' id='word_1_390' title='bbox 1268 3968 1473 4035; x_wconf 79' lang='lat' dir='ltr'><strong>potest</strong></span> <span class='ocrx_word' id='word_1_391' title='bbox 1515 3960 1697 4019; x_wconf 78' lang='lat' dir='ltr'><strong>homo</strong></span> <span class='ocrx_word' id='word_1_392' title='bbox 1743 3978 1903 4019; x_wconf 82' lang='lat' dir='ltr'><strong>com-</strong></span> 
     </span>
    </p>
   </div>
   <div class='ocr_carea' id='block_1_19' title="bbox 2014 3168 3684 3251">
    <p class='ocr_par' dir='ltr' id='par_1_21' title="bbox 2014 3168 3684 3251">
     <span class='ocr_line' id='line_1_61' title="bbox 2014 3168 3684 3251; baseline 0.001 -20"><span class='ocrx_word' id='word_1_393' title='bbox 2014 3169 2174 3251; x_wconf 85' lang='lat' dir='ltr'><strong>phaz</strong></span> <span class='ocrx_word' id='word_1_394' title='bbox 2216 3188 2406 3251; x_wconf 88' lang='lat' dir='ltr'><strong>supra</strong></span> <span class='ocrx_word' id='word_1_395' title='bbox 2449 3168 2537 3231; x_wconf 89' lang='lat' dir='ltr'><strong>ait</strong></span> <span class='ocrx_word' id='word_1_396' title='bbox 2572 3187 2585 3231; x_wconf 75' lang='grc' dir='ltr'><strong><em>ε</em></strong></span> <span class='ocrx_word' id='word_1_397' title='bbox 2620 3170 2776 3233; x_wconf 88' lang='lat' dir='ltr'><strong>Coeli</strong></span> <span class='ocrx_word' id='word_1_398' title='bbox 2818 3189 2944 3234; x_wconf 91' lang='lat' dir='ltr'><strong>non</strong></span> <span class='ocrx_word' id='word_1_399' title='bbox 2991 3180 3139 3234; x_wconf 90' lang='lat' dir='ltr'><strong>sunt</strong></span> <span class='ocrx_word' id='word_1_400' title='bbox 3169 3172 3392 3235; x_wconf 89' lang='lat' dir='ltr'><strong>mundi</strong></span> <span class='ocrx_word' id='word_1_401' title='bbox 3432 3172 3496 3235; x_wconf 93' lang='lat' dir='ltr'><strong>in</strong></span> <span class='ocrx_word' id='word_1_402' title='bbox 3527 3188 3611 3231; x_wconf 66' lang='lat'><strong>100</strong></span> <span class='ocrx_word' id='word_1_403' title='bbox 3632 3203 3684 3233; x_wconf 69' lang='lat' dir='ltr'><strong>xv</strong></span> 
     </span>
    </p>
   </div>
   <div class='ocr_carea' id='block_1_20' title="bbox 2011 3268 3506 4042">
    <p class='ocr_par' dir='ltr' id='par_1_22' title="bbox 2011 3268 3506 4042">
     <span class='ocr_line' id='line_1_62' title="bbox 2011 3268 3494 3351; baseline 0.001 -20"><span class='ocrx_word' id='word_1_404' title='bbox 2011 3276 2352 3351; x_wconf 92' lang='lat' dir='ltr'><strong>conspectu</strong></span> <span class='ocrx_word' id='word_1_405' title='bbox 2383 3268 2535 3349; x_wconf 79' lang='lat' dir='ltr'><strong>ejus</strong></span> <span class='ocrx_word' id='word_1_406' title='bbox 2553 3268 2805 3350; x_wconf 76' lang='lat' dir='ltr'><strong>Mystice</strong></span> <span class='ocrx_word' id='word_1_407' title='bbox 2825 3288 2940 3350; x_wconf 85' lang='lat' dir='ltr'><strong>per</strong></span> <span class='ocrx_word' id='word_1_408' title='bbox 2969 3270 3185 3333; x_wconf 89' lang='lat' dir='ltr'><strong>lunam</strong></span> <span class='ocrx_word' id='word_1_409' title='bbox 3209 3270 3494 3347; x_wconf 82' lang='lat' dir='ltr'><strong>Ecclesia,</strong></span> 
     </span>
     <span class='ocr_line' id='line_1_63' title="bbox 2013 3365 3500 3452; baseline 0.005 -25"><span class='ocrx_word' id='word_1_410' title='bbox 2013 3384 2126 3447; x_wconf 88' lang='lat' dir='ltr'><strong>per</strong></span> <span class='ocrx_word' id='word_1_411' title='bbox 2158 3365 2373 3428; x_wconf 89' lang='lat' dir='ltr'><strong>stellas</strong></span> <span class='ocrx_word' id='word_1_412' title='bbox 2406 3366 2524 3429; x_wconf 86' lang='lat' dir='ltr'><strong>viri</strong></span> <span class='ocrx_word' id='word_1_413' title='bbox 2557 3366 2846 3443; x_wconf 85' lang='lat' dir='ltr'><strong>virtuosi,</strong></span> <span class='ocrx_word' id='word_1_414' title='bbox 2883 3368 3230 3449; x_wconf 84' lang='lat' dir='ltr'><strong>praesertim</strong></span> <span class='ocrx_word' id='word_1_415' title='bbox 3264 3369 3500 3452; x_wconf 91' lang='lat' dir='ltr'><strong>aliquo-</strong></span> 
     </span>
     <span class='ocr_line' id='line_1_64' title="bbox 2012 3465 3504 3549; baseline 0.004 -22"><span class='ocrx_word' id='word_1_416' title='bbox 2012 3485 2153 3527; x_wconf 87' lang='lat' dir='ltr'><strong>rum</strong></span> <span class='ocrx_word' id='word_1_417' title='bbox 2185 3466 2477 3529; x_wconf 89' lang='lat' dir='ltr'><strong>doctores</strong></span> <span class='ocrx_word' id='word_1_418' title='bbox 2519 3465 2728 3530; x_wconf 90' lang='lat' dir='ltr'><strong>idonei</strong></span> <span class='ocrx_word' id='word_1_419' title='bbox 2769 3465 3183 3547; x_wconf 88' lang='lat' dir='ltr'><strong>designantur</strong></span> <span class='ocrx_word' id='word_1_420' title='bbox 3217 3486 3231 3529; x_wconf 95' lang='lat'><strong>:</strong></span> <span class='ocrx_word' id='word_1_421' title='bbox 3265 3468 3376 3549; x_wconf 90' lang='lat' dir='ltr'><strong>qui</strong></span> <span class='ocrx_word' id='word_1_422' title='bbox 3409 3488 3504 3533; x_wconf 84' lang='lat' dir='ltr'><strong>rc-</strong></span> 
     </span>
     <span class='ocr_line' id='line_1_65' title="bbox 2014 3564 3502 3648; baseline 0.003 -21"><span class='ocrx_word' id='word_1_423' title='bbox 2014 3572 2234 3646; x_wconf 89' lang='lat' dir='ltr'><strong>spectu</strong></span> <span class='ocrx_word' id='word_1_424' title='bbox 2287 3564 2616 3648; x_wconf 66' lang='lat' dir='ltr'><strong>sapientiae</strong></span> <span class='ocrx_word' id='word_1_425' title='bbox 2675 3564 3156 3647; x_wconf 86' lang='lat' dir='ltr'><strong>sanctitatisque</strong></span> <span class='ocrx_word' id='word_1_426' title='bbox 3203 3566 3312 3630; x_wconf 91' lang='lat' dir='ltr'><strong>Dei</strong></span> <span class='ocrx_word' id='word_1_427' title='bbox 3375 3587 3502 3631; x_wconf 90' lang='lat' dir='ltr'><strong>non</strong></span> 
     </span>
     <span class='ocr_line' id='line_1_66' title="bbox 2015 3661 3505 3745; baseline 0.003 -21"><span class='ocrx_word' id='word_1_428' title='bbox 2015 3661 2285 3743; x_wconf 78' lang='lat' dir='ltr'><strong>fulgent,</strong></span> <span class='ocrx_word' id='word_1_429' title='bbox 2322 3682 2437 3726; x_wconf 90' lang='lat' dir='ltr'><strong>nec</strong></span> <span class='ocrx_word' id='word_1_430' title='bbox 2481 3664 2753 3745; x_wconf 88' lang='lat' dir='ltr'><strong>alicujus</strong></span> <span class='ocrx_word' id='word_1_431' title='bbox 2801 3664 3104 3727; x_wconf 89' lang='lat' dir='ltr'><strong>momenti</strong></span> <span class='ocrx_word' id='word_1_432' title='bbox 3157 3674 3328 3727; x_wconf 88' lang='lat' dir='ltr'><strong>sunt.</strong></span> <span class='ocrx_word' id='word_1_433' title='bbox 3361 3666 3505 3729; x_wconf 91' lang='lat' dir='ltr'><strong>Pro-</strong></span> 
     </span>
     <span class='ocr_line' id='line_1_67' title="bbox 2014 3761 3506 3843; baseline 0.001 -20"><span class='ocrx_word' id='word_1_434' title='bbox 2014 3769 2232 3843; x_wconf 88' lang='lat' dir='ltr'><strong>pterea</strong></span> <span class='ocrx_word' id='word_1_435' title='bbox 2278 3761 2572 3824; x_wconf 88' lang='lat' dir='ltr'><strong>subditur</strong></span> <span class='ocrx_word' id='word_1_436' title='bbox 2607 3778 2622 3823; x_wconf 86' lang='lat'>:</span> <span class='ocrx_word' id='word_1_437' title='bbox 2658 3764 2905 3831; x_wconf 79' lang='lat' dir='ltr'><strong>Quanto</strong></span> <span class='ocrx_word' id='word_1_438' title='bbox 2945 3764 3152 3840; x_wconf 62' lang='lat' dir='ltr'><strong>magis</strong></span> <span class='ocrx_word' id='word_1_439' title='bbox 3179 3766 3362 3825; x_wconf 77' lang='lat' dir='ltr'><strong>homo</strong></span> <span class='ocrx_word' id='word_1_440' title='bbox 3387 3786 3506 3843; x_wconf 83' lang='lat' dir='ltr'><strong>pu·</strong></span> 
     </span>
     <span class='ocr_line' id='line_1_68' title="bbox 2015 3855 3498 3943; baseline 0.005 -24"><span class='ocrx_word' id='word_1_441' title='bbox 2015 3864 2191 3920; x_wconf 79' lang='lat' dir='ltr'><strong>tredo</strong></span> <span class='ocrx_word' id='word_1_442' title='bbox 2214 3864 2244 3921; x_wconf 66' lang='grc' dir='ltr'><strong><em>ἒ</em></strong></span> <span class='ocrx_word' id='word_1_443' title='bbox 2273 3861 2337 3923; x_wconf 90' lang='lat' dir='ltr'><strong>id</strong></span> <span class='ocrx_word' id='word_1_444' title='bbox 2379 3855 2475 3923; x_wconf 83' lang='lat' dir='ltr'><strong>e&#39;st</strong></span> <span class='ocrx_word' id='word_1_445' title='bbox 2512 3861 2726 3937; x_wconf 91' lang='lat' dir='ltr'><strong>homo,</strong></span> <span class='ocrx_word' id='word_1_446' title='bbox 2759 3860 2871 3943; x_wconf 89' lang='lat' dir='ltr'><strong>qui</strong></span> <span class='ocrx_word' id='word_1_447' title='bbox 2917 3869 3177 3924; x_wconf 83' lang='lat' dir='ltr'><strong>vocatur</strong></span> <span class='ocrx_word' id='word_1_448' title='bbox 3210 3863 3498 3943; x_wconf 87' lang='lat' dir='ltr'><strong>putredo,</strong></span> 
     </span>
     <span class='ocr_line' id='line_1_69' title="bbox 2011 3959 3504 4042; baseline 0.002 -22"><span class='ocrx_word' id='word_1_449' title='bbox 2011 3960 2164 4041; x_wconf 89' lang='lat' dir='ltr'><strong>quia</strong></span> <span class='ocrx_word' id='word_1_450' title='bbox 2193 3978 2268 4023; x_wconf 84' lang='lat' dir='ltr'><strong>ex</strong></span> <span class='ocrx_word' id='word_1_451' title='bbox 2301 3960 2566 4023; x_wconf 87' lang='lat' dir='ltr'><strong>materia</strong></span> <span class='ocrx_word' id='word_1_452' title='bbox 2596 3959 2914 4041; x_wconf 87' lang='lat' dir='ltr'><strong>putredini</strong></span> <span class='ocrx_word' id='word_1_453' title='bbox 2948 3960 3255 4042; x_wconf 86' lang='lat' dir='ltr'><strong>proxima,</strong></span> <span class='ocrx_word' id='word_1_454' title='bbox 3280 3968 3344 4023; x_wconf 92' lang='lat' dir='ltr'><strong>et</strong></span> <span class='ocrx_word' id='word_1_455' title='bbox 3371 3980 3504 4025; x_wconf 86' lang='lat' dir='ltr'><strong>sor-</strong></span> 
     </span>
    </p>
   </div>
   <div class='ocr_carea' id='block_1_21' title="bbox 110 4054 3500 4141">
    <p class='ocr_par' dir='ltr' id='par_1_23' title="bbox 110 4054 3500 4141">
     <span class='ocr_line' id='line_1_70' title="bbox 110 4054 3500 4141; baseline 0.002 -26"><span class='ocrx_word' id='word_1_456' title='bbox 110 4082 205 4126; x_wconf 67' lang='lat' dir='ltr'><strong>Job</strong></span> <span class='ocrx_word' id='word_1_457' title='bbox 228 4084 369 4131; x_wconf 52' lang='lat' dir='ltr'><strong>mg,</strong></span> <span class='ocrx_word' id='word_1_458' title='bbox 393 4066 679 4133; x_wconf 81' lang='lat' dir='ltr'><strong>paratus</strong></span> <span class='ocrx_word' id='word_1_459' title='bbox 728 4058 859 4117; x_wconf 86' lang='lat' dir='ltr'><strong>Deo</strong></span> <span class='ocrx_word' id='word_1_460' title='bbox 901 4057 931 4115; x_wconf 80' lang='lat'><em>?</em></span> <span class='ocrx_word' id='word_1_461' title='bbox 974 4054 1103 4117; x_wconf 87' lang='lat' dir='ltr'><strong>Hoc</strong></span> <span class='ocrx_word' id='word_1_462' title='bbox 1160 4074 1351 4137; x_wconf 88' lang='lat' dir='ltr'><strong>supra</strong></span> <span class='ocrx_word' id='word_1_463' title='bbox 1397 4056 1511 4119; x_wconf 89' lang='lat' dir='ltr'><strong>Job</strong></span> <span class='ocrx_word' id='word_1_464' title='bbox 1556 4056 1647 4118; x_wconf 89' lang='lat' dir='ltr'><strong>ait</strong></span> <span class='ocrx_word' id='word_1_465' title='bbox 1697 4074 1711 4117; x_wconf 94' lang='lat'><strong>:</strong></span> <span class='ocrx_word' id='word_1_466' title='bbox 1764 4056 1897 4119; x_wconf 92' lang='lat' dir='ltr'><strong>Non</strong></span> <span class='ocrx_word' id='word_1_467' title='bbox 2010 4056 2225 4135; x_wconf 89' lang='lat' dir='ltr'><strong>dibus,</strong></span> <span class='ocrx_word' id='word_1_468' title='bbox 2263 4056 2710 4135; x_wconf 89' lang='lat' dir='ltr'><strong>immunditiis,</strong></span> <span class='ocrx_word' id='word_1_469' title='bbox 2748 4057 3212 4140; x_wconf 83' lang='lat' dir='ltr'><strong>l&#39;oetoribusquc</strong></span> <span class='ocrx_word' id='word_1_470' title='bbox 3261 4060 3500 4141; x_wconf 87' lang='lat' dir='ltr'><strong>repleta</strong></span> 
     </span>
    </p>
   </div>
   <div class='ocr_carea' id='block_1_22' title="bbox 71 4569 367 4621">
    <p class='ocr_par' dir='ltr' id='par_1_24' title="bbox 71 4569 367 4621">
     <span class='ocr_line' id='line_1_71' title="bbox 71 4569 367 4621; baseline 0.007 -10"><span class='ocrx_word' id='word_1_471' title='bbox 71 4569 367 4621; x_wconf 47' lang='lat' dir='ltr'><strong>thamnas.</strong></span> 
     </span>
    </p>
   </div>
   <div class='ocr_carea' id='block_1_23' title="bbox 396 4152 1898 4236">
    <p class='ocr_par' dir='ltr' id='par_1_25' title="bbox 396 4152 1898 4236">
     <span class='ocr_line' id='line_1_72' title="bbox 396 4152 1898 4236; baseline 0.003 -21"><span class='ocrx_word' id='word_1_472' title='bbox 396 4152 797 4235; x_wconf 80' lang='lat' dir='ltr'><strong>justificatur</strong></span> <span class='ocrx_word' id='word_1_473' title='bbox 848 4154 1041 4217; x_wconf 91' lang='lat' dir='ltr'><strong>homo</strong></span> <span class='ocrx_word' id='word_1_474' title='bbox 1088 4155 1479 4236; x_wconf 91' lang='lat' dir='ltr'><strong>compositus</strong></span> <span class='ocrx_word' id='word_1_475' title='bbox 1527 4155 1673 4218; x_wconf 92' lang='lat' dir='ltr'><strong>Deo.</strong></span> <span class='ocrx_word' id='word_1_476' title='bbox 1724 4155 1898 4230; x_wconf 88' lang='lat' dir='ltr'><strong>Quod</strong></span> 
     </span>
    </p>
   </div>
   <div class='ocr_carea' id='block_1_24' title="bbox 2009 4156 3498 4235">
    <p class='ocr_par' dir='ltr' id='par_1_26' title="bbox 2009 4156 3498 4235">
     <span class='ocr_line' id='line_1_73' title="bbox 2009 4156 3498 4235; baseline 0.002 -17"><span class='ocrx_word' id='word_1_477' title='bbox 2009 4156 2342 4231; x_wconf 82' lang='lat' dir='ltr'><strong>consistit3</strong></span> <span class='ocrx_word' id='word_1_478' title='bbox 2385 4166 2444 4217; x_wconf 78' lang='lat' dir='ltr'><strong>ec</strong></span> <span class='ocrx_word' id='word_1_479' title='bbox 2470 4158 2654 4235; x_wconf 77' lang='lat' dir='ltr'><strong>filius</strong></span> <span class='ocrx_word' id='word_1_480' title='bbox 2681 4159 2963 4217; x_wconf 73' lang='lat' dir='ltr'><strong>hominia</strong></span> <span class='ocrx_word' id='word_1_481' title='bbox 2993 4160 3226 4219; x_wconf 72' lang='lat' dir='ltr'><strong>vermis</strong></span> <span class='ocrx_word' id='word_1_482' title='bbox 3247 4160 3278 4218; x_wconf 79' lang='lat'><em>?</em></span> <span class='ocrx_word' id='word_1_483' title='bbox 3307 4156 3372 4220; x_wconf 89' lang='lat' dir='ltr'><strong>id</strong></span> <span class='ocrx_word' id='word_1_484' title='bbox 3403 4166 3498 4221; x_wconf 82' lang='lat' dir='ltr'><strong>est</strong></span> 
     </span>
    </p>
   </div>
   <div class='ocr_carea' id='block_1_25' title="bbox 400 4250 3499 4341">
    <p class='ocr_par' dir='ltr' id='par_1_27' title="bbox 400 4250 3499 4341">
     <span class='ocr_line' id='line_1_74' title="bbox 400 4250 3499 4341; baseline 0.003 -28"><span class='ocrx_word' id='word_1_485' title='bbox 400 4250 493 4314; x_wconf 92' lang='lat' dir='ltr'><strong>ibi</strong></span> <span class='ocrx_word' id='word_1_486' title='bbox 526 4260 591 4314; x_wconf 88' lang='lat' dir='ltr'><strong>et</strong></span> <span class='ocrx_word' id='word_1_487' title='bbox 621 4251 768 4314; x_wconf 90' lang='lat' dir='ltr'><strong>aliis</strong></span> <span class='ocrx_word' id='word_1_488' title='bbox 800 4251 958 4315; x_wconf 89' lang='lat' dir='ltr'><strong>locis</strong></span> <span class='ocrx_word' id='word_1_489' title='bbox 989 4252 1055 4313; x_wconf 89' lang='lat' dir='ltr'><strong>in</strong></span> <span class='ocrx_word' id='word_1_490' title='bbox 1088 4252 1209 4315; x_wconf 91' lang='lat' dir='ltr'><strong>hoc</strong></span> <span class='ocrx_word' id='word_1_491' title='bbox 1240 4270 1431 4334; x_wconf 87' lang='lat' dir='ltr'><strong>opere</strong></span> <span class='ocrx_word' id='word_1_492' title='bbox 1459 4254 1611 4316; x_wconf 88' lang='lat' dir='ltr'><strong>satis</strong></span> <span class='ocrx_word' id='word_1_493' title='bbox 1641 4272 1783 4317; x_wconf 88' lang='lat' dir='ltr'><strong>reor</strong></span> <span class='ocrx_word' id='word_1_494' title='bbox 1800 4274 1899 4317; x_wconf 84' lang='lat' dir='ltr'><strong>ex·</strong></span> <span class='ocrx_word' id='word_1_495' title='bbox 1928 4254 1978 4317; x_wconf 92' lang='lat' dir='ltr'>D</span> <span class='ocrx_word' id='word_1_496' title='bbox 2008 4254 2190 4317; x_wconf 77' lang='lat' dir='ltr'><strong>filius</strong></span> <span class='ocrx_word' id='word_1_497' title='bbox 2236 4254 2539 4331; x_wconf 89' lang='lat' dir='ltr'><strong>hominis,</strong></span> <span class='ocrx_word' id='word_1_498' title='bbox 2585 4255 2699 4335; x_wconf 90' lang='lat' dir='ltr'><strong>qui</strong></span> <span class='ocrx_word' id='word_1_499' title='bbox 2748 4254 2982 4319; x_wconf 90' lang='lat' dir='ltr'><strong>dicitur</strong></span> <span class='ocrx_word' id='word_1_500' title='bbox 3029 4256 3288 4333; x_wconf 76' lang='lat' dir='ltr'><strong>vermi3‚</strong></span> <span class='ocrx_word' id='word_1_501' title='bbox 3339 4277 3499 4341; x_wconf 92' lang='lat' dir='ltr'><strong>quo-</strong></span> 
     </span>
    </p>
   </div>
   <div class='ocr_carea' id='block_1_26' title="bbox 388 4350 1899 5027">
    <p class='ocr_par' dir='ltr' id='par_1_28' title="bbox 388 4350 1899 5027">
     <span class='ocr_line' id='line_1_75' title="bbox 396 4350 1899 4432; baseline 0 -19"><span class='ocrx_word' id='word_1_502' title='bbox 396 4350 708 4432; x_wconf 89' lang='lat' dir='ltr'><strong>positum.</strong></span> <span class='ocrx_word' id='word_1_503' title='bbox 744 4354 883 4413; x_wconf 81' lang='lat' dir='ltr'><strong>Aut</strong></span> <span class='ocrx_word' id='word_1_504' title='bbox 923 4371 1239 4428; x_wconf 80' lang='lat' dir='ltr'><strong>apparere</strong></span> <span class='ocrx_word' id='word_1_505' title='bbox 1280 4356 1560 4413; x_wconf 80' lang='lat' dir='ltr'><strong>mundus</strong></span> <span class='ocrx_word' id='word_1_506' title='bbox 1600 4363 1793 4415; x_wconf 80' lang='lat' dir='ltr'><strong>natus</strong></span> <span class='ocrx_word' id='word_1_507' title='bbox 1820 4358 1899 4415; x_wconf 82' lang='lat' dir='ltr'><strong>de</strong></span> 
     </span>
     <span class='ocr_line' id='line_1_76' title="bbox 398 4450 1899 4534; baseline 0.005 -26"><span class='ocrx_word' id='word_1_508' title='bbox 398 4452 729 4510; x_wconf 81' lang='lat' dir='ltr'><strong>muliere?</strong></span> <span class='ocrx_word' id='word_1_509' title='bbox 757 4450 885 4513; x_wconf 87' lang='lat' dir='ltr'><strong>Hoc</strong></span> <span class='ocrx_word' id='word_1_510' title='bbox 916 4457 1013 4511; x_wconf 87' lang='lat' dir='ltr'><strong>est</strong></span> <span class='ocrx_word' id='word_1_511' title='bbox 1051 4450 1223 4531; x_wconf 90' lang='lat' dir='ltr'><strong>quod</strong></span> <span class='ocrx_word' id='word_1_512' title='bbox 1264 4470 1459 4533; x_wconf 90' lang='lat' dir='ltr'><strong>supra</strong></span> <span class='ocrx_word' id='word_1_513' title='bbox 1499 4452 1759 4534; x_wconf 85' lang='lat' dir='ltr'><strong>Eliphaz</strong></span> <span class='ocrx_word' id='word_1_514' title='bbox 1802 4452 1899 4514; x_wconf 90' lang='lat' dir='ltr'><strong>di-</strong></span> 
     </span>
     <span class='ocr_line' id='line_1_77' title="bbox 396 4546 1897 4627; baseline 0.002 -18"><span class='ocrx_word' id='word_1_515' title='bbox 396 4546 492 4609; x_wconf 84' lang='lat' dir='ltr'><strong>xit</strong></span> <span class='ocrx_word' id='word_1_516' title='bbox 526 4566 540 4611; x_wconf 90' lang='lat'>:</span> <span class='ocrx_word' id='word_1_517' title='bbox 576 4546 736 4621; x_wconf 88' lang='lat' dir='ltr'><strong>Quid</strong></span> <span class='ocrx_word' id='word_1_518' title='bbox 768 4556 865 4610; x_wconf 91' lang='lat' dir='ltr'><strong>est</strong></span> <span class='ocrx_word' id='word_1_519' title='bbox 896 4548 1088 4611; x_wconf 90' lang='lat' dir='ltr'><strong>homo</strong></span> <span class='ocrx_word' id='word_1_520' title='bbox 1122 4556 1191 4609; x_wconf 88' lang='lat' dir='ltr'><strong>ut</strong></span> <span class='ocrx_word' id='word_1_521' title='bbox 1222 4548 1664 4613; x_wconf 90' lang='lat' dir='ltr'><strong>immaculatus</strong></span> <span class='ocrx_word' id='word_1_522' title='bbox 1696 4550 1800 4627; x_wconf 84' lang='lat' dir='ltr'><strong>sit,</strong></span> <span class='ocrx_word' id='word_1_523' title='bbox 1834 4560 1897 4614; x_wconf 92' lang='lat' dir='ltr'><strong>ct</strong></span> 
     </span>
     <span class='ocr_line' id='line_1_78' title="bbox 391 4646 1896 4728; baseline 0.005 -22"><span class='ocrx_word' id='word_1_524' title='bbox 391 4646 607 4726; x_wconf 87' lang='lat' dir='ltr'><strong>justus</strong></span> <span class='ocrx_word' id='word_1_525' title='bbox 660 4653 963 4728; x_wconf 85' lang='lat' dir='ltr'><strong>appareat</strong></span> <span class='ocrx_word' id='word_1_526' title='bbox 1012 4654 1197 4707; x_wconf 85' lang='lat' dir='ltr'><strong>natus</strong></span> <span class='ocrx_word' id='word_1_527' title='bbox 1246 4647 1327 4709; x_wconf 92' lang='lat' dir='ltr'><strong>de</strong></span> <span class='ocrx_word' id='word_1_528' title='bbox 1374 4647 1683 4711; x_wconf 70' lang='lat' dir='ltr'><strong>muliere?</strong></span> <span class='ocrx_word' id='word_1_529' title='bbox 1720 4648 1896 4713; x_wconf 86' lang='lat' dir='ltr'><strong>Unde</strong></span> 
     </span>
     <span class='ocr_line' id='line_1_79' title="bbox 392 4742 1895 4828; baseline 0.003 -22"><span class='ocrx_word' id='word_1_530' title='bbox 392 4762 473 4806; x_wconf 85' lang='lat' dir='ltr'><strong>ex</strong></span> <span class='ocrx_word' id='word_1_531' title='bbox 502 4742 695 4807; x_wconf 91' lang='lat' dir='ltr'><strong>dictis</strong></span> <span class='ocrx_word' id='word_1_532' title='bbox 736 4744 977 4807; x_wconf 88' lang='lat' dir='ltr'><strong>ibidem</strong></span> <span class='ocrx_word' id='word_1_533' title='bbox 1019 4744 1211 4825; x_wconf 87' lang='lat' dir='ltr'><strong>hujus</strong></span> <span class='ocrx_word' id='word_1_534' title='bbox 1253 4746 1429 4809; x_wconf 88' lang='lat' dir='ltr'><strong>verbi</strong></span> <span class='ocrx_word' id='word_1_535' title='bbox 1472 4746 1895 4828; x_wconf 89' lang='lat' dir='ltr'><strong>intelligentia</strong></span> 
     </span>
     <span class='ocr_line' id='line_1_80' title="bbox 393 4841 1887 4924; baseline 0.004 -21"><span class='ocrx_word' id='word_1_536' title='bbox 393 4850 593 4924; x_wconf 87' lang='lat' dir='ltr'><strong>patet.</strong></span> <span class='ocrx_word' id='word_1_537' title='bbox 627 4842 803 4904; x_wconf 88' lang='lat' dir='ltr'><strong>Patet</strong></span> <span class='ocrx_word' id='word_1_538' title='bbox 844 4860 1105 4923; x_wconf 91' lang='lat' dir='ltr'><strong>quoque</strong></span> <span class='ocrx_word' id='word_1_539' title='bbox 1148 4841 1213 4903; x_wconf 87' lang='lat' dir='ltr'><strong>in</strong></span> <span class='ocrx_word' id='word_1_540' title='bbox 1258 4842 1359 4905; x_wconf 87' lang='lat' dir='ltr'><strong>his</strong></span> <span class='ocrx_word' id='word_1_541' title='bbox 1410 4863 1586 4908; x_wconf 84' lang='lat' dir='ltr'><strong>error</strong></span> <span class='ocrx_word' id='word_1_542' title='bbox 1632 4846 1887 4909; x_wconf 85' lang='lat' dir='ltr'><strong>Baldad.</strong></span> 
     </span>
     <span class='ocr_line' id='line_1_81' title="bbox 388 4938 1893 5027; baseline 0.004 -26"><span class='ocrx_word' id='word_1_543' title='bbox 388 4939 529 5001; x_wconf 88' lang='lat' dir='ltr'><strong>Non</strong></span> <span class='ocrx_word' id='word_1_544' title='bbox 562 4938 737 5003; x_wconf 87' lang='lat' dir='ltr'><strong>enim</strong></span> <span class='ocrx_word' id='word_1_545' title='bbox 766 4938 993 5003; x_wconf 88' lang='lat' dir='ltr'><strong>beatus</strong></span> <span class='ocrx_word' id='word_1_546' title='bbox 1023 4939 1139 5002; x_wconf 83' lang='lat' dir='ltr'><strong>Job</strong></span> <span class='ocrx_word' id='word_1_547' title='bbox 1178 4938 1266 5003; x_wconf 88' lang='lat' dir='ltr'><strong>ita</strong></span> <span class='ocrx_word' id='word_1_548' title='bbox 1305 4961 1373 5005; x_wconf 90' lang='lat' dir='ltr'><strong>se</strong></span> <span class='ocrx_word' id='word_1_549' title='bbox 1408 4941 1649 5023; x_wconf 86' lang='lat' dir='ltr'><strong>justum</strong></span> <span class='ocrx_word' id='word_1_550' title='bbox 1682 4945 1893 5027; x_wconf 91' lang='lat' dir='ltr'><strong>perhi-</strong></span> 
     </span>
    </p>
   </div>
   <div class='ocr_carea' id='block_1_27' title="bbox 2002 4352 3498 5021">
    <p class='ocr_par' dir='ltr' id='par_1_29' title="bbox 2002 4352 3498 5021">
     <span class='ocr_line' id='line_1_82' title="bbox 2007 4352 3492 4437; baseline 0.003 -22"><span class='ocrx_word' id='word_1_551' title='bbox 2007 4353 2181 4416; x_wconf 88' lang='lat' dir='ltr'><strong>niam</strong></span> <span class='ocrx_word' id='word_1_552' title='bbox 2227 4354 2390 4417; x_wconf 89' lang='lat' dir='ltr'><strong>sicut</strong></span> <span class='ocrx_word' id='word_1_553' title='bbox 2429 4352 2665 4417; x_wconf 85' lang='lat' dir='ltr'><strong>vermis</strong></span> <span class='ocrx_word' id='word_1_554' title='bbox 2705 4373 2783 4417; x_wconf 85' lang='lat' dir='ltr'><strong>ex</strong></span> <span class='ocrx_word' id='word_1_555' title='bbox 2819 4354 3156 4437; x_wconf 88' lang='lat' dir='ltr'><strong>putredine</strong></span> <span class='ocrx_word' id='word_1_556' title='bbox 3189 4356 3492 4434; x_wconf 86' lang='lat' dir='ltr'><strong>nascitur,</strong></span> 
     </span>
     <span class='ocr_line' id='line_1_83' title="bbox 2006 4450 3498 4539; baseline 0.005 -27"><span class='ocrx_word' id='word_1_557' title='bbox 2006 4450 2097 4514; x_wconf 91' lang='lat' dir='ltr'><strong>sic</strong></span> <span class='ocrx_word' id='word_1_558' title='bbox 2146 4451 2324 4514; x_wconf 81' lang='lat' dir='ltr'><strong>filius</strong></span> <span class='ocrx_word' id='word_1_559' title='bbox 2367 4452 2648 4515; x_wconf 89' lang='lat' dir='ltr'><strong>hominis</strong></span> <span class='ocrx_word' id='word_1_560' title='bbox 2692 4471 2770 4515; x_wconf 83' lang='lat' dir='ltr'><strong>ex</strong></span> <span class='ocrx_word' id='word_1_561' title='bbox 2811 4452 3070 4516; x_wconf 87' lang='lat' dir='ltr'><strong>homine</strong></span> <span class='ocrx_word' id='word_1_562' title='bbox 3113 4454 3304 4537; x_wconf 85' lang='lat' dir='ltr'><strong>paulo</strong></span> <span class='ocrx_word' id='word_1_563' title='bbox 3355 4464 3498 4539; x_wconf 88' lang='lat' dir='ltr'><strong>post</strong></span> 
     </span>
     <span class='ocr_line' id='line_1_84' title="bbox 2006 4550 3489 4637; baseline 0.005 -27"><span class='ocrx_word' id='word_1_564' title='bbox 2006 4558 2436 4631; x_wconf 84' lang='lat' dir='ltr'><strong>putrescente,</strong></span> <span class='ocrx_word' id='word_1_565' title='bbox 2457 4550 2917 4633; x_wconf 89' lang='lat' dir='ltr'><strong>immundoque</strong></span> <span class='ocrx_word' id='word_1_566' title='bbox 2947 4551 3212 4629; x_wconf 86' lang='lat' dir='ltr'><strong>semine,</strong></span> <span class='ocrx_word' id='word_1_567' title='bbox 3241 4555 3489 4637; x_wconf 84' lang='lat' dir='ltr'><strong>supple,</strong></span> 
     </span>
     <span class='ocr_line' id='line_1_85' title="bbox 2004 4649 3490 4731; baseline 0.005 -21"><span class='ocrx_word' id='word_1_568' title='bbox 2004 4650 2304 4727; x_wconf 86' lang='lat' dir='ltr'><strong>mundus,</strong></span> <span class='ocrx_word' id='word_1_569' title='bbox 2340 4650 2550 4731; x_wconf 87' lang='lat' dir='ltr'><strong>justus</strong></span> <span class='ocrx_word' id='word_1_570' title='bbox 2583 4670 2656 4713; x_wconf 91' lang='lat' dir='ltr'><strong>ac</strong></span> <span class='ocrx_word' id='word_1_571' title='bbox 2691 4649 2944 4731; x_wconf 80' lang='lat' dir='ltr'><strong>fulgens</strong></span> <span class='ocrx_word' id='word_1_572' title='bbox 2981 4669 3192 4715; x_wconf 85' lang='lat' dir='ltr'><strong>coram</strong></span> <span class='ocrx_word' id='word_1_573' title='bbox 3227 4652 3350 4715; x_wconf 84' lang='lat' dir='ltr'><strong>Deo</strong></span> <span class='ocrx_word' id='word_1_574' title='bbox 3381 4672 3490 4717; x_wconf 84' lang='lat' dir='ltr'><strong>seu</strong></span> 
     </span>
     <span class='ocr_line' id='line_1_86' title="bbox 2002 4748 3496 4833; baseline 0.002 -22"><span class='ocrx_word' id='word_1_575' title='bbox 2002 4748 2478 4831; x_wconf 87' lang='lat' dir='ltr'><strong>comparatione</strong></span> <span class='ocrx_word' id='word_1_576' title='bbox 2513 4748 2712 4830; x_wconf 81' lang='lat' dir='ltr'><strong>ipsius</strong></span> <span class='ocrx_word' id='word_1_577' title='bbox 2743 4769 2882 4813; x_wconf 82' lang='lat' dir='ltr'><strong>csse</strong></span> <span class='ocrx_word' id='word_1_578' title='bbox 2915 4768 3039 4813; x_wconf 93' lang='lat' dir='ltr'><strong>non</strong></span> <span class='ocrx_word' id='word_1_579' title='bbox 3073 4750 3262 4813; x_wconf 81' lang='lat' dir='ltr'><strong>valet.</strong></span> <span class='ocrx_word' id='word_1_580' title='bbox 3295 4750 3496 4833; x_wconf 80' lang='lat' dir='ltr'><strong>Argu·-</strong></span> 
     </span>
     <span class='ocr_line' id='line_1_87' title="bbox 2002 4845 3494 4930; baseline 0.005 -23"><span class='ocrx_word' id='word_1_581' title='bbox 2002 4845 2311 4909; x_wconf 85' lang='lat' dir='ltr'><strong>mentatio</strong></span> <span class='ocrx_word' id='word_1_582' title='bbox 2342 4846 2465 4909; x_wconf 88' lang='lat' dir='ltr'><strong>ista</strong></span> <span class='ocrx_word' id='word_1_583' title='bbox 2492 4846 2816 4909; x_wconf 80' lang='lat' dir='ltr'><strong>multoties</strong></span> <span class='ocrx_word' id='word_1_584' title='bbox 2859 4855 3020 4911; x_wconf 88' lang='lat' dir='ltr'><strong>tacta</strong></span> <span class='ocrx_word' id='word_1_585' title='bbox 3047 4856 3142 4910; x_wconf 82' lang='lat' dir='ltr'><strong>est</strong></span> <span class='ocrx_word' id='word_1_586' title='bbox 3173 4856 3366 4930; x_wconf 88' lang='lat' dir='ltr'><strong>atque</strong></span> <span class='ocrx_word' id='word_1_587' title='bbox 3393 4868 3494 4915; x_wconf 85' lang='lat' dir='ltr'><strong>so-</strong></span> 
     </span>
     <span class='ocr_line' id='line_1_88' title="bbox 2002 4944 3087 5021; baseline 0.003 -15"><span class='ocrx_word' id='word_1_588' title='bbox 2002 4945 2158 5021; x_wconf 88' lang='lat' dir='ltr'><strong>luta,</strong></span> <span class='ocrx_word' id='word_1_589' title='bbox 2195 4944 2340 5007; x_wconf 91' lang='lat' dir='ltr'><strong>ideo</strong></span> <span class='ocrx_word' id='word_1_590' title='bbox 2371 4944 2696 5007; x_wconf 85' lang='lat' dir='ltr'><strong>immorari</strong></span> <span class='ocrx_word' id='word_1_591' title='bbox 2729 4964 2856 5009; x_wconf 90' lang='lat' dir='ltr'><strong>non</strong></span> <span class='ocrx_word' id='word_1_592' title='bbox 2885 4947 3087 5010; x_wconf 86' lang='lat' dir='ltr'><strong>decet.</strong></span> 
     </span>
    </p>
   </div>
   <div class='ocr_carea' id='block_1_28' title="bbox 3690 3194 3778 3242">
    <p class='ocr_par' dir='ltr' id='par_1_30' title="bbox 3690 3194 3778 3242">
     <span class='ocr_line' id='line_1_89' title="bbox 3690 3194 3778 3242; baseline 0.011 -7"><span class='ocrx_word' id='word_1_593' title='bbox 3690 3194 3778 3242; x_wconf 74' lang='lat'><strong>.15.</strong></span> 
     </span>
    </p>
   </div>
  </div>
 </body>
</html>
