4309 6259
605 1483 737 1526 Dent.
752 1494 851 1532 xm,

591 1548 658 1587 Π.

601 2464 862 2508 'audaciam

603 3348 870 3454 {illico-xxii,

875 498 996 561 m
1247 512 1596 559 mantnano
1637 512 1700 557 m
1742 510 1882 557 cAP.
1926 510 2056 556 xvll
2096 509 2255 554 unm
2298 508 2551 557 szcuNm
2590 508 3123 555 PARALll’offl-:Nonz
3164 529 3249 539 —
3286 509 3431 555 Am.
3476 509 3602 555 XVI!

877 684 969 746 Ex
995 683 1116 747 hoc
1151 657 1436 766 apparet,
1470 683 1640 765 quod
1679 681 1920 745 subditi
1963 680 2104 763 ejus
2149 688 2369 743 contu-
2394 679 2448 742 A
2473 690 2565 741 est
2600 701 2810 759 pavor
2836 682 3109 741 Domini
3134 701 3327 758 super
3362 683 3584 742 omnia
3612 702 3813 759 reqna
3841 692 3953 742 ter-

879 782 1089 844 lerunt
1146 782 1206 844 ei
1262 783 1431 844 ultra
1477 781 1764 845 debitum
1810 781 1978 843 dona
2027 787 2090 841 et
2135 777 2370 861 jocalia
2475 793 2733 849 rarum,
2762 800 2908 858 quoe
2936 788 3123 839 erant
3156 800 3279 857 per
3319 798 3561 855 yyrum
3606 783 3805 849 Iuda,
3848 800 3956 840 nec

877 880 1193 962 quaedam,
1231 880 1384 962 quia
1413 878 1716 943 videbant
1747 897 1816 940 se
1861 876 2223 959 prosperari
2254 894 2368 957 per
2476 879 2802 937 audebant
2848 878 3085 936 bellare
3130 887 3357 938 contra
3380 880 3705 954 Josaplzat.
3746 880 3877 939 Sed
3902 887 3957 937 et

878 978 1192 1059 optimum
1234 978 1518 1057 regimen
1559 978 1722 1056 ejuS.
1763 978 2099 1055 Factoeque
2125 984 2280 1035 sunt
2306 975 2371 1032 ei

877 1076 1190 1153 infinitae,
1212 1075 1274 1135 id
1305 1083 1404 1137 est
1435 1073 1620 1137 valde
1649 1072 1866 1135 multae
1897 1081 1960 1134 et
1987 1089 2253 1150 magnae,
2276 1073 2372 1130 di-

879 1175 1080 1235 vitiae.
1133 1172 1396 1235 Videtur
1443 1180 1655 1235 tamen
1707 1172 1774 1232 in
1821 1170 1942 1234 hoc
1989 1168 2371 1233 excusabilis

881 1270 1218 1347 exstitisse,
1263 1289 1392 1334 non
1432 1270 1726 1333 obstante
1755 1269 1927 1351 quod
1959 1269 2026 1329 in
2076 1268 2374 1331 Deutero-

883 1368 1098 1432 nomio
1135 1369 1410 1448 jusserat
1439 1368 1766 1445 DominuS,
1800 1376 1872 1429 ut
1909 1384 2086 1447 reges
2129 1366 2375 1428 Israeli-

881 1466 996 1529 tici
1025 1465 1245 1547 populi
1269 1484 1396 1529 non
1429 1474 1888 1547 congregarent
1909 1464 2032 1526 sibi
2064 1464 2375 1525 immensa

885 1564 1169 1646 pondera
1185 1564 1432 1644 argenti
1453 1571 1516 1626 et
1535 1562 1697 1624 auri.
1719 1564 1877 1625 Nam
1899 1561 2070 1625 bella
2089 1561 2377 1642 undique

884 1660 1008 1722 sibi
1042 1660 1386 1737 instabant,
1423 1661 1644 1741 sicque
1672 1659 2118 1723 rationabilem
2150 1658 2377 1721 habuit

883 1776 1140 1821 causam
1190 1757 1402 1820 taliter
1455 1757 1942 1834 thesaurizandi,
1997 1766 2061 1819 et
2117 1756 2377 1818 divitias

2478 975 2808 1035 Philistoei
2842 977 3149 1051 Josapkat
3186 995 3455 1035 munera
3492 976 3861 1051 deferebant
3902 983 3961 1033 et

2481 1073 2753 1148 vectiqal
2794 1074 3071 1148 arqenti.
3117 1075 3361 1133 Arabes
3406 1092 3651 1152 quoque
3690 1075 3961 1133 adduce-

2482 1171 2636 1229 bant
2672 1189 2926 1246 pecora,
2967 1172 3251 1231 arietum
3288 1179 3524 1247 septem
3572 1173 3789 1231 millia
3832 1190 3961 1246 sep-

2484 1268 2796 1344 tinyenta,
2844 1277 2905 1328 et
2951 1270 3162 1328 hircos
3216 1272 3502 1330 totidem.
3556 1270 3767 1329 Crevit
3818 1288 3960 1344 erqo

2480 1366 2789 1441 Josaphat
2822 1375 2881 1425 et
2918 1369 3377 1442 magnificatus
3414 1376 3506 1426 est
3534 1386 3729 1445 usque
3756 1367 3831 1425 in
3858 1386 3963 1426 su—

2485 1465 2705 1533 blime,
2760 1474 2952 1542 atque
2992 1465 3347 1541 aedificavit
3402 1467 3477 1524 in
3525 1468 3700 1525 Juda
3753 1466 3963 1524 domos

2484 1564 2575 1621 ad
2621 1563 2833 1622 instar
2882 1564 3195 1631 turrium,
3258 1564 3566 1640 urbesque
3614 1572 3905 1623 muratas
3940 1585 3967 1632 ‚·

2484 1670 2545 1720 et
2574 1664 2783 1719 multa
2824 1680 3016 1737 opera
3043 1662 3334 1737 patravit
3363 1662 3438 1721 in
3482 1662 3747 1721 urbibus
3762 1663 3960 1721 Iuda.

2586 1760 2726 1820 Viri
2764 1779 3011 1838 quoque
3052 1762 3377 1819 bellatores
3408 1768 3469 1819 et
3504 1760 3747 1818 robusti
3780 1768 3967 1819 erant

885 1876 1032 1919 suas
1073 1857 1151 1917 ad
1191 1856 1529 1919 honestum
1573 1856 1794 1917 retulit
1839 1854 2084 1929 finem3
2117 1874 2235 1917 nec
2284 1854 2377 1915 eis
2414 1862 2460 1924 Β
2488 1858 2561 1915 in
2592 1859 2976 1925 Jerusalem,
3023 1877 3299 1935 quorum
3342 1858 3460 1916 iste
3505 1877 3816 1917 numerus
3850 1876 3969 1933 per

885 1954 1234 2035 cupiditate
1277 1954 1616 2035 subjacuit,
1652 1954 1739 2015 ita
1765 1955 1936 2035 quod
1975 1952 2201 2015 habuit
2244 1971 2373 2028 eaS,

887 2071 1016 2116 non
1051 2050 1402 2114 habebatur
1429 2051 1509 2113 ab
1538 2052 1652 2114 eiS.
1687 2056 1774 2113 Et
1805 2056 2014 2113 multa
2035 2052 2282 2129 moria,
2314 2049 2378 2111 id

887 2158 984 2213 est
1011 2158 1289 2231 potestas
1311 2149 1568 2212 etfama
1598 2150 1921 2232 praeclara,
1948 2150 2076 2213 imo
2105 2148 2381 2211 delecta-

891 2250 980 2312 tio
1023 2248 1280 2331 copiosa
1320 2249 1388 2311 in
1429 2249 1719 2326 Domino,
1753 2248 1906 2329 quia
1946 2247 2381 2329 temporaliter

891 2367 964 2411 ac
1011 2347 1431 2430 spiritualiter
1473 2345 1990 2429 prosperabatur.
2043 2348 2381 2423 Quumque

889 2447 1260 2522 sumpsisset
1289 2466 1396 2505 cor
1423 2447 1565 2522 ejus
1593 2446 1934 2521 fiduciam'
1956 2452 2221 2520 propter
2240 2444 2381 2503 vias

889 2545 1182 2615 Domini,
1217 2542 1280 2604 id
1331 2551 1428 2605 est
1477 2551 1890 2622 augmentum
1939 2541 2078 2621 spei
2122 2559 2201 2602 ex
2247 2540 2379 2602 suis

891 2638 1192 2722 operibus
1213 2639 1539 2715 virtuosiS,
1565 2656 1706 2719 quae
1725 2646 1906 2700 erant
1927 2638 2045 2701 viae
2063 2638 2141 2700 ad
2163 2656 2381 2702 veram

893 2738 1186 2813 salutem,
1213 2756 1287 2799 ac
1315 2738 1442 2800 Deo
1474 2737 1796 2818 placentes
1823 2752 1837 2797 ε
1871 2755 2017 2817 spes
2048 2736 2285 2798 etenim
2306 2756 2383 2799 ex

894 2836 1142 2899 actibus
1173 2835 1360 2897 bonis
1391 2833 1642 2897 fovetur
1672 2842 1735 2897 et
1763 2834 1992 2896 crescit
2017 2858 2031 2910 ;
2061 2836 2260 2896 etiam
2282 2855 2385 2894 εω-

893 2937 1057 2994 celsa
1085 2943 1146 2994 et
1180 2937 1350 2993 lucos
1377 2936 1456 2993 de
1472 2936 1648 2993 ,Iuda
1667 2934 1953 2993 abstulit.
1977 2931 2385 2995 Consortatus

2484 1956 2703 2013 domos
2730 1963 2921 2031 atque
2945 1955 3249 2029 familias
3278 1955 3709 2030 sinyulorum.
3743 1956 3828 2014 In
3856 1957 3969 2015 Ju-

2485 2053 2572 2111 da
2588 2052 2895 2127 princeps
2912 2054 3127 2110 emerci
3130 2061 3252 2123 tus,
3274 2054 3503 2111 Ednas
3532 2054 3697 2121 dux,
3734 2062 3795 2112 et
3824 2072 3971 2113 cum

2486 2168 2555 2208 eo
2591 2150 3021 2208 robustissimi
3057 2151 3193 2208 viri
3236 2160 3511 2209 trecenta
3550 2152 3785 2211 millia.
3820 2152 3973 2212 Post

2488 2249 2663 2307 hunc
2708 2249 3011 2308 Jolzanan
3054 2249 3381 2325 princeps,
3423 2257 3485 2307 et
3540 2268 3687 2307 cum
3734 2267 3804 2307 eo
3853 2251 3974 2309 du-

2488 2354 2673 2405 centa
2728 2346 3047 2421 octoqinta
3096 2347 3337 2406 millia.
3385 2349 3537 2408 Post
3576 2348 3771 2407 illum
3825 2366 3973 2425 quo-

2489 2462 2610 2522 que
2626 2443 2952 2513 Amasias,
2966 2445 3150 2521 filius
3171 2446 3420 2513 Zecleri,
3442 2454 3841 2504 consecratus
3856 2446 3975 2506 Do-

2490 2542 2690 2611 min0‚
2722 2550 2781 2599 et
2816 2560 2965 2601 cum
2992 2562 3061 2601 eo
3098 2544 3375 2601 ducenta
3414 2544 3633 2601 millia
3680 2543 3975 2602 virorum

2490 2639 2789 2717 fortium.
2851 2642 3049 2699 Hunc
3105 2641 3483 2719 sequebatur
3538 2641 3833 2699 robustus
3890 2642 3977 2699 ad

2482 2738 2747 2814 proelia,
2777 2739 3050 2807 Eliada,
3079 2749 3139 2798 et
3182 2758 3331 2798 cum
3363 2759 3433 2798 eo
3472 2741 3829 2799 tenentium
3870 2758 3981 2798 ar-

2490 2854 2638 2895 cum
2667 2844 2727 2895 et
2764 2839 3085 2911 clypeum,
3114 2840 3393 2897 ducenta
3434 2838 3670 2896 millia.
3703 2838 3859 2897 Post
3896 2838 3979 2895 is-

2494 2942 2633 2993 tum
2654 2935 2852 2993 etiam
2879 2935 3188 3003 Jozabad,
3218 2943 3278 2994 et
3316 2954 3465 2994 cum
3498 2953 3567 2993 eo
3594 2944 3853 2994 centum
3882 2955 3981 2994 oc·-

893 3031 1136 3115 quippe
1179 3032 1246 3093 in
1277 3030 1568 3107 Domin0‚
1602 3049 1730 3094 non
1775 3031 1992 3093 timuit
2031 3031 2099 3093 in
2140 3030 2263 3093 hoc
2291 3029 2385 3094 of·
2410 3034 2457 3097 C
2494 3032 2741 3107 toqinta
2776 3032 2996 3091 millia
3034 3034 3483 3108 expeditorum
3530 3034 3848 3093 militum.
3885 3034 3979 3094 Hi

898 3129 1142 3193 sensam
1185 3130 1551 3191 humanam.
1587 3128 1709 3193 Sed
1746 3130 1848 3191 his
1888 3128 2264 3192 contrariari
2294 3130 2388 3191 vi-

898 3228 1084 3290 detur
1113 3228 1272 3289 illud
1303 3227 1473 3290 tertii
1496 3228 1646 3289 libri
1677 3227 1915 3310 Regum
1946 3228 2025 3290 de
2043 3227 2381 3310 Josaphat:

898 3326 1350 3389 Verumtamen
1382 3326 1628 3389 excelsa
1670 3345 1800 3389 non
1831 3326 2132 3401 abstulit3
2180 3327 2387 3390 adhuc

898 3424 1072 3486 enim
1102 3423 1379 3506 populus
1421 3424 1849 3501 sacrificabat,
1881 3433 1948 3487 et
1974 3424 2269 3487 adolebat
2296 3425 2388 3487 in-

899 3541 1161 3585 censum
1195 3522 1261 3583 in
1292 3522 1579 3598 excelsiS‚
1605 3522 1670 3584 id
1691 3531 1788 3585 est
1816 3522 1882 3585 in
1915 3522 2070 3585 locis
2101 3522 2389 3585 sublimi-

898 3618 1039 3681 buS.
1068 3618 1198 3681 Dici
1221 3627 1449 3700 potest,
1474 3620 1645 3700 quod
1665 3619 1930 3682 abstulit
1949 3638 2025 3683 ea
2043 3638 2161 3702 pro
2182 3629 2383 3701 parte,

897 3724 960 3779 et
988 3716 1394 3799 potissimum
1415 3716 1679 3779 abstulit
1695 3718 1945 3781 excelsa
1964 3726 2026 3780 et
2047 3718 2224 3781 lucos
2244 3737 2389 3799 quae

897 3814 1155 3896 reperit,
1189 3814 1256 3876 in
1284 3815 1520 3897 quibus
1550 3813 1909 3878 idololatria
1939 3814 2385 3891 exercebatur3

897 3913 1422 3976 consuetudinem
1471 3933 1623 3977 vero
1677 3912 1903 3996 populi
1960 3911 2387 3976 sacrificantis

895 4010 1022 4073 Deo
1067 4010 1136 4073 in
1183 4012 1340 4075 locis
1387 4011 1677 4089 excelsis,
1724 4031 1852 4076 non
1900 4012 2276 4095 exstirpavit
2320 4011 2389 4073 in

895 4116 1051 4172 toto.

2494 3148 2711 3189 omnes
2727 3140 2914 3189 erant
2932 3132 3020 3189 ad
3042 3150 3309 3191 manum
3326 3132 3512 3206 reyis,
3528 3132 3805 3207 exceptis
3824 3133 3983 3191 aliis

2493 3247 2649 3306 quos
2688 3236 2995 3303 posuerat
3044 3229 3118 3287 in
3165 3229 3431 3287 urbibus
3474 3230 3751 3288 muratis
3794 3239 3859 3289 et
3909 3231 3983 3289 in

2495 3326 2795 3385 universo
2823 3328 3021 3387 Juda.

2576 3422 2688 3484 Hic
2718 3421 3019 3485 recitatur
3048 3422 3323 3503 qualiter
3350 3422 3526 3485 misit
3553 3424 3865 3505 quosdam
3886 3444 3987 3487 sa·-

2496 3520 2781 3583 cerdotes
2811 3528 3003 3602 atque
3034 3522 3304 3597 Levites,
3329 3522 3785 3603 timoratosque
3815 3523 3986 3604 prin-

2496 3620 2695 3702 cipeS,
2727 3619 2841 3701 qui
2870 3619 3220 3701 pergebant
3254 3620 3333 3683 de
3363 3620 3520 3684 urbe
3551 3621 3616 3682 in
3648 3622 3875 3685 urbem
3904 3624 3981 3686 ad

2496 3718 2807 3801 populum
2838 3718 3279 3780 instruendum
3324 3719 3392 3781 in
3422 3718 3561 3800 lege
3588 3720 3721 3783 Dei.
3756 3722 3823 3783 ln
3854 3740 3987 3803 quo

2496 3826 2671 3898 patet
2706 3835 2937 3897 magna
2976 3815 3228 3879 bonitas
3269 3826 3333 3879 et
3366 3818 3621 3882 devotio
3660 3820 3828 3899 regis
3868 3821 3988 3882 hu·

2492 3916 2619 3997 ju5‚
2670 3914 2784 3996 qui
2833 3932 2961 3977 non
3010 3916 3216 3978 solum
3266 3917 3513 3997 legibus
3560 3918 3862 3982 civilibus
3910 3940 3988 3983 ac

2495 4013 2811 4096 positiviS,
2845 4015 2956 4076 sed
2994 4014 3185 4077 etiam
3224 4016 3461 4082 divinis
3498 4018 3753 4099 plebem
3790 4038 3977 4082 suam

2497 4112 2820 4189 instruxit,
2853 4112 3144 4194 rexitque
3176 4130 3192 4175 ε
3228 4133 3357 4196 quo
3385 4115 3663 4195 glorioso
3692 4118 3989 4199 exemplo

985 4208 1192 4268 Tertio
1241 4218 1458 4269 autem
1501 4228 1676 4268 anno
1717 4211 1906 4286 reyni
1947 4210 2056 4270 sui
2093 4210 2275 4270 misit
2312 4211 2392 4269 de
2418 4218 2469 4280 D
2498 4210 2745 4273 utinam
2774 4210 3021 4291 praelati
3052 4219 3115 4274 et
3152 4213 3477 4295 principes
3520 4215 3853 4277 christiani
3882 4216 3991 4280 de·

889 4305 1304 4381 principibus
1364 4306 1523 4375 suis,
1574 4308 1858 4367 Benkail
1904 4316 1964 4367 et
2013 4308 2286 4371 obdiam
2331 4317 2391 4367 et

899 4403 1289 4465 Zachariam
1328 4412 1388 4462 et
1427 4404 1801 4465 Nathanael
1827 4414 1888 4465 et
1919 4406 2290 4474 Michoeam,
2318 4414 2392 4466 ut

899 4500 1191 4561 docerent
1218 4501 1293 4561 in
1333 4501 1710 4563 civitatibus
1736 4505 1962 4575 Juda,·
1995 4513 2056 4564 et
2103 4524 2253 4565 cum
2300 4505 2393 4563 eis

897 4598 1184 4669 Levitas,
1225 4600 1551 4662 Semeiam
1581 4610 1642 4662 et
1681 4604 2134 4665 Nathanaiam
2170 4611 2232 4663 et
2270 4604 2393 4665 Za·-

900 4698 1191 4768 badiam,
1217 4700 1416 4759 Asael
1453 4720 1702 4781 quoque
1745 4710 1807 4761 et
1848 4702 2287 4763 Semiramoth
2333 4711 2393 4762 et

897 4795 1252 4869 Ionathan,
1271 4798 1726 4879 Adoniamque
1743 4809 1803 4861 et
1830 4800 2138 4861 Thebiam
2158 4809 2219 4860 et
2246 4800 2393 4861 Ἠιο-

901 4895 1250 4956 badoniam
1293 4898 1578 4969 Levitas,
1617 4908 1678 4959 et
1707 4918 1855 4959 cum
1893 4899 1986 4958 eis
2010 4900 2308 4961 Elisama
2332 4910 2392 4962 et

899 4994 1124 5053 Joram
1167 4998 1542 5057 sacerdotes.
1587 4998 2029 5075 Docebantque
2069 5001 2393 5075 populum

901 5091 978 5150 in
1041 5093 1246 5162 Iuda,
1304 5094 1602 5154 habentes
1658 5095 1900 5154 librum
1955 5095 2112 5170 teyis
2170 5097 2393 5155 Domi-

899 5190 998 5261 ni,
1016 5198 1076 5249 et
1104 5190 1538 5277 circumibant
1557 5201 1819 5252 cunctas
1849 5194 2034 5251 urbes
2061 5195 2267 5261 Juda,
2305 5204 2397 5255 at-

901 5306 1024 5365 que
1076 5288 1458 5349 erudiebant
1509 5293 1854 5368 populum.
1897 5293 2132 5370 Itaque
2176 5294 2395 5368 sactus

2498 4307 2631 4371 bite
2660 4307 3084 4372 aedificentur.
3110 4310 3187 4372 Et
3204 4310 3359 4392 quia
3388 4330 3496 4375 rex
3516 4313 3635 4377 iste
3654 4320 3833 4377 tanto
3850 4314 3991 4377 zelo

2498 4405 2837 4470 Dominum
2868 4406 3227 4486 honoravit,
3260 4410 3426 4473 Deus
3452 4429 3711 4491 quoque
3735 4411 3993 4492 glorifi-

2499 4504 2667 4568 cavit
2707 4504 2919 4587 ipsum
2958 4504 3027 4568 in
3068 4512 3341 4586 tantum,
3371 4509 3545 4590 quod
3572 4508 3877 4573 Philistaei
3916 4530 3995 4574 ac

2499 4603 2735 4666 Arabes
2781 4604 3097 4667 dederunt
3141 4605 3203 4668 ei
3250 4606 3521 4687 vectigal
3579 4624 3653 4669 ac
3698 4626 3991 4686 munera,

2500 4701 2669 4765 sicut
2710 4701 2979 4766 habetur
3008 4702 3078 4766 in
3123 4710 3319 4782 textu,
3351 4704 3467 4787 qui
3504 4704 3713 4769 clarus
3742 4715 3860 4769 est.
3892 4706 3996 4770 In-

2501 4819 2693 4883 super
2738 4799 2963 4863 habuit
3006 4802 3515 4885 copiosissimam
3562 4812 3993 4886 pugnatorum

2500 4898 2909 4981 militumque
2962 4899 3484 4963 numerositatem
3528 4900 3821 4965 ordinate
3864 4902 3997 4966 dis-

2500 4996 2789 5061 tinctam.
2822 4998 3017 5061 Erant
3042 5007 3256 5062 autem
3284 5018 3401 5082 per
3427 5000 3714 5083 quinque
3744 5008 3991 5064 turmas

2502 5096 2812 5175 distincti,
2830 5096 2997 5160 siout
3025 5097 3296 5161 habetur
3317 5098 3384 5161 in
3406 5099 3640 5175 littera,
3664 5105 3729 5163 et
3748 5118 4002 5164 succes-

2504 5195 2641 5260 sive
2671 5204 2855 5257 erant
2880 5215 3028 5260 cum
3057 5214 3229 5278 rege,
3253 5196 3383 5261 imo
3410 5205 3477 5259 et
3504 5216 3723 5262 omnes
3755 5206 4003 5283 tempo-

2502 5312 2573 5358 re
2596 5302 2980 5377 opportuno.
3008 5294 3171 5358 Ecce
3192 5296 3469 5377 qualiter
3488 5298 3649 5360 Deus
3676 5298 4001 5378 gloriosus
