4309 6259
547 4632 709 4677 Judith
719 4648 804 4686 vin,

839 494 918 560 20
1437 515 1782 561 amanam-10
1825 515 1888 559 IN
1930 514 2066 560 cxr.
2114 514 2175 559 1v
2218 512 2376 559 unm
2418 512 2642 568 Quaeri
2682 514 2907 561 ancon.
2952 535 3033 546 —
3072 516 3216 561 aar.
3261 515 3300 559 v

839 685 996 747 stica
1023 685 1288 748 historia
1318 685 1569 759 dicitur,
1605 684 1672 746 ln
1711 684 1970 747 Hebraeo
2003 684 2093 746 sic
2122 682 2326 746 conti-
2355 678 2405 741 A
2435 704 2614 747 crum
2648 695 2969 749 mortuum
3000 694 3200 749 mater
3230 705 3363 761 sua,
3398 705 3589 763 super
3618 688 3923 744 lectulum

839 790 1025 846 netur
1054 801 1067 845 :
1104 784 1169 846 In
1215 792 1494 865 tempore
1529 784 1674 859 istc,
1707 803 1906 865 quum
1950 792 2199 865 tempus
2231 781 2325 846 vi-

836 890 934 959 tae,
953 881 1244 959 subaudi,
1261 882 1467 945 adhuc
1488 882 1610 944 erit
1641 881 1779 958 tibi,
1798 881 2062 944 habebis
2087 880 2113 941 f
2117 881 2316 942 ilium.

833 980 910 1041 Et
939 981 1302 1057 concordat,
1326 980 1497 1061 quod
1527 980 1688 1061 Lyra
1718 980 1944 1042 asserit
1976 980 2042 1041 in
2068 980 2324 1042 Hebraeo

832 1078 1053 1141 haberi
1091 1096 1104 1141 ε
1140 1078 1207 1139 In
1243 1088 1524 1160 tempore
1555 1078 1698 1154 istc,
1734 1078 1900 1141 sicut
1933 1086 2029 1141 est
2073 1086 2325 1160 tempus

834 1177 999 1253 vi'tae,
1043 1177 1506 1258 amplexaberis
1554 1176 1788 1253 filium,
1828 1176 1949 1239 hoc
1991 1184 2108 1253 est,
2158 1194 2324 1238 anno

835 1276 1121 1338 revoluto
1152 1276 1277 1339 eris
1317 1296 1490 1353 sana,
1525 1283 1588 1338 et
1615 1275 2076 1358 amplexaberis
2111 1273 2324 1336 filium

833 1374 952 1436 tibi
1001 1384 1241 1452 natum,
1276 1384 1347 1437 ut
1389 1374 1649 1455 quidam
1689 1382 2017 1455 exponunt
2053 1373 2321 1436 Hebraei.

836 1476 924 1535 At
953 1474 1075 1533 illa
1107 1475 1434 1551 respondit
1465 1494 1488 1532 .·
1521 1474 1698 1544 Noli,
1726 1492 1961 1552 quoew,
1991 1473 2086 1532 mi
2125 1473 2329 1531 domi-

836 1592 941 1642 ne,
973 1574 1077 1632 vir
1107 1573 1248 1644 Dei,
1281 1574 1420 1633 noli
1450 1574 1718 1633 mentiri
1748 1574 2006 1633 ancilloe
2039 1580 2188 1631 tuce.
2212 1570 2327 1631 Cu-

839 1670 1081 1733 rialiter
1113 1669 1396 1751 loquitur
1427 1668 1668 1732 femina
1698 1669 1840 1747 ista,
1868 1687 1994 1732 non
2023 1668 2195 1750 quod
2217 1686 2328 1749 pu-

837 1775 998 1831 taret
1027 1768 1307 1830 Eliseum
1339 1788 1478 1831 esse
1523 1769 1917 1845 mendacem,
1951 1774 2061 1829 aut
2103 1765 2327 1829 fallere

2434 786 2715 844 hominis
2736 787 2898 844 Dei:
2918 784 3073 865 quia
3100 802 3413 847 cameram
3445 782 3621 845 illam
3652 781 3759 844 alii
3793 798 3921 843 non

2434 881 2756 943 intrabant
2774 902 2851 945 ex
2882 880 3055 945 facili
3085 901 3305 959 causa;
3329 892 3388 943 ei
3408 884 3641 942 clausit
3659 881 3918 952 ostium,

2436 998 2514 1041 ne
2544 981 2689 1061 quis
2731 998 2999 1061 puerum
3039 988 3360 1043 mortuum
3409 978 3725 1043 inveniret
3760 994 3773 1039 ε
3816 998 3925 1040 cu·-

2433 1078 2537 1158 jus
2569 1088 2837 1143 mortem
2878 1098 2994 1141 nec
3043 1098 3158 1142 suo
3197 1077 3630 1142 manifestavit
3668 1076 3919 1151 meritc,

2435 1184 2506 1239 ut
2550 1176 2753 1259 aliqui
2802 1178 3168 1260 opinantur.
3218 1180 3305 1238 Ec
3352 1197 3621 1254 cyressa,
3674 1176 3925 1236 vocavit

2436 1278 2655 1337 virum
2682 1298 2899 1349 suum,
2932 1286 2991 1337 ec
3035 1278 3131 1338 aii
3162 1294 3184 1336 .·
3217 1278 3403 1336 Mitte
3449 1296 3720 1344 mecum,
3761 1276 3925 1334 obse-

2435 1394 2790 1444 cro,unum
2808 1378 2887 1435 de
2908 1376 3156 1453 pueris,
3182 1374 3303 1437 hoc
3334 1382 3431 1437 est
3466 1372 3779 1436 ministris
3814 1390 3924 1434 no-

2437 1473 2605 1548 striS,
2625 1482 2685 1533 ec
2713 1476 2995 1542 asinam,
3018 1491 3209 1554 super
3239 1491 3432 1554 quam
3463 1471 3677 1549 vehar,
3716 1481 3788 1532 uc
3812 1492 3922 1531 εω-

2434 1591 2722 1641 curra-m,
2752 1572 2873 1635 hoc
2918 1580 3033 1647 est,
3082 1570 3387 1635 velociter
3426 1586 3685 1651 pergam
3730 1586 3923 1649 super

2436 1670 2677 1731 asinam
2709 1669 3074 1751 equitando,
3094 1690 3294 1748 usque
3314 1672 3403 1729 ad
3430 1670 3753 1730 hominem
3775 1667 3919 1736 Dei,

2434 1779 2493 1829 ei
2523 1779 2831 1829 revertar.
2856 1772 2981 1837 Qui
3010 1771 3106 1830 aii
3136 1771 3243 1827 illi
3264 1789 3285 1827 .·
3310 1772 3520 1837 Quam
3549 1770 3623 1827 ob
3652 1785 3919 1826 causa-m

835 1866 1022 1943 velle,
1057 1868 1168 1929 sed
1197 1868 1276 1929 ad
1309 1866 1868 1944 insinuandum,id
1900 1866 2073 1948 quod
2099 1865 2329 1947 promi·
2361 1866 2409 1929 B
2437 1868 2625 1927 vadis
2652 1870 2740 1927 ad
2774 1888 2923 1927 eam
2946 1870 2975 1927 ?
3003 1869 3213 1929 Hodie
3256 1887 3385 1927 non
3422 1875 3574 1927 suni
3611 1867 3917 1933 calendae,

836 1965 919 2027 sit
949 1966 1194 2029 Eliseus
1230 1986 1367 2029 esse
1415 1965 1811 2048 impossibile
1851 1985 1965 2049 per
2004 1972 2319 2041 naturam,

833 2070 1022 2146 atque
1069 2064 1380 2146 implicite
1432 2082 1679 2145 roganS,
1733 2072 1804 2126 ut
1844 2062 2212 2128 verificaret
2260 2071 2323 2125 et

831 2161 1146 2225 obtineret
1184 2183 1221 2226 a
1266 2162 1530 2226 Domino
1577 2163 1749 2244 quod
1791 2162 2155 2245 spopondit.
2200 2161 2326 2222 Un-

830 2260 930 2334 de,
966 2268 1034 2322 ut
1065 2259 1288 2337 fertur,
1313 2262 1556 2325 Hebraei
1590 2261 1810 2342 legunt
1835 2278 1848 2321 :
1873 2260 2013 2323 Noli
2046 2258 2325 2323 deficere

831 2357 1080 2420 ancillae
1111 2365 1255 2421 tuae.
1289 2358 1568 2421 Verbum
1610 2359 1783 2421 enim
1815 2358 2193 2421 Hebraicum
2224 2358 2325 2419 de-

833 2455 1042 2535 signat
1069 2464 1412 2538 utrumque
1439 2457 1567 2520 :sic
1595 2458 1766 2539 quod
1808 2456 2078 2520 credidit
2109 2454 2322 2518 verbis

831 2553 1178 2635 Prophetae,
1214 2554 1506 2636 quamvis
1545 2574 1622 2617 ex
1651 2554 2070 2618 admiratione
2115 2554 2325 2637 prima

835 2649 999 2714 facie
1019 2652 1110 2714 ita
1139 2652 1353 2716 locuta
1381 2652 1598 2716 fucrit.

935 2754 1021 2813 Ec
1069 2754 1354 2829 concepit
1399 2755 1661 2822 mulier,
1706 2762 1768 2813 et
1807 2754 2057 2831 peperit
2102 2756 2324 2829 filium

831 2850 906 2910 in
946 2858 1224 2928 tempore
1251 2860 1310 2911 ei
1340 2852 1411 2911 in
1441 2854 1663 2911 eadem
1695 2854 1856 2912 liora
1894 2872 2026 2931 qua
2061 2854 2323 2913 diderat

829 2950 1105 3011 Eliseus.
1142 2948 1371 3031 Sicquc
1398 2950 1572 3037 quod
1601 2949 1712 3025 ait,
1747 2950 1813 3011 In
1848 2958 2132 3032 tempore
2162 2959 2226 3013 et
2257 2950 2323 3012 in

2434 1986 2635 2045 neque
2660 1967 3015 2027 sabbatum.
3050 1965 3116 2027 In
3156 1964 3440 2028 calendis
3483 1982 3596 2026 seu
3643 1960 3919 2024 exordiis

2432 2062 2749 2126 mensium
2799 2071 2861 2127 et
2908 2063 3210 2140 sabbatiS,
3263 2072 3570 2145 tanquam
3621 2061 3687 2122 in
3740 2059 3919 2122 festis

2433 2160 2681 2239 diebuS,
2714 2162 3005 2225 solebant
3035 2162 3234 2225 Judaei
3278 2162 3373 2224 ire
3404 2162 3482 2223 ad
3525 2159 3917 2224 audiendum

2431 2259 2783 2323 doctrinam
2806 2260 3168 2323 Scribarum
3188 2280 3260 2323 ac
3282 2259 3749 2341 Prophetarum.
3776 2260 3921 2326 Qaoe

2432 2363 2761 2437 respondit
2783 2381 2804 2418 .·
2842 2359 3250 2429 Vadam‚hoc
3279 2366 3395 2435 est,
3424 2376 3646 2439 precor
3678 2364 3747 2419 ut
3777 2375 3918 2438 per-

2432 2458 2646 2519 mittas
2676 2477 2779 2521 me
2810 2457 2923 2521 ire.
2957 2460 3336 2537 stravitque
3364 2459 3623 2519 asinam
3657 2474 3771 2538 per
3798 2454 3917 2516 mi-

2434 2556 2727 2633 nistrum,
2760 2566 2820 2617 ec
2854 2559 3162 2635 praecepit
3194 2576 3419 2635 puer0,
3454 2557 3645 2617 Asina
3684 2565 3745 2615 ei
3766 2574 3917 2632 pro—

2422 2676 2586 2733 pera
2616 2676 2639 2716 .·
2668 2653 2833 2717 asini
2872 2674 3146 2736 namque
3186 2662 3250 2719 et
3285 2654 3481 2717 asinae
3517 2672 3645 2717 non
3677 2653 3917 2716 vadunt

2431 2753 2753 2831 velociter,
2775 2754 2898 2815 nisi
2920 2754 2998 2815 ad
3030 2754 3149 2817 hoc
3179 2752 3622 2835 impellantur;
3648 2773 3729 2813 ne
3752 2754 3917 2812 mihi

2432 2872 2675 2913 mora-m
2707 2855 2916 2933 facias
2947 2855 3019 2914 in
3055 2856 3263 2913 eundo
3278 2876 3307 2923 ,·
3334 2861 3393 2912 ei
3432 2855 3548 2912 hoc
3576 2870 3715 2929 aye,
3748 2853 3914 2931 quod

2423 2952 2735 3029 proecipio
2769 2953 2907 3012 tibi.

829 3047 1048 3109 eadem
1094 3047 1270 3124 hora,
1305 3046 1580 3110 refertur
1606 3047 1686 3109 ad
1731 3048 1996 3111 verbum
2037 3049 2179 3125 hoc,
2214 3049 2324 3112 Pe-
2357 3047 2400 3110 C
2510 3049 2813 3126 Profecca
2856 3059 2945 3109 est
2984 3050 3217 3125 ἐρέτην,
3246 3057 3306 3108 et
3352 3050 3526 3108 venit
3565 3050 3652 3108 ad
3700 3048 3913 3107 virum

829 3145 1017 3225 perit.
1041 3145 1166 3209 Nec
1195 3145 1424 3223 obstat,
1445 3146 1616 3227 quod
1647 3146 1890 3209 dixerat
1921 3147 2189 3223 EliseuS,
2212 3148 2321 3209 Ha-

826 3241 1008 3306 bebis
1057 3243 1125 3304 in
1176 3252 1355 3307 utero
1391 3261 1404 3305 z
1439 3244 1592 3325 quia
1636 3243 1804 3307 infra
1853 3264 2044 3307 unam
2094 3245 2317 3308 horam

829 3348 1073 3423 poterat
1107 3342 1340 3405 habere
1373 3342 1438 3403 in
1469 3351 1651 3405 utero
1691 3343 1958 3425 prolem,
2001 3351 2063 3406 et
2097 3362 2321 3425 parere

830 3458 992 3501 cam.
1027 3440 1311 3521 Denique
1341 3441 1822 3523 supernaturale
1857 3441 1882 3503 l'
1885 3442 1999 3518 uit,
2033 3442 2202 3523 quod
2226 3462 2321 3505 se-

830 3556 952 3601 nex
991 3537 1101 3600 ille
1148 3539 1496 3619 generavit,
1531 3547 1594 3601 et
1642 3540 1816 3615 item,
1851 3540 2022 3620 quod
2069 3540 2317 3603 Eliseus

829 3654 959 3698 non
990 3636 1195 3698 solum
1227 3637 1547 3719 praescivit
1567 3636 1708 3713 hoc,
1734 3638 1845 3700 sed
1873 3639 2066 3700 etiam
2096 3639 2318 3701 horam

828 3734 1333 3797 determinatam.
1369 3736 1607 3798 Rursus
1647 3737 2130 3817 supernaturale
2168 3736 2312 3815 fuit,

827 3836 995 3915 quod
1027 3834 1215 3897 scivit
1245 3834 1489 3916 prolem
1520 3835 1792 3896 dandam
1837 3824 2070 3899 debere
2103 3836 2128 3898 s
2134 3837 2315 3899 ilium

825 3952 986 4009 esse,
1022 3951 1150 3996 non
1184 3932 1412 3995 filiam.

910 4035 1120 4094 Crevit
1144 4042 1360 4094 autem
1395 4053 1604 4110 puer,·
1643 4044 1703 4094 ei
1731 4054 1933 4113 quum
1961 4045 2112 4095 esset
2146 4056 2315 4113 φαε-

823 4132 972 4191 dam
989 4133 1154 4201 dies,
1167 4142 1226 4191 ei
1245 4152 1526 4208 eyressus
1543 4142 1696 4192 esset
1715 4136 1802 4193 ad
1815 4144 2069 4210 patrem
2087 4155 2309 4204 suum,

2429 3146 2551 3205 Dei
2580 3148 2653 3206 in
2694 3156 2971 3207 montem
3007 3148 3308 3207 Carmeli.
3350 3149 3688 3225 Quumque
3718 3144 3917 3205 vidis—

2428 3253 2517 3305 set
2553 3264 2693 3305 eam
2728 3247 2832 3305 vir
2859 3246 2981 3307 Dei
3026 3265 3267 3315 coram,
3296 3246 3392 3305 aii
3425 3248 3513 3305 ad
3550 3244 3733 3303 Giezi
3757 3262 3916 3321 pue-

2430 3362 2579 3403 rum
2625 3364 2819 3404 suum
2860 3364 2881 3402 .·
2930 3346 3083 3405 E'cce
3121 3344 3492 3406 Sunamiiis
3540 3343 3683 3403 illa.
3748 3344 3916 3401 Vade

2427 3460 2572 3517 erqo
2606 3444 2678 3503 in
2706 3462 3041 3503 occursum
3072 3442 3231 3519 ejicS,
3264 3450 3324 3501 ei
3368 3442 3476 3501 dic
3503 3442 3566 3500 ei
3596 3461 3619 3499 .·
3646 3443 3915 3502 Rectene

2428 3542 2650 3617 ayiiur
2686 3543 2859 3601 circa
2900 3550 2980 3609 te,
3009 3550 3068 3600 ei
3112 3542 3283 3600 circa
3332 3542 3552 3600 virum
3598 3549 3803 3610 tuum,
3854 3547 3914 3597 et

2426 3641 2600 3699 circa
2626 3641 2847 3717 filium
2898 3642 3132 3699 cuum?
3175 3638 3373 3701 Scivit
3420 3638 3593 3701 enim
3638 3636 3905 3712 EliseUS,

2425 3738 2597 3818 quod
2628 3738 2859 3800 mulier
2902 3745 3030 3798 tam
3071 3736 3323 3818 pudica,
3359 3755 3487 3799 non
3518 3736 3693 3801 venit
3728 3735 3806 3798 ad
3844 3754 3913 3797 se

2429 3855 2542 3917 per
2586 3835 2705 3898 iter
2746 3843 2989 3898 tantum
3038 3836 3175 3899 sine
3222 3835 3465 3917 ingenti
3505 3854 3719 3897 causa.
3760 3838 3911 3903 Quae

2424 3937 2752 4012 respondit
2780 3956 2803 3994 .·
2831 3936 3039 3996 Recte.
3082 3934 3312 3997 Dicunt
3358 3932 3582 4015 aliqui,
3630 3933 3801 4014 quod
3845 3932 3913 3993 in

2425 4032 2543 4095 hoc
2575 4033 2658 4095 sit
2676 4032 2959 4107 mentita,
2990 4040 3053 4095 et
3081 4034 3248 4113 quod
3283 4051 3409 4096 non
3450 4039 3738 4113 oporteat
3773 4048 3911 4093 eam

2424 4150 2461 4193 a
2490 4131 2821 4194 mendacio
2841 4131 3147 4193 excusari.
3174 4130 3627 4193 Verumtamen
3659 4128 3787 4191 dici
3810 4146 3913 4211 po-

824 4238 884 4288 et
913 4232 1000 4288 ad
1029 4249 1348 4299 messoreS,
1369 4231 1465 4290 ait
1474 4232 1660 4307 patri
1687 4250 1838 4291 suo:
1859 4234 2063 4308 Caput
2095 4254 2307 4293 meum
2345 4238 2394 4300 D
2428 4237 2567 4307 test,
2615 4228 2785 4310 quod
2826 4228 3157 4291 verissime
3206 4229 3293 4291 ita
3342 4228 3689 4309 respondit.
3725 4228 3910 4290 Recte

827 4327 1030 4394 dole0‚
1049 4336 1242 4403 caput
1263 4348 1477 4388 meum
1497 4332 1695 4388 doleo,
1713 4328 1891 4391 Unde
1923 4338 2114 4410 patet,
2141 4331 2315 4411 quod

827 4423 960 4504 jam
992 4422 1114 4485 tuit
1143 4424 1372 4487 adultae
1403 4424 1604 4487 aetatis
1637 4442 1650 4485 :
1683 4434 1748 4487 et
1778 4424 1994 4489 forsan
2025 4427 2198 4489 calor
2228 4427 2320 4490 in-

833 4528 1050 4582 tensus
1071 4520 1233 4583 laesit
1253 4522 1605 4604 puerulum,
1621 4524 1785 4585 sicut
1807 4524 2074 4586 habetur
2097 4527 2175 4589 de
2196 4546 2318 4589 ma-

833 4620 956 4683 rito
985 4619 1223 4697 Iudith,
1245 4623 1419 4703 quod
1449 4622 1724 4685 instabat
1755 4642 1946 4705 super
1985 4624 2319 4703 alligantes

834 4718 1194 4800 manipulos
1227 4719 1294 4780 in
1323 4738 1568 4802 campo,
1603 4728 1664 4783 et
1695 4722 1872 4785 venit
1905 4729 2092 4784 aestus
2125 4743 2319 4805 super

832 4825 1024 4899 caput
1063 4816 1224 4897 ejuS,
1259 4825 1323 4879 ct
1368 4826 1654 4882 mortuus
1703 4828 1819 4881 est.
1851 4824 1940 4881 At
1983 4823 2095 4881 ille
2141 4826 2320 4883 dimit

819 4936 1030 4995 puero
1050 4934 1073 4976 .·
1095 4920 1358 4989 Tolle,ec
1385 4921 1514 4977 duc
1531 4940 1676 4979 eum
1698 4923 1787 4979 ad
1805 4930 2076 4981 mairem
2105 4942 2315 4983 suam.

833 5016 962 5083 Qui
991 5036 1194 5095 quum
1227 5018 1471 5076 tulisset
1490 5026 1548 5076 et
1577 5020 1865 5079 duxisset
1893 5039 2041 5079 eum
2068 5022 2157 5079 ad
2187 5042 2320 5081 ma-

831 5122 992 5174 irem
1035 5134 1244 5186 suam,
1269 5116 1489 5193 posuit
1533 5136 1680 5176 eum
1727 5118 1842 5177 illa
1877 5138 2066 5195 super
2100 5138 2321 5196 ¹qenua

826 5233 947 5273 sua
979 5233 1176 5292 usquc
1192 5217 1280 5273 ad
1303 5217 1660 5285 meridiem,
1683 5224 1742 5275 ei
1765 5226 2054 5276 mortuus
2072 5227 2183 5277 est.
2209 5220 2322 5279 As-

826 5313 1042 5371 cendit
1072 5320 1288 5373 autem
1307 5322 1365 5373 ei
1393 5316 1724 5373 collocavit
1751 5334 1924 5383 eum,
1944 5313 2189 5377 scilicet
2210 5335 2319 5397 pu-

2426 4327 2685 4405 etenim,
2735 4327 2798 4389 id
2842 4336 2937 4389 est
2978 4328 3169 4408 juste,
3204 4327 3371 4391 circa
3411 4346 3550 4390 eam
3599 4335 3660 4389 et
3703 4325 3911 4388 filium

2427 4427 2567 4508 ejus
2599 4425 2933 4503 acciderat,
2958 4426 3261 4507 quoniam
3287 4427 3448 4489 Deus
3474 4427 3648 4508 justo
3672 4423 3914 4507 judicio

2428 4526 2517 4589 ita
2542 4524 2879 4606 disposuit,
2914 4532 2975 4587 et
3004 4543 3120 4607 pro
3149 4524 3378 4606 majori
3408 4524 3507 4587 sui
3547 4524 3749 4606 ipsius
3777 4523 3911 4604 glo-

2429 4625 2525 4686 ria
2560 4631 2625 4686 et
2670 4624 2933 4699 honore,
2965 4630 3029 4685 et
3076 4641 3190 4705 pro
3229 4621 3524 4704 ampliori
3574 4629 3906 4703 parentum

2429 4722 2610 4805 pueri
2642 4720 3067 4784 aedificatione
3088 4730 3149 4783 et
3170 4722 3423 4803 gaudio.
3452 4725 3788 4801 Quumque
3818 4742 3918 4781 ve-

2430 4825 2621 4884 nisset
2650 4825 2739 4883 ad
2778 4824 2997 4882 virum
3027 4824 3147 4883 Dei
3188 4824 3261 4882 in
3300 4832 3575 4883 montem
3618 4820 3910 4896 Carmeli,

2431 4920 2497 4983 in
2519 4940 2647 5002 quo
2670 4920 2934 4983 Sanctus
2966 4919 3075 4982 ille
3103 4919 3405 4983 continue
3433 4919 3751 4982 exercitiis
3772 4918 3917 4979 vitae

2428 5019 2939 5102 contemplativae
2970 5019 3237 5095 vacavit,
3271 5020 3694 5097 apprehendit
3727 5021 3917 5096 pedes

2427 5120 2593 5197 ejus,
2622 5118 2805 5199 quasi
2836 5117 3031 5180 oblita
3064 5117 3354 5180 consueti
3387 5116 3775 5198 femineique
3805 5135 3917 5198 pu-

2427 5217 2624 5293 doriS‚
2659 5217 3033 5279 necessitate
3076 5216 3406 5298 compulsa
3432 5224 3497 5279 et
3534 5216 3722 5290 victa,
3758 5213 3916 5277 affe-

2428 5324 2533 5378 ctu
2564 5315 2865 5390 honest03
2896 5326 2956 5376 et
2985 5317 3242 5376 accessit
3276 5316 3459 5376 Giezi
3493 5325 3566 5376 ut
3597 5322 3913 5375 amoveret
