4309 6259
605 2104 762 2149 Jacob.
788 2119 816 2148 ι.

600 3182 771 3227 Ρεαιηι.
789 3198 832 3228 ιι.

867 494 985 559 284
2005 518 2293 563 EPISTOLA
2336 520 2800 565 NuncurAromA

867 694 1250 757 mortalium
1277 697 1544 778 pectora
1567 699 1738 762 inter
1765 697 2073 761 assiduos
2101 715 2434 762 armorum
2468 699 2779 780 crepituS,
2812 700 3056 781 quibus
3077 698 3217 778 jam
3247 700 3363 764 diu
3400 700 3582 764 totus
3617 696 3945 761 colliditur

866 800 1090 863 orbis?
1131 802 1209 866 In
1242 821 1389 884 quae
1429 806 1596 868 vitia
1633 823 1768 869 non
1801 805 2229 887 degeneravit
2268 806 2651 870 mortalium
2687 807 2849 885 vita,
2892 806 3163 871 militari
3198 806 3513 871 licentia?
3548 806 3722 868 Hinc
3758 804 3948 867 urbes

864 908 1160 973 vidimus
1197 911 1458 975 diutina
1489 913 1832 976 obsidione
1872 913 2203 993 fatigataS,
2234 913 2303 976 vi
2334 914 2582 994 captaS,
2616 915 2679 977 et
2708 914 2791 977 ab
2820 914 2980 992 im0,
3012 915 3176 996 proh
3207 916 3416 991 dolor,
3447 914 3724 977 excisas.
3752 911 3949 992 Atqui

864 1032 1203 1079 armorum
1247 1017 1452 1081 terror
1498 1019 1615 1082 ubi
1664 1020 2052 1101 consopitus
2099 1020 2261 1096 erat,
2308 1020 2535 1083 tantus
2581 1019 2712 1083 fuit
2748 1020 3075 1083 malorum
3117 1021 3449 1097 incursuS,
3496 1020 3574 1082 ut
3613 1018 3951 1081 calamitas

865 1124 1226 1187 calamitati
1253 1125 1659 1190 successisse
1687 1128 1984 1208 apprime
2012 1126 2223 1190 videri
2254 1126 2488 1208 possit.
2530 1127 2699 1191 Nam
2736 1128 2879 1190 dira
2914 1128 2981 1190 et
3018 1129 3205 1191 atrox
3240 1128 3447 1211 pestis
3481 1128 3549 1190 in
3584 1126 3797 1189 multa
3830 1125 3951 1187 ho-

864 1232 1126 1294 minum
1158 1232 1372 1295 millia
1408 1233 1730 1297 desaeviit.
1765 1234 1889 1297 His
1919 1235 2174 1297 accedit
2210 1235 2389 1315 quod
2425 1235 2691 1316 propter
2725 1235 3141 1315 largissimos
3180 1235 3449 1313 imbreS,
3491 1235 3609 1317 qui
3656 1250 3852 1313 agros
3887 1232 3955 1295 in

862 1338 982 1401 lati
1011 1340 1297 1419 aequoris
1328 1342 1617 1421 speciem
1657 1341 2060 1421 operiebant,
2092 1342 2308 1405 esurie
2346 1343 2413 1406 et
2446 1342 2561 1404 siti
2592 1342 2841 1423 passim
2871 1342 2961 1404 sit
2987 1342 3379 1405 laboratum.
3406 1343 3718 1404 Vidimus
3746 1357 3957 1421 quan-

865 1446 952 1508 tis
989 1446 1275 1527 denique
1313 1449 1644 1527 angustiis
1680 1449 1844 1511 fides
1882 1450 2171 1512 arctetur
2197 1449 2560 1528 Ca'tholica,
2598 1450 2863 1530 quantis
2902 1449 3199 1512 dissidiis
3236 1449 3531 1513 fidelium
3565 1449 3775 1511 coetus
3804 1464 3955 1509 con-

867 1554 1179 1631 cutiatur,
1220 1555 1466 1635 quibus
1502 1572 1634 1618 non
1672 1555 1998 1618 haereseos
2027 1556 2299 1619 zizaniis
2334 1556 2747 1638 Evangelicae
2786 1556 3103 1621 doctrinae
3134 1574 3322 1638 seges
3356 1557 3593 1619 vitiata
3622 1557 3711 1619 sit
3750 1576 3764 1615 :
3808 1572 3953 1635 quae

867 1661 963 1723 ita
1009 1661 1230 1741 gliscit
1273 1661 1342 1724 in
1385 1663 1549 1741 dieS,
1595 1662 1692 1725 ita
1736 1680 1881 1725 sese
1919 1663 2269 1727 hominum
2316 1664 2559 1728 animis
2608 1664 2926 1743 insinuat,
2976 1665 3054 1727 ut
3088 1664 3234 1729 sine
3284 1681 3525 1745 magno
3572 1663 3957 1726 discrimine

869 1767 1023 1831 inde
1064 1768 1291 1831 revelli
1327 1786 1462 1832 non
1507 1771 1725 1850 queat.
1771 1770 2016 1834 Verum
2069 1770 2139 1833 in
2182 1771 2387 1833 tantis
2424 1772 2750 1834 malorum
2797 1771 3129 1853 procelliS,
3171 1789 3319 1853 quae
3365 1789 3577 1853 usque
3622 1772 3787 1834 adeo
3828 1771 3957 1833 ter-

866 1892 1061 1939 renas
1093 1877 1347 1939 mentes
1385 1876 1660 1957 agitant,
1697 1894 1772 1941 ac
1809 1877 2239 1960 potissimum
2280 1878 2445 1941 bene
2482 1878 2751 1942 vivendi
2788 1879 3097 1942 instituto
3145 1879 3591 1957 adversantur,
3630 1878 3796 1960 quid
3836 1877 3961 1939 mi-

871 2000 1000 2047 nus
1035 2000 1159 2047 nos
1205 1984 1390 2047 decet
1433 2002 1632 2065 quam
1673 1986 1895 2049 dolore
1941 1988 2057 2049 aut
2103 2003 2344 2066 pavore
2391 1986 2891 2051 contabescere?
2929 1985 3104 2059 Quid
3156 1987 3369 2067 magis
3414 1986 3723 2050 convenit
3754 2002 3959 2066 quam

871 2091 1114 2173 gaudio
1159 2090 1511 2169 exsultare,
1551 2092 1781 2155 Jacobi
1826 2093 2235 2169 testimoni0‚
2277 2093 2396 2173 qui
2430 2093 2695 2175 inquit:
2738 2092 3057 2171 Gaudete,
3098 2093 3353 2171 fratreS,
3386 2110 3593 2175 quum
3631 2093 3700 2156 in
3741 2092 3961 2155 varias

870 2198 1270 2264 tentationes
1314 2198 1727 2262 incideritis?
1775 2200 2018 2263 Nullus
2060 2200 2263 2278 enim,
2316 2202 2619 2265 animum
2660 2202 2778 2282 qui
2821 2200 3074 2281 abjicit,
3124 2201 3518 2281 coronatur3
3570 2200 3798 2264 nullus
3842 2200 3958 2279 qui

874 2306 1326 2384 contristatur,
1375 2306 1748 2387 trophaeum
1801 2306 2059 2370 statuit.
2115 2307 2282 2381 Quae
2343 2309 2519 2372 enim
2576 2309 2800 2388 gloriae
2852 2324 3026 2389 speS,
3071 2308 3129 2370 si
3188 2308 3371 2371 nulla
3417 2307 3692 2371 victoria
3720 2308 3751 2369 ⁴?
3792 2306 3959 2379 Quis

872 2414 1213 2496 triumpho
1256 2413 1468 2491 locus,
1507 2431 1651 2477 acre
1696 2415 2028 2478 certamen
2057 2416 2114 2478 si
2151 2432 2285 2478 non
2316 2414 2563 2479 fuerit?
2605 2414 2822 2488 Quare
2856 2433 2938 2479 ne
2975 2416 3289 2479 cedamus
3324 2415 3541 2495 malis,
3580 2416 3697 2479 sed
3733 2416 3961 2477 contra

873 2523 1297 2589 audentiores
1353 2538 1606 2599 eamUS,
1655 2522 1732 2584 ut
1773 2521 1988 2584 virtus
2039 2523 2108 2585 in
2155 2523 2280 2585 hoc
2329 2523 2713 2586 discrimine
2754 2524 2969 2603 magis
3010 2540 3084 2586 ac
3129 2524 3345 2605 magis
3394 2524 3773 2587 efflorescat.
3816 2522 3959 2585 Hoc

873 2631 1052 2695 enim
1093 2645 1437 2711 speramus
1477 2626 1683 2708 (quod
1727 2628 2048 2691 maritimi
2091 2629 2161 2691 in
2200 2628 2451 2691 difficili
2487 2630 2743 2692 soleant
2776 2630 3069 2711 periculo
3110 2629 3421 2712 sperare),
3460 2629 3961 2693 inundationem

874 2739 1142 2802 uberem
1196 2735 1498 2798 comitari
1548 2734 1979 2798 feracitatem.
2030 2736 2154 2798 Per
2200 2752 2401 2815 quam
2448 2736 2865 2799 tolerantiam
2912 2754 3027 2818 per
3071 2740 3169 2800 tot
3215 2738 3569 2814 cruciatus,
3606 2736 3733 2799 Job
3770 2752 3959 2799 servo

875 2844 1148 2910 Domini
1190 2843 1271 2906 ad
1313 2842 1555 2904 coelum
1593 2842 1704 2904 via
1739 2843 1975 2924 patuit.
2018 2844 2143 2906 Per
2191 2843 2364 2906 hanc
2415 2843 2827 2907 tolerantiam
2880 2846 2946 2907 et
2986 2844 3131 2907 haec
3170 2846 3395 2909 nostra
3428 2844 3663 2908 Judith
3696 2844 3967 2907 Judaeo-

872 2970 1023 3017 rum
1070 2950 1307 3014 avertit
1362 2949 1647 3028 animoa,
1704 2967 1787 3013 ne
1843 2950 2166 3015 ditionem
2218 2951 2592 3014 saevissimo
2643 2950 2797 3013 duci
2851 2953 3180 3032 pararent,
3232 2953 3575 3035 satiusque
3629 2969 3773 3016 esse
3823 2954 3967 3015 rata

877 3059 1073 3124 malis
1101 3057 1592 3138 aliquantulum
1623 3057 1836 3135 obrui,
1867 3075 2069 3138 quam
2092 3058 2347 3140 Jugiter
2374 3060 2499 3123 sub
2530 3059 2765 3122 mortis
2801 3059 3065 3122 vexillis
3093 3059 3375 3123 militare
3404 3060 3797 3141 imperatore
3825 3059 3969 3123 dia-

873 3166 1051 3230 bolo,
1103 3166 1244 3228 Hac
1285 3165 1451 3227 duce
1500 3162 1596 3239 (et
1634 3164 1966 3247 Propheta
2015 3164 2449 3247 acclamante)
2501 3167 2999 3248 disrumpamus
3042 3168 3109 3230 et
3152 3184 3275 3231 nos
3318 3167 3589 3231 vincula
3627 3182 3857 3230 eorum
3892 3152 3969 3229 'et

875 3271 1307 3356 projiciamus
1357 3289 1396 3334 a
1433 3272 1628 3335 nobis
1658 3270 1904 3353 Jugum
1946 3272 2243 3354 ipsorum
2288 3294 2300 3333 :
2344 3291 2559 3354 neque
2594 3274 2882 3355 amplius
2922 3274 3115 3337 nobis
3154 3274 3464 3338 blandius
3500 3274 3961 3352 ementiamur,

869 3381 1242 3445 vanitatum
1280 3398 1396 3461 spe
1444 3380 1672 3458 illecti,
1712 3381 1830 3443 sed
1867 3381 1949 3443 ab
1985 3380 2200 3461 ipsius
2238 3380 2492 3444 fallacis
2528 3382 2761 3445 mundi
2790 3382 3026 3463 spatiis
3060 3383 3258 3464 atque
3286 3383 3692 3446 umbraculis
3728 3382 3813 3445 ad
3848 3382 3967 3445 Sa—

871 3487 1160 3553 lomonis
1201 3487 1534 3567 porticum
1579 3486 1998 3565 deficiamuS,
2044 3487 2113 3550 in
2152 3506 2286 3569 qua
2323 3489 2695 3552 certissima
2734 3488 2892 3552 vitae
2930 3490 3100 3553 ratio
3146 3506 3221 3553 ac
3268 3490 3515 3553 veritas
3561 3490 3956 3552 continetur.

868 3598 1122 3659 Horum
1166 3594 1447 3674 vestigia
1488 3594 1937 3673 insequenteS,
1972 3596 2088 3675 qui
2125 3595 2592 3673 sanctimonia,
2631 3595 2905 3677 parique
2941 3597 3095 3658 vitae
3136 3596 3531 3660 castimonia
3567 3597 3646 3658 ad
3688 3612 3963 3677 superos

872 3703 1062 3766 nobis
1113 3702 1370 3764 aditum
1417 3701 1864 3781 praebuerunt,
1916 3718 2144 3764 eorum
2186 3702 2613 3783 potissimum
2665 3703 2943 3766 consilio
2993 3703 3511 3784 acquiescenteS,
3543 3702 3661 3783 qui
3702 3702 3963 3765 nullum

869 3811 1187 3886 laborem,
1223 3809 1439 3871 nullas
1475 3807 1742 3887 vigilias
1779 3808 2246 3887 detrectarunt,
2278 3827 2410 3889 quo
2449 3810 2516 3872 et
2553 3808 2839 3889 posteris
2876 3809 2982 3872 his
3020 3810 3285 3873 saeculis
3328 3810 3725 3891 scriptorum
3775 3810 3961 3873 uber-

871 3920 1007 3981 tate
1053 3918 1119 3980 in
1160 3915 1406 3981 divinis
1449 3916 1854 3979 disserendis
1891 3915 2161 3979 Litteris
2201 3917 2717 3980 commodarent.
2764 3918 2820 3979 E
2851 3933 3133 3997 quorum
3174 3935 3450 3981 numero
3490 3920 3555 3980 et
3593 3917 3705 3979 hic
3742 3918 3965 3982 noster

872 4025 1236 4107 Dionysius
1264 4042 1408 4088 esse
1438 4024 1677 4104 potest,
1706 4022 1823 4102 qui
1853 4022 1922 4084 in
1951 4022 2198 4085 divinis
2228 4023 2561 4104 mysteriis
2589 4024 2814 4086 studio
2846 4023 3201 4095 indefesso,
3237 4040 3313 4086 ac
3342 4023 3666 4103 singulari
3700 4023 3965 4087 solertia

874 4132 1204 4207 incubuit,
1247 4132 1321 4193 ut
1351 4130 1654 4193 omnium
1691 4128 2234 4192 doctissimorum
2266 4129 2517 4192 calculo
2546 4130 2791 4193 divinae
2830 4130 3185 4211 Sapientiae
3218 4148 3455 4194 arcana
3484 4129 3676 4193 nobis
3714 4130 3963 4211 optime

871 4238 1204 4303 retexerit.
1251 4236 1462 4316 CujUs
1490 4236 1982 4298 lucubrationes
2021 4237 2281 4299 tantum
2312 4237 2564 4317 spirant
2600 4236 2961 4300 Christiani
3000 4236 3331 4319 dogmatis
3370 4236 3718 4314 fervorem,
3751 4237 3825 4299 ut
3852 4255 3966 4318 pe-

874 4347 1022 4408 ctus
1051 4344 1221 4407 illud
1256 4343 1436 4405 haud
1474 4342 1823 4405 difficulter
1859 4344 2011 4423 quis
2045 4344 2382 4423 agnoscat,
2415 4344 2729 4423 martyrio
2771 4344 2981 4407 fuisse
3018 4345 3577 4408 addictissimum.
3613 4344 3682 4407 Si
3713 4343 3963 4424 ingenii

875 4451 1383 4534 amplitudinem
1422 4451 1822 4531 spectemuS‚
1855 4450 1914 4513 si
1950 4451 2088 4513 vim
2127 4468 2203 4513 ac
2237 4451 2445 4529 animi
2480 4452 3075 4532 promptitudinem
3107 4452 3177 4515 in
3214 4450 3587 4515 refellendis
3614 4452 3963 4515 haeretico-

874 4576 1026 4623 rum
1067 4558 1422 4635 erroribuS,
1463 4558 1567 4620 vel
1606 4557 1790 4621 solus
1825 4557 2193 4639 Dionysius
2236 4557 2359 4621 hac
2407 4559 2632 4622 nostra
2668 4561 3057 4640 tempestate
3099 4559 3271 4622 inter
3316 4575 3545 4621 omnes
3581 4558 3971 4639 coryphaeus

877 4684 1024 4731 esse
1061 4666 1296 4749 possit,
1337 4682 1534 4747 quem
1571 4665 1795 4728 densis
1832 4665 2296 4729 haereticorum
2334 4665 2776 4747 phalangibus
2809 4665 3227 4747 objiciamus.
3268 4664 3479 4745 Cuius
3505 4665 3598 4728 rei
3629 4682 3971 4728 summum

877 4775 1346 4855 argumentum
1385 4772 1682 4855 praebent
1710 4773 2068 4856 praesentes
2102 4773 2175 4835 hi
2214 4772 2686 4837 Commentarii
2716 4774 2785 4836 in
2814 4774 2961 4853 Job,
2984 4773 3284 4852 Tobiam,
3320 4771 3554 4836 Judith
3586 4773 3652 4835 et
3684 4772 3921 4836 Esther
3948 4793 3964 4833 :

877 4880 994 4944 ubi
1051 4880 1610 4945 fecundissimum
1665 4880 1831 4944 illud
1874 4879 2219 4960 ingenium
2272 4881 2453 4942 tanta
2500 4880 2651 4959 fide,
2693 4881 2829 4944 tam
2874 4881 3005 4944 acri
3044 4880 3252 4944 animi
3290 4880 3516 4961 vigore
3557 4880 3859 4943 enucleat
3894 4896 3970 4942 ac

877 4988 1156 5052 discutit
1181 4987 1471 5069 singula,
1507 4990 1579 5049 ut
1616 4987 1878 5050 interim
1911 4987 2175 5067 piorum
2213 4986 2497 5065 animOS,
2530 4988 2860 5051 universis
2892 4988 3279 5050 vitiositatis
3305 4987 3683 5050 seminariis
3714 4987 3969 5064 recisiS,

877 5097 959 5159 ad
987 5096 1303 5159 virtutem
1343 5094 1686 5159 colendam
1727 5093 2078 5157 sollicitare
2118 5111 2249 5158 non
2289 5095 2586 5159 desistat.
2613 5095 2861 5158 Verum
2892 5112 3099 5176 quum
3132 5094 3338 5173 hujus
3373 5094 3471 5156 tot
3502 5094 3799 5157 noctium
3835 5094 3975 5155 evi-

877 5204 1066 5287 gilati
1105 5204 1361 5268 labores
1399 5204 1721 5266 hactenus
1756 5202 2092 5283 suppressi
2135 5202 2357 5265 essent
2392 5220 2467 5265 ac
2508 5202 2813 5283 neglecti,
2856 5204 2919 5266 et
2954 5201 3079 5265 Dei
3106 5200 3402 5264 Ecclesia
3436 5202 3621 5264 tanto
3658 5202 3969 5263 thesauro

880 5309 1269 5374 defraudata
1294 5310 1552 5388 fuisset,
1591 5308 1804 5373 nostri
1836 5308 2089 5372 ordinis
2125 5325 2203 5372 ac
2242 5308 2534 5373 instituti
2570 5308 2909 5390 primates,
2941 5309 3069 5371 rati
3106 5325 3243 5372 non
3274 5325 3417 5373 esse
3453 5305 3810 5371 Christiani
3846 5325 3968 5389 pe-
