4309 6259
597 798 748 841 Exod.
761 812 784 839 x

591 3356 698 3402 Leo.
727 3371 830 3402 ι-τιι.

857 489 936 555 66

1419 507 1765 555 ENARRATIO
1809 508 1872 551 IN
1913 506 2050 551 CAP.
2097 504 2201 549 XV}
2243 503 2400 548 LIBRI
2442 499 2666 556 QUARTl
2705 500 2929 546 REG-uu.
2976 518 3057 531 —··
3096 499 3240 545 ΛΒΤ.
3282 497 3393 543 xlx

855 680 1026 761 quod
1055 688 1188 743 erat
1217 688 1364 741 ante
1409 678 1768 759 ingressum
1799 675 2022 757 templi
2062 692 2075 737 :
2114 675 2180 737 in
2211 690 2341 755 quo
2370 674 2419 735 A
2536 675 2711 734 Tulit
2738 682 2979 742 autem,
3012 672 3077 734 id
3108 679 3224 748 est,
3250 672 3329 734 de
3360 668 3636 752 propriis
3666 687 3737 731 ac
3766 664 3943 729 debi-

789 812 826 848 ι,
855 777 1016 840 atrio
1065 778 1412 840 secundum
1461 778 1662 857 legem
1714 774 1931 838 debuit
1983 781 2188 847 stare3
2232 790 2341 849 po-

851 878 1106 955 suitque
1133 878 1309 936 illud
1335 897 1415 936 ex
1447 879 1643 935 latere
1677 875 1910 935 altaris
1946 872 2026 935 ab
2059 870 2207 933 Uria
2250 868 2344 931 fa-

853 973 961 1049 cti,
997 981 1298 1054 tanquam
1330 974 1520 1036 vilius
1553 972 1686 1049 illo,
1721 980 1784 1034 et
1817 990 1896 1035 ne
1939 989 2132 1053 super
2182 967 2342 1030 illud

854 1072 932 1135 de
961 1080 1170 1135 cetero
1203 1071 1392 1135 fieret
1413 1072 1538 1134 Deo
1560 1070 1814 1143 oblati0‚
1842 1073 1928 1131 ad
1949 1071 2339 1149 aquilonem.

929 1173 1222 1249 Praecepi
1227 1181 1374 1251 tque
1399 1192 1516 1230 rea·
1545 1173 1766 1232 Ackaz
1805 1170 1974 1231 Uriae
2001 1167 2337 1237 sacerdoti,

848 1271 1067 1329 dicens
1087 1290 1110 1329 .·
1135 1272 1348 1346 Super
1377 1273 1585 1330 altare
1617 1269 1854 1345 majus,
1886 1266 2058 1348 quod
2092 1273 2160 1326 tu
2193 1262 2341 1326 feci-

849 1366 930 1428 sti
979 1366 1102 1429 diis
1152 1366 1451 1449 Syrorum
1483 1384 1496 1428 :
1528 1366 1702 1448 quod
1755 1363 2173 1448 impiissimus
2221 1363 2341 1425 iste

849 1464 1183 1527 idololatra
1211 1462 1534 1546 reputavit
1552 1464 1956 1545 praestantius
1985 1460 2235 1524 duobus
2258 1458 2343 1521 al-

850 1562 1092 1625 taribus
1123 1562 1254 1639 Dei,
1287 1561 1584 1624 videlicet
1629 1561 1814 1623 altari
1855 1557 2213 1624 holocausti
2254 1566 2342 1620 at-

849 1678 975 1741 que
1023 1660 1207 1722 altari
1275 1659 1746 1741 thymiamatis3
1801 1660 1957 1737 offer
2006 1656 2130 1718 diis
2177 1674 2339 1737 quos

851 1758 993 1821 colo
1029 1762 1468 1819 holocaustum
1505 1759 1903 1819 matutinum
1939 1766 1999 1817 et
2030 1754 2343 1831 sacrifici-

2450 769 2530 832 tis
2562 770 2717 833 locis
2739 770 3022 847 abstulit,
3048 792 3165 830 rex
3186 772 3405 831 Aeliaz
3437 772 3725 836 coelatas,
3747 765 3811 827 id
3840 771 3941 827 est

2450 868 2750 950 sculptaS,
2785 872 2980 939 bases,
3018 887 3163 951 quae
3214 866 3560 949 suppositae
3604 872 3785 929 erant
3832 881 3941 925 co-

2452 966 2688 1028 lumnis
2726 967 2792 1029 in
2828 967 3089 1050 temp10,
3123 978 3184 1028 et
3214 970 3505 1037 luterem,
3543 965 3603 1026 id
3638 971 3733 1027 est
3768 962 3945 1025 lava-

2453 1066 2683 1127 torium
2718 1066 2841 1128 tale
2869 1066 3338 1147 quodcumque,
3377 1061 3790 1143 intelligendo
3825 1077 3943 1141 per

2452 1163 2719 1226 luterem
2752 1164 3083 1245 pluraliter
3115 1163 3385 1226 luteres:
3412 1163 3481 1225 in
3512 1161 3745 1243 quibus
3776 1159 3943 1223 lava-

2450 1263 2683 1326 bantur
2716 1263 2995 1325 ministri
3032 1262 3292 1344 templi3
3329 1262 3446 1341 qui
3476 1268 3614 1321 erat
3644 1262 3939 1335 desuper,

2448 1363 2568 1426 hoc
2610 1372 2727 1440 est,
2771 1380 2961 1443 super
3002 1363 3184 1424 bases
3224 1378 3431 1424 aeneas
3474 1358 3670 1434 stetit,
3702 1367 3762 1418 et
3806 1378 3941 1417 ma-

2449 1482 2538 1533 re,
2576 1461 2638 1523 id
2674 1469 2770 1523 est
2806 1479 2979 1523 mare
3013 1478 3283 1535 ameum,
3318 1458 3721 1535 deposuit-de
3749 1457 3942 1515 bobus

2446 1562 2653 1629 oereis,
2704 1561 2821 1640 qui
2875 1561 3318 1619 sustentabant
3368 1559 3566 1625 illud,
3613 1554 3783 1637 quod
3844 1551 3938 1614 eis

2448 1657 2863 1735 innitebatur,
2897 1668 2957 1718 et
2996 1659 3213 1734 posuit
3249 1676 3442 1733 super
3480 1656 3934 1733 pavimentum

2448 1766 2725 1817 stratum
2760 1758 2998 1834 lapide,
3033 1754 3098 1816 id
3127 1761 3223 1816 est
3267 1754 3331 1815 in
3366 1752 3505 1816 loco
3535 1751 3824 1832 indigno,
3858 1766 3941 1811 ne

854 1877 967 1917 um
997 1859 1457 1934 vespertinum,
1485 1867 1544 1918 et
1581 1859 2022 1917 holocaustum
2061 1854 2250 1929 rems,
2281 1861 2341 1913 et
2379 1860 2424 1921 B
2451 1853 2597 1935 quis
2628 1862 2911 1916 uteretur
2942 1853 3034 1916 eis
3058 1853 3123 1913 in
3146 1850 3405 1915 Deitatis
3437 1849 3769 1933 obsequio.
3800 1850 3941 1907 Mu-

852 1956 1178 2033 sacrificia
1237 1957 1402 2032 ejus,
1452 1964 1511 2015 et
1557 1957 2000 2015 holocaustum
2049 1952 2343 2011 universi

845 2056 1080 2130 populi
1121 2063 1324 2125 terroe,
1357 2064 1418 2113 et
1464 2054 1791 2131 sacrificia
1821 2071 2044 2111 eorum
2081 2059 2140 2110 et
2188 2051 2345 2108 liba-

854 2154 1075 2225 mina‚·
1099 2162 1159 2213 et
1187 2172 1438 2213 omnem
1465 2152 1854 2228 sanquinem
1882 2150 2265 2217 holocausti,
2284 2157 2342 2208 et

853 2252 1231 2311 universum
1247 2253 1634 2328 sanquinem
1657 2250 1937 2309 victimae
1956 2266 2148 2324 super
2170 2248 2344 2305 illud

849 2352 1158 2425 effundes.
1192 2348 1283 2409 Ex
1321 2348 1420 2410 his
1462 2355 1729 2422 constat,
1771 2346 1944 2427 quod
1987 2342 2345 2427 superstiti-

850 2447 1184 2511 osissimus
1213 2448 1334 2511 iste
1361 2448 1566 2510 Achaz
1594 2446 1786 2528 J'ussit
1824 2444 2012 2509 idolis
2056 2442 2345 2506 immola-

853 2545 907 2606 ri
939 2544 1306 2608 holocausta
1342 2553 1406 2607 et
1434 2543 1777 2619 sacrificia,
1812 2562 1957 2624 quae
1991 2542 2342 2604 secundum

854 2642 1058 2723 legem
1101 2641 1326 2707 offerri
1367 2641 1684 2705 debebant
1725 2660 1875 2706 vero
1915 2640 2040 2703 Deo
2083 2640 2162 2703 ad
2212 2658 2343 2701 suae

851 2742 1200 2823 majestatis
1241 2742 1570 2817 honorem,
1611 2749 1673 2803 et
1711 2759 1827 2822 pro
1869 2738 2102 2802 delicto
2151 2747 2344 2819 atque

853 2858 967 2923 pro
995 2849 1254 2922 peccato
1283 2840 1706 2915 dimittendiS‚
1743 2847 1806 2901 et
1845 2856 1961 2919 pro
1991 2856 2150 2919 pace
2181 2835 2345 2899 obti-

855 2939 1064 3001 nenda
1105 2947 1297 3021 atque
1342 2938 1798 3014 conservanda,
1833 2945 1896 2999 et
1949 2954 2065 3017 pro
2109 2934 2344 3015 gratia-

2450 1956 2600 2013 sack
2639 1973 2888 2032 quoque
2924 1954 3170 2013 sabbati
3197 1954 3367 2031 quod
3394 1952 3835 2028 (edificaverat
3866 1948 3937 2005 in

2454 2054 2703 2127 tempto,
2730 2049 2795 2111 id
2825 2057 2919 2112 est
2946 2050 3491 2131 gazophylacium,
3518 2048 3585 2109 in
3610 2046 3781 2128 quod
3802 2044 3943 2105 mit-

2452 2149 2745 2211 tebantur
2786 2166 3005 2229 regum
3055 2147 3433 2223 oblationes,
3469 2144 3823 2229 praesertim
3870 2143 3938 2205 in

2452 2246 2729 2308 sabbatis
2753 2265 2867 2328 pro
2900 2246 3275 2309 necessariis
3298 2246 3364 2307 in
3390 2245 3626 2327 templo
3656 2263 3769 2326 per
3790 2242 3943 2305 heb-

2451 2346 2810 2419 domadam3
2837 2345 3115 2408 corbona
3135 2362 3285 2408 vero
3306 2352 3401 2407 est
3420 2342 3941 2426 gazophylacium

2452 2444 2888 2519 sacerdotum3
2930 2453 2990 2503 et
3036 2446 3397 2520 inyressum
3426 2445 3595 2519 reqis
3632 2443 3939 2512 exterius,

2455 2542 2519 2603 id
2544 2550 2639 2605 est
2669 2542 2837 2605 viam
2868 2560 2981 2604 seu
3002 2550 3273 2623 portam,
3297 2560 3412 2623 per
3440 2559 3633 2622 quam
3664 2540 3743 2601 de
3772 2538 3944 2620 pala-

2456 2640 2542 2702 tio
2572 2641 2650 2702 ad
2684 2640 2992 2721 templum
3024 2659 3216 2703 causa
3234 2638 3459 2703 orandi
3488 2646 3551 2702 et
3572 2636 3942 2701 sacrifican-

2454 2738 2519 2800 di
2548 2739 2727 2801 ibant
2767 2756 2943 2818 reges
2972 2739 3152 2816 Iuda,
3180 2740 3496 2799 convertit
3526 2740 3599 2798 in
3632 2740 3941 2815 templum

2450 2838 2743 2907 Domini,
2774 2836 2838 2898 id
2880 2845 2997 2913 est,
3034 2837 3113 2899 de
3165 2835 3441 2919 propriis
3474 2833 3737 2897 abstulit
3778 2833 3937 2897 locis

2452 2952 2565 2996 seu
2621 2933 2979 3016 dissipavit,
3036 2933 3485 3016 obturavitque
3532 2932 3702 2995 viam
3754 2932 3931 2994 illam

857 3055 999 3098 rum
1054 3036 1324 3113 actione,
1377 3034 1730 3098 oblationes
1782 3050 2039 3114 quoque
2087 3038 2345 3111 sponta-
2372 3033 2417 3098 C
2454 3051 2673 3095 versus
2734 3033 3063 3115 templum,
3116 3052 3199 3095 ne
3245 3033 3391 3114 quis
3445 3033 3523 3096 de
3570 3040 3781 3095 cetero
3829 3050 3943 3112 per

858 3153 1010 3197 neas
1040 3142 1103 3198 et
1131 3133 1452 3197 sacrificia
1471 3131 1805 3197 offerenda
1826 3149 1942 3212 pro
1977 3147 2121 3210 rege
2151 3138 2345 3210 atque

859 3252 976 3315 pro
1005 3232 1460 3298 communitate
1478 3250 1552 3294 ac
1573 3231 1800 3294 ceteris
1831 3228 2038 3292 causis
2069 3245 2082 3290 :
2107 3229 2187 3290 de
2206 3228 2349 3309 qui-

861 3333 980 3396 bus
1008 3332 1078 3393 in
1107 3330 1388 3394 Levitico
1430 3328 1674 3394 diffuse
1706 3329 1806 3391 lex
1848 3326 2152 3409 loquitur.
2190 3326 2347 3389 Hinc

857 3431 1168 3513 Josephus
1198 3437 1602 3512 protestatur,
1626 3427 1798 3509 quod
1828 3427 2032 3489 Achaz
2065 3424 2191 3486 fuit
2220 3434 2347 3487 tam

860 3530 1115 3607 stultuS,
1140 3538 1204 3593 et
1223 3549 1261 3592 a
1280 3528 1524 3591 ratione
1553 3537 1682 3590 tam
1701 3526 1970 3600 alienus,
1991 3525 2164 3605 quod
2196 3524 2349 3586 deos

860 3628 1149 3692 adoravit
1179 3628 1498 3710 Syrorum,
1535 3626 1646 3706 qui
1677 3644 1795 3687 nec
1827 3622 2072 3706 Syriam
2117 3623 2195 3684 de
2228 3642 2353 3684 ma-

863 3746 949 3788 nu
981 3733 1283 3789 eruerunt
1313 3725 1480 3807 regis
1510 3722 1935 3805 Assyriorum.
1955 3725 2183 3782 Altare
2204 3740 2349 3781 vero

861 3847 1122 3899 cereum,
1141 3824 1386 3889 scilicet
1415 3823 1614 3885 altare
1645 3819 2000 3884 holocausti
2021 3820 2148 3883 Deo
2180 3819 2352 3882 dedi-

863 3933 1098 4002 catum,
1121 3927 1246 3985 erit
1257 3933 1575 4002 paratum
1595 3924 1683 3981 ad
1703 3924 2098 3980 voluntatem
2119 3939 2346 3990 meam,

866 4024 931 4085 id
961 4032 1078 4100 est,
1113 4030 1514 4086 convertetur
1559 4020 1624 4081 in
1659 4038 1845 4081 usum
1891 4016 2051 4079 mihi
2097 4016 2353 4098 placen-

865 4129 996 4184 tem
1033 4138 1046 4182 :
1081 4122 1162 4184 de
1189 4139 1318 4201 quo
1346 4118 1554 4193 altari,
1589 4126 1660 4179 ut
1691 4116 1875 4178 multi
1915 4116 2159 4191 dicunt,
2200 4112 2355 4177 fecit

2452 3149 2593 3193 eam
2623 3130 2747 3193 iret
2775 3132 2853 3194 ad
2877 3131 3185 3213 templum
3207 3150 3397 3194 causa
3426 3129 3680 3193 colendi
3702 3130 3899 3193 Deum
3922 3146 3935 3189 :

2454 3238 2517 3293 et
2545 3230 2665 3292 hoc
2698 3228 2725 3289 f
2728 3230 2852 3293 ecit
2870 3241 3136 3309 propter
3164 3249 3375 3307 reyem
3402 3230 3849 3307 Assyriorum,
3878 3227 3943 3289 id

2456 3336 2574 3405 est,
2606 3328 2687 3391 ad
2734 3328 3255 3410 complacendum
3304 3328 3423 3405 illi,
3466 3336 3531 3391 et
3582 3336 3652 3389 ut
3700 3326 3943 3391 videret

2458 3427 2593 3489 sive
2624 3427 3001 3509 perciperet,
3034 3426 3309 3508 qualiter
3350 3426 3485 3508 ipse
3514 3424 3947 3489 conformaret

2459 3546 2526 3589 se
2556 3525 2651 3587 illi
2695 3526 2761 3587 in
2806 3526 3067 3589 deorum
3118 3527 3387 3589 cultura.
3421 3525 3501 3587 At
3546 3543 3699 3589 vero
3740 3521 3943 3604 aliqui

2460 3633 2705 3707 putant,
2738 3624 2908 3706 quod
2940 3624 3191 3687 Musach
3232 3622 3358 3687 fuit
3402 3624 3582 3687 sedes
3614 3621 3845 3703 regalis
3877 3620 3945 3682 in

2458 3724 2707 3803 porticu
2740 3723 2983 3804 templi,
3018 3721 3083 3783 in
3115 3742 3245 3803 qua
3274 3740 3452 3803 reges
3482 3721 3709 3784 diebus
3738 3719 3951 3783 solen-

2462 3820 2649 3883 nibus
2696 3821 3077 3884 residebant.
3111 3822 3197 3883 De
3240 3819 3557 3902 praetactis
3600 3828 3813 3883 autem
3843 3838 3949 3881 va·
4000 3845 4255 3900 numm,

2460 3921 2572 3997 εἰε,
2606 3920 2887 3983 materiis
2936 3927 3127 4001 atque
3176 3918 3505 3983 ornatibus
3557 3918 3799 3999 templi,
3843 3936 3950 3980 co-
3978 3912 4049 4022 ’ἐξ
4072 3912 4259 4022 ἓξ·

2462 4018 2641 4100 piose
2665 4026 3000 4081 tractatum
3033 4026 3129 4081 est
3160 4037 3351 4100 supra
3383 4017 3573 4081 tertio
3606 4017 3795 4080 libro.

2540 4119 2818 4195 Reliqua
2850 4127 3063 4178 autem
3098 4120 3435 4177 verborum
3454 4119 3781 4188 Acltaz‚et
3816 4134 3951 4177 om·

588 4245 838 4300 mam„
869 4218 1268 4299 horologium
1319 4216 1568 4281 celebre
1605 4234 1678 4277 ac
1725 4214 2064 4289 famosum,
2100 4214 2181 4275 de
2225 4229 2352 4293 quo
2384 4218 2435 4281 D
2463 4218 2577 4275 nia
2608 4236 2751 4294 quse
2778 4217 2956 4292 fecit,
2988 4235 3201 4276 nonne
3238 4219 3370 4277 laaec
3398 4218 3640 4293 scripta
3676 4223 3831 4275 sunt
3876 4216 3949 4273 in

574 4311 640 4353 11.

868 4315 1042 4379 infra
1069 4316 1354 4379 habetur.
1380 4316 1558 4377 Fecit
1590 4315 1797 4391 ἱρέων
1825 4314 2010 4373 Urias
2038 4314 2354 4380 sacerdos,

850 4416 1060 4493 juoeta
1097 4417 1318 4475 omnia
1355 4434 1498 4494 quoe
1517 4412 1826 4490 praecepit
1863 4411 1925 4468 ei
1957 4430 2074 4469 reoe
2101 4411 2349 4481 Aclzaz,

863 4531 1062 4594 quum
1104 4521 1316 4575 tamen
1361 4510 1561 4590 magis
1604 4507 1895 4571 debuerit
1936 4506 2120 4583 mori,
2154 4525 2349 4588 quam

862 4612 927 4673 in
961 4612 1150 4675 rebus
1180 4620 1310 4676 tam
1338 4608 1590 4673 vitiosis
1621 4607 1754 4688 regi
1788 4624 2032 4689 parere.

2464 4315 2623 4374 libro
2645 4316 3029 4375 Sermonum
3046 4316 3307 4373 dierum
3327 4315 3737 4391 reyumJuda
3755 4314 3785 4372 ?
3802 4316 3954 4373 Dor-

2462 4414 2775 4492 mivitque
2803 4414 3024 4473 Ackaz
3062 4433 3211 4473 cum
3248 4415 3545 4490 patribus
3572 4414 3732 4483 suis,
3762 4421 3822 4471 et
3858 4431 3951 4471 se-

2456 4514 2681 4586 pultus
2708 4520 2798 4571 est
2824 4531 2972 4571 oum
2999 4511 3091 4569 eis
3120 4513 3194 4571 in
3213 4510 3475 4571 civitate
3495 4510 3742 4580 David;
3770 4520 3830 4569 et
3860 4529 3952 4568 re-

2453 4610 2687 4685 ⁴qnavit
2718 4610 3025 4670 Ezechias
3060 4612 3245 4686 filius
3279 4611 3420 4687 ejus
3440 4628 3564 4686 pro
3594 4627 3685 4667 eo,
