4309 6259
107 2880 182 2923 Tit.
201 2895 256 2929 m.
277 2886 318 2923 5.

103 3176 250 3229 Ephe&
277 3192 320 3227 ιι,

83 3241 116 3285 8.
132 3242 168 3281 9.

1221 535 1568 583 mannam-10
1610 536 1673 582 ιΝ
1715 536 1852 582 ω.
1895 536 1940 582 x
1981 536 2107 582 1013.
2150 555 2233 567 —
2273 536 2416 583 aar.
2461 535 2611 584 xxvl
3330 516 3447 580 457

359 706 674 769 virtutum
705 706 1150 785 firmitatibus,
1173 717 1232 768 ec
1254 709 1494 779 nervis,
1520 706 1582 768 id
1612 714 1708 769 est
1732 706 1854 767 vir·
1878 703 1931 765 A
1960 705 2511 768 conservationem
2550 725 2662 768 seu
2700 705 3054 769 custodiam
3093 723 3273 767 suam
3307 704 3449 766 abs—

355 811 566 866 tutum
601 814 666 867 et
700 806 1012 868 donorum
1051 804 1578 881 connexionibus,
1611 825 1852 881 compe-

342 905 508 981 9isti
527 924 630 964 me
645 925 668 964 .·
691 904 757 965 id
781 912 890 979 est,
911 904 1190 966 animam
1221 922 1428 966 meam
1459 902 1850 978 confortasti,

347 1010 410 1063 et
442 1001 564 1063 tibi
595 1001 890 1081 junxisti,
926 1021 998 1064 ac
1027 1002 1297 1084 mystico
1326 1000 1560 1063 Christi
1595 1001 1848 1083 corpori

347 1100 674 1163 cohaerere
713 1100 946 1164 fecisti.
971 1100 1252 1163 Virtutes
1289 1118 1564 1181 namque
1592 1107 1656 1163 et
1682 1101 1848 1162 dona

345 1198 628 1281 Spiritus
674 1198 887 1261 Sancti
933 1206 1083 1261 sunt
1125 1206 1560 1275 concatenata,
1600 1217 1674 1260 ac
1715 1198 1849 1259 ani-

341 1316 520 1359 mam
553 1297 621 1358 in
654 1297 780 1361 Deo
814 1296 1166 1373 firmantia,
1192 1296 1668 1378 incorporantia
1696 1314 1850 1377 quo-

341 1414 473 1476 que
525 1395 784 1476 corpori
840 1395 1210 1458 electorum.
1265 1397 1477 1456 Vitam
1524 1394 1744 1475 gratiae
1789 1405 1848 1456 et

345 1496 894 1565 misericordiam,
920 1493 981 1554 id
1013 1501 1110 1555 est
1141 1492 1652 1575 supernaturalia
1673 1493 1850 1557 varia

342 1592 537 1668 dona,
578 1593 872 1652 tribuisti
899 1593 1094 1661 milei,
1129 1591 1196 1653 in
1235 1591 1577 1673 Baptismo,
1604 1599 1667 1654 et
1705 1600 1850 1674 post

345 1690 608 1771 lapsum
639 1690 708 1752 in
739 1690 1137 1767 Poenitentia,
1159 1690 1290 1754 imo
1319 1690 1850 1773 quotiescumque

344 1798 493 1871 post
552 1796 888 1871 peccatum
946 1790 1214 1852 mortale
1267 1808 1619 1852 conversus
1674 1810 1842 1853 sum.

1959 805 2259 881 traheret,
2285 804 2599 886 quidquid
2632 804 2981 886 spiritualis
3012 804 3209 866 fuerit
3239 801 3449 885 perfe-

1958 902 2211 981 ctionis,
2247 903 2457 966 subito
2503 903 2862 984 disperiret.
2908 902 3063 965 Hinc
3103 909 3241 965 orat
3282 901 3449 963 Psal-

1957 1002 2146 1063 mista
2183 1020 2196 1063 :
2243 1001 2502 1065 Custodi
2541 1021 2665 1078 me,
2699 1001 2984 1078 Domine,
3018 1008 3089 1062 ut
3135 998 3447 1082 pupillam
3488 1022 3567 1065 Ρ..
3583 1037 3667 1073 xv..
3685 1028 3725 1067 8.

1957 1101 2161 1179 oculi;
2198 1111 2263 1165 et
2295 1120 2308 1163 :
2343 1101 2544 1165 Visita
2578 1120 2695 1164 nos
2730 1102 2796 1164 in
2830 1100 3092 1163 salutari
3125 1108 3256 1163 tuo.
3292 1100 3447 1162 Rur-
3500 1115 3723 1165 pacm.

1958 1219 2197 1281 susque
2234 1201 2462 1263 asserit
2497 1218 2511 1262 :
2552 1200 2684 1261 Nisi
2728 1198 3032 1263 Dominus
3075 1196 3446 1261 custodierit
3474 1213 3740 1263 Panum.

1957 1299 2296 1376 civitatem,
2323 1299 2561 1361 frustra
2590 1298 2811 1379 vigilat
2839 1299 2953 1381 qui
2983 1298 3258 1361 custodit
3286 1316 3440 1360 cam.

1957 1398 2046 1460 Ex
2077 1416 2205 1479 quo
2232 1398 2583 1460 clarissime
2614 1397 2973 1473 innotescit,
2995 1404 3304 1478 quantum
3330 1414 3447 1459 nos

1958 1497 2321 1574 humiliare,
2357 1505 2666 1577 quantum
2699 1497 2828 1559 Dco
2866 1494 3216 1576 regratiari,
3249 1513 3448 1575 quan-

1957 1603 2093 1658 tum
2125 1595 2382 1659 inanem
2410 1606 2473 1658 et
2512 1594 2749 1657 fatuam
2791 1594 2859 1656 in
2898 1594 3085 1657 nobis
3122 1594 3280 1675 ipsis
3318 1593 3449 1674 glo-

1959 1695 2294 1759 riationem
2346 1696 2673 1777 aspernari
2722 1695 3050 1771 debemus,
3097 1693 3447 1775 praesertim

1958 1814 2155 1876 quum
2190 1794 2459 1876 ipsemet
2490 1794 2895 1857 beatissimus
2922 1792 3224 1857 Ieremias
3263 1799 3451 1854 teste-

343 1887 663 1961 Quoniam
707 1887 879 1951 enim
925 1889 1005 1950 ad
1049 1888 1596 1971 supernaturalem
1648 1888 1846 1951 finem
1885 1888 1932 1949 B
1960 1901 2062 1954 tur
2097 1911 2110 1953 :
2155 1893 2319 1969 Scio,
2350 1892 2637 1968 Domine,
2674 1893 2825 1973 quia
2864 1910 2995 1955 non
3036 1899 3132 1954 est
3169 1889 3447 1954 hominis
3490 1905 3728 1959 Jev·.x,23.

341 1985 486 2068 (qui
517 1993 618 2049 est
648 1985 814 2049 visio
845 1986 954 2048 Dei
987 2005 1100 2068 per
1131 1987 1440 2068 speciem)
1473 1996 1719 2051 creatus
1754 1995 1849 2051 est

343 2085 562 2159 homo,
629 2084 876 2164 indiget
932 2085 1526 2166 supernaturalibus
1586 2086 1844 2163 mediiS,

341 2182 588 2264 quibus
619 2180 822 2244 finem
854 2182 1026 2245 hunc
1059 2184 1380 2260 sortiatur,
1409 2202 1605 2265 quum
1640 2203 1851 2247 neces-

341 2300 412 2343 se
444 2280 532 2342 sit
560 2278 685 2342 fini
715 2279 930 2342 media
959 2281 1445 2362 proportionari.
1466 2282 1608 2345 Haec
1639 2289 1849 2345 autem

341 2378 868 2460 supernaturalia
906 2379 1117 2442 media
1156 2387 1327 2457 sunt,
1361 2380 1564 2459 gratia
1599 2388 1849 2459 gratum

345 2476 625 2551 facienS,
649 2476 922 2540 virtutes
953 2476 1186 2539 infusae
1216 2497 1288 2540 ac
1317 2480 1524 2541 dona:
1559 2498 1700 2560 quae
1731 2479 1852 2542 rite

345 2575 815 2638 misericordias
844 2576 1272 2658 appellantur,
1305 2577 1608 2659 quoniam
1643 2596 1716 2640 ex
1751 2598 1854 2639 su-

348 2673 1086 2756 permunificentissima
1135 2674 1244 2739 Dei
1302 2676 1538 2758 pietate
1596 2677 1852 2759 penitus

347 2774 556 2854 gratis
595 2792 669 2836 ac
707 2774 1306 2838 misericordissime
1343 2776 1596 2853 dantur,
1639 2794 1855 2857 quem-

351 2872 704 2935 admodum
735 2873 812 2934 ad
844 2872 1055 2934 Titum
1087 2873 1175 2935 ait
1206 2873 1544 2955 Apostolus
1572 2891 1584 2935 :
1614 2873 1748 2936 Non
1778 2894 1854 2937 ex

351 2969 666 3053 operibus
691 2971 960 3052 justitiae
989 2990 1133 3053 quae
1157 2970 1427 3034 fecimus
1459 2991 1596 3049 nOS‚
1623 2972 1732 3035 sed
1765 2992 1855 3035 se-

1958 1992 2063 2054 via
2093 1992 2256 2073 ejuS,
2292 2010 2408 2055 nec
2440 1990 2561 2055 viri
2593 1999 2689 2054 est
2718 1999 2789 2053 ut
2816 1990 3102 2053 ambulet
3128 1998 3192 2051 et
3219 1988 3451 2068 dirigat

1957 2108 2213 2171 gressus
2253 2108 2423 2151 suos‚

2037 2190 2216 2249 Licet
2244 2191 2377 2249 koec
2403 2192 2559 2248 celes
2589 2190 2659 2249 in
2692 2192 2879 2249 corde
2910 2199 3041 2259 ἰιιο,
3076 2198 3283 2249 tamen
3318 2189 3447 2246 scio

1958 2290 2118 2367 quia
2137 2288 2591 2347 universorum
2614 2288 3005 2347 memineris,
3025 2285 3229 2359 Quum
3252 2285 3448 2347 Deum

1961 2402 2076 2466 pro
2117 2384 2333 2465 aliqua
2376 2384 2578 2465 gratia
2620 2384 2882 2466 speciali
2925 2383 3351 2466 deposcimuS‚
3388 2390 3451 2445 et

1960 2483 2213 2546 diversa
2240 2500 2383 2562 quae
2413 2500 2560 2544 eum
2590 2483 2670 2544 ad
2702 2482 3132 2544 miserendum
3166 2501 3241 2545 ac
3274 2479 3451 2543 audi-

1962 2582 2197 2644 endum
2230 2580 2563 2657 inclinent,
2582 2580 2821 2643 orando
2852 2597 3445 2655 commemoramuS,

1962 2678 2261 2742 videlicet
2299 2698 2441 2760 quae
2484 2680 2561 2741 ad
2601 2678 2922 2760 propriam
2963 2678 3285 2759 pertinent
3328 2676 3453 2739 fra-

1961 2777 2302 2859 gilitatem,
2358 2775 2782 2858 praecedentia
2827 2794 3083 2858 quoque
3132 2774 3453 2839 beneficia

1964 2874 2220 2958 pietatis
2251 2875 2508 2951 divinae,
2546 2894 2663 2938 nec
2693 2883 2903 2937 tamen
2946 2876 3021 2937 ad
3062 2874 3316 2937 libitum
3348 2892 3454 2936 ex-

1965 2974 2282 3050 audimur,
2328 2973 2455 3036 imo
2495 2974 2606 3036 diu
2644 2973 3050 3048 differimur3
3096 2982 3248 3036 tunc
3288 2974 3452 3036 Deus

351 3071 644 3133 cundum
693 3088 876 3132 suam
927 3069 1428 3133 misericordiam
1481 3070 1689 3134 salvos
1745 3090 1853 3133 nos
1888 3071 1933 3135 C
1962 3072 2147 3155 quasi
2174 3072 2338 3135 celat
2368 3072 2433 3133 in
2464 3073 2655 3135 corde
2684 3090 2799 3135 suo
2824 3091 2967 3153 quae
2990 3072 3280 3149 dicimuS,
3300 3090 3455 3153 quo-

353 3168 556 3241 fecit3
589 3176 652 3231 et
681 3169 760 3230 ad
790 3168 1100 3250 Ephesios
1137 3186 1150 3230 :
1185 3168 1399 3231 Gratia
1435 3169 1586 3231 estis
1627 3169 1851 3234 salvati

350 3285 472 3348 per
505 3266 729 3345 fidem,
765 3274 829 3329 et
859 3266 978 3329 hoc
1013 3285 1138 3330 non
1173 3286 1249 3330 ex
1278 3268 1462 3331 vobis
1489 3285 1503 3329 :
1538 3268 1647 3330 Dei
1679 3268 1852 3330 enim

349 3365 599 3427 donum
632 3372 751 3440 est,
788 3382 917 3427 non
958 3384 1034 3427 ex
1073 3366 1398 3447 operibuS,
1435 3385 1515 3428 ne
1546 3366 1693 3447 quis
1720 3366 1854 3444 glo-

349 3461 578 3525 rietur.

471 3562 560 3621 Et
621 3562 914 3621 visitatio
974 3571 1088 3621 tua
1145 3563 1490 3622 custodivit
1543 3564 1850 3639 spiritum

346 3680 585 3720 meum.
605 3658 741 3721 Non
765 3659 974 3721 solum
998 3659 1360 3739 indigemus
1391 3659 1593 3739 gratia
1623 3678 1852 3741 praeve-

349 3758 596 3835 niente,
633 3758 745 3821 sed
776 3758 971 3820 etiam
1003 3759 1434 3840 subsequente
1464 3766 1526 3821 et
1560 3777 1852 3821 consum-

347 3863 592 3917 mante.
625 3855 678 3917 A
715 3857 842 3919 Deo
878 3875 1157 3937 namque
1191 3865 1286 3919 est
1325 3858 1532 3919 omnis
1565 3856 1718 3919 boni
1757 3857 1851 3919 in-

345 3954 624 4030 choatio,
645 3954 1046 4018 conservatio
1069 3963 1131 4018 et
1154 3955 1848 4019 consummatio.Vitam

347 4052 708 4115 virtuosam
740 4052 879 4135 ipse
912 4054 978 4115 in
1016 4052 1202 4117 nobis
1238 4053 1485 4135 incipit,
1519 4055 1850 4135 prosequi-

347 4160 480 4227 tur,
516 4151 839 4214 terminat.
877 4152 1116 4233 ltaque,
1153 4152 1445 4216 Visitatio
1487 4162 1613 4230 tua,
1647 4154 1708 4215 id
1754 4161 1850 4215 est
1885 4202 1896 4211 .

1965 3172 2136 3234 niam
2170 3172 2369 3234 instar
2402 3188 2530 3233 non
2569 3170 2958 3233 advertentis
2990 3189 3058 3234 se
3086 3170 3297 3233 habet.
3332 3169 3453 3233 Sed

1965 3278 2116 3333 tunc
2166 3286 2569 3350 nequaquam
2623 3266 2991 3347 frangamur
3039 3277 3147 3330 aut
3194 3267 3455 3331 diffida-

1963 3388 2126 3443 muS,
2167 3369 2276 3430 sed
2317 3375 2797 3449 perseveranter
2834 3385 3187 3448 precemur,
3234 3367 3451 3429 dicen-

1964 3474 2056 3528 tes
2085 3465 2258 3547 quod
2290 3464 2620 3527 subditur:
2655 3464 2797 3527 Scio
2826 3464 2976 3546 quia
3006 3464 3449 3527 universorum

1962 3563 2351 3639 memineri5‚
2377 3562 2653 3645 qualiter
2682 3562 2926 3625 scilicet
2954 3562 3358 3643 sperantibus
3389 3571 3452 3625 et

1961 3670 2326 3725 constanter
2356 3661 2687 3725 orantibus
2722 3660 3111 3742 promisisti:
3146 3661 3364 3737 Petite,
3389 3669 3454 3723 et
3506 3684 3741 3737 uaccas-u,

1961 3758 2218 3822 dabitur
2246 3758 2451 3822 vobis.
2485 3759 2703 3839 Itaque
2737 3766 2967 3820 cuncta
2998 3758 3297 3834 advertis,
3333 3777 3449 3822 nec
3480 3752 3519 3792 ⁷·

1961 3858 2228 3919 minima
2270 3857 2532 3920 affectio
2576 3865 2684 3919 aut
2725 3856 2904 3919 verbi
2955 3856 3225 3938 prolatio
3279 3867 3448 3919 tuam

1958 3954 2195 4036 effugit
2243 3956 2617 4019 memoriam
2663 3974 2676 4018 ε
2728 3956 2870 4018 ideo
2916 3954 3305 4018 fiducialiter
3346 3975 3450 4018 us-

1959 4074 2084 4135 que
2110 4055 2176 4115 in
2205 4054 2403 4116 finem
2429 4062 2491 4117 te
2515 4053 2844 4131 invocabo,
2865 4054 3217 4136 praesertim
3248 4074 3448 4136 quum

1960 4153 2026 4215 in
2065 4152 2411 4233 Evangelio
2449 4152 2737 4215 Christus
2776 4153 3023 4215 locutus
3065 4152 3148 4214 sit
3181 4170 3195 4215 ε
3236 4152 3299 4215 Si
3335 4171 3449 4216 vos
3490 4173 3740 4224 Lue.x1‚13.

349 4258 416 4311 tu
451 4249 594 4331 ipse
623 4249 972 4313 clementer
1003 4270 1104 4313 me
1132 4250 1422 4327 visitanS,
1450 4270 1561 4313 seu
1595 4251 1849 4332 pietatis
1880 4257 1929 4318 D
1958 4271 2154 4333 quum
2188 4250 2327 4312 sitis
2359 4251 2532 4327 mali,
2570 4251 2770 4313 nostis
2806 4250 2971 4313 bona
3008 4251 3155 4313 data
3192 4252 3340 4314 dare
3374 4250 3450 4313 fi-

343 4356 476 4411 tuae
501 4348 882 4425 subsidium,
902 4349 1251 4412 custodivit
1275 4349 1568 4431 spiritum
1597 4368 1843 4412 meum:

339 4447 499 4529 quia
527 4446 839 4527 quamdiu
878 4446 1113 4510 mansit
1148 4448 1212 4509 in
1245 4466 1384 4511 csse
1413 4447 1672 4529 vitaque
1710 4467 1848 4529 gra—

336 4546 471 4620 tiae,
510 4545 632 4607 hoc
673 4544 820 4620 fuit,
868 4553 928 4608 te
966 4564 1112 4609 eum
1155 4546 1574 4623 custodiente,
1615 4556 1847 4628 tuaque

336 4645 514 4707 dona
541 4643 611 4704 in
643 4661 720 4705 eo
744 4652 1166 4708 conservante
1191 4664 1263 4707 ac
1294 4644 1690 4726 perficiente.
1711 4646 1846 4709 Non

338 4742 518 4805 enim
570 4741 810 4817 minuS,
860 4743 969 4804 sed
1021 4742 1166 4824 plus
1223 4744 1584 4825 dependent
1633 4744 1847 4806 omnia

336 4840 562 4920 gratiae
612 4840 804 4917 dona,
849 4840 1339 4922 spiritualiaque
1387 4842 1769 4905 charismata
1811 4862 1848 4905 a

337 4939 492 5013 Deo,
526 4958 722 5020 quam
752 4937 890 5001 dies
923 4958 960 5001 a
997 4940 1152 5017 sole,
1186 4958 1298 5002 seu
1339 4939 1642 5021 splendor
1675 4960 1712 5003 a
1752 4939 1847 5002 lu-

339 5056 455 5100 ce:
482 5045 811 5113 ettamen,
831 5037 886 5099 si
914 5039 994 5101 ad
1023 5044 1416 5101 momentum
1445 5038 1539 5101 sol
1569 5046 1846 5101 cessaret

338 5136 541 5211 diem,
576 5144 688 5197 aut
727 5134 836 5198 lux
876 5134 1085 5198 fusam
1126 5135 1479 5199 claritatem
1512 5154 1844 5201 conserva—

341 5252 434 5309 re,
473 5250 690 5296 nonne
719 5232 858 5295 dies
891 5241 956 5295 et
989 5233 1242 5296 claritas
1279 5234 1424 5295 talis
1458 5234 1670 5296 subito
1705 5252 1846 5297 esse

339 5331 760 5393 desinerent?
811 5330 914 5394 Sic
963 5330 1018 5393 si
1065 5350 1177 5413 per
1224 5339 1619 5395 momentum
1677 5332 1840 5395 Deus

1959 4350 2062 4411 liis
2101 4350 2352 4425 vestriS,
2386 4358 2627 4430 quanto
2666 4349 2867 4429 magis
2905 4350 3083 4411 Pater
3122 4358 3331 4413 vester
3369 4351 3449 4414 de

1957 4449 2120 4512 coelo
2143 4448 2322 4511 dabit
2346 4448 2641 4531 spiritum
2676 4448 2913 4511 bonum
2949 4449 3313 4530 petentibus
3346 4454 3448 4513 se?

1957 4548 2244 4629 Denique
2276 4548 2413 4629 ipse
2436 4547 2620 4629 jubet
2644 4568 2712 4611 se
2742 4548 2988 4611 exorari
3015 4565 3029 4610 :
3058 4557 3123 4611 et
3150 4549 3271 4611 hoc
3300 4568 3450 4631 qua-

1957 4666 2044 4722 re,
2081 4645 2205 4707 nisi
2237 4645 2392 4727 quia
2423 4654 2679 4727 paratus
2712 4654 2805 4709 est
2836 4646 3179 4709 exaudire?

2036 4748 2138 4815 Si,
2170 4762 2287 4826 pro
2318 4742 2491 4825 quia,
2516 4746 2785 4821 peccavi
2814 4744 2955 4821 tihi,
2994 4743 3057 4806 id
3090 4753 3186 4807 est
3215 4747 3293 4808 ad
3324 4752 3449 4809 tuae

1957 4841 2310 4904 sanctitatis
2344 4841 2670 4923 injuriam,
2706 4842 2784 4904 ad
2814 4848 2939 4905 tuae
2968 4842 3317 4923 majestatis
3350 4843 3447 4905 in-

1954 4940 2455 5017 honorationem,
2480 4948 2544 5003 et
2574 4948 2799 5003 contra
2830 4948 3001 5003 tuam
3024 4939 3440 5004 voluntatem.

1955 5037 2306 5120 Siquidem,
2344 5038 2458 5100 tibi
2499 5037 2619 5100 soli
2658 5038 2939 5119 peccavi,
2976 5046 3040 5100 et
3070 5038 3309 5100 malum
3344 5058 3447 5102 co—
3500 5058 3578 5102 Ρι.
3602 5060 3697 5109 uo.

1953 5156 2086 5199 ram
2121 5144 2181 5198 te
2214 5134 2360 5198 feci.
2394 5135 2568 5208 Quod
2604 5136 2824 5217 utiquc
2854 5155 2975 5197 non
3008 5136 3146 5198 sine
3178 5137 3441 5200 cordiali

1951 5234 2171 5297 dolore
2202 5232 2388 5295 fateri
2420 5241 2482 5295 et
2515 5232 2635 5295 fari
2662 5234 2989 5309 debemuS,
3016 5252 3091 5297 eo
3119 5236 3288 5315 quod
3318 5243 3443 5297 tam

1953 5332 2282 5395 immensae
2322 5329 2722 5395 celsitudinis
2764 5332 3125 5410 Dominum,
3167 5340 3299 5396 tam
3342 5352 3445 5397 su-
