4309 6259
1190 519 1537 565 mammo
1581 518 1643 564 IN
1684 519 1821 597 (Ἀρ.
1869 518 1998 566 XXX
2036 520 2162 567 1013.
2208 540 2290 551 -·
2327 522 2470 567 ART.
2515 521 2659 567 Lvm

3341 500 3455 561 641

356 690 597 756 faciem
646 700 821 753 tuam
873 690 1238 769 abscondiS,
1282 700 1346 755 et
1393 689 1720 752 arbitraris
1758 709 1859 752 me
1888 688 1939 749 A
1970 692 2220 770 ciderit,
2257 712 2385 756 non
2414 693 2772 769 collidetur,
2807 690 2959 771 quia
2989 689 3293 754 Dominus
3322 692 3463 769 su'p-

356 787 699 851 inimicum
729 792 950 851 tuum?

446 889 737 949 E'Ievasti-
766 908 865 947 me
904 888 1239 969 temporali
1281 887 1721 969 prosperitate,
1755 887 1859 949 ho-

356 1004 539 1061 nore,
600 984 772 1047 fama
833 994 896 1048 et
949 986 1175 1065 gloria,
1230 996 1421 1069 prout
1473 986 1856 1068 praecedenti

356 1082 645 1164 capitulo
674 1083 912 1164 patuit3
944 1095 1004 1145 et
1032 1088 1225 1163 quasi
1248 1104 1439 1161 super
1468 1096 1731 1145 ventum
1756 1104 1859 1162 po-

356 1202 545 1250 nens,
563 1180 629 1243 id
660 1189 758 1243 est
786 1180 914 1243 alte
940 1200 1045 1245 me
1076 1190 1563 1263 promoven5‚et
1593 1183 1657 1243 in
1690 1190 1858 1244 statu

357 1276 649 1355 sublimi,
672 1278 955 1340 instabili
989 1278 1189 1341 instar
1208 1279 1405 1355 venti,
1427 1298 1529 1342 me
1549 1287 1853 1355 5101110115,

356 1376 595 1435 elisisti
626 1396 727 1435 me
757 1378 1001 1447 valide,
1032 1376 1095 1437 id
1136 1386 1252 1453 est,
1288 1376 1537 1440 fortiter
1568 1376 1858 1459 dejecisti

97 1494 233 1538 ΡΜ..
256 1498 323 1535 ιι.
356 1480 555 1553 atque
607 1472 827 1535 laesisti
884 1491 895 1533 :
948 1474 1129 1555 juxta
1189 1474 1348 1536 illud
1400 1474 1651 1551 Psalmi,
1702 1474 1859 1548 Quia

356 1569 621 1634 elevans
664 1570 920 1633 allisisti
970 1592 1094 1634 1110.
1134 1573 1313 1635 Unde
1360 1592 1555 1655 supra
1592 1580 1857 1635 testatus

78 1691 327 1739 samm.
358 1677 457 1730 est
492 1690 505 1731 :
542 1669 673 1749 Ego
706 1669 817 1731 ille
847 1671 1169 1750 quondam
1198 1671 1561 1752 opulentus,
1598 1680 1857 1752 repente

358 1766 677 1829 contritus
709 1786 873 1829 sum.

138 1882 153 1897 ⁸
179 1882 289 1932 qnia

361 1963 479 2025 hac
523 1971 773 2026 tantum
820 1964 1233 2027 tribulatione
1280 1965 1536 2045 affliges
1576 1985 1699 2042 me,
1748 1967 1858 2028 sed

356 2063 621 2125 tandem
656 2082 770 2145 per
797 2072 1065 2127 mortem
1103 2063 1301 2127 finem
1336 2064 1529 2145 hujus
1563 2065 1709 2127 vitae
1748 2064 1861 2126 mi-

357 2160 425 2221 hi
455 2160 777 2241 impones.
812 2161 924 2224 Vel
964 2161 1121 2224 dicit
1162 2163 1303 2239 hoc,
1346 2164 1743 2244 desperando
1782 2164 1859 2225 de

358 2258 493 2319 vita
540 2258 931 2322 diuturniori
982 2259 1047 2321 in
1098 2260 1334 2323 saeculo
1373 2260 1518 2338 ist0‚
1559 2279 1636 2324 eo
1670 2261 1859 2322 modo

72 2368 325 2418 mamm.
356 2374 489 2438 quo
538 2376 733 2438 supra
783 2356 945 2419 dixit
993 2375 1007 2418 :
1053 2358 1415 2439 Desperavi,
1456 2377 1858 2440 nequaquam

355 2455 528 2517 ultra
557 2456 691 2536 jam
720 2456 956 2520 vivam.
990 2456 1065 2518 Et
1105 2457 1227 2519 hoc
1266 2457 1433 2519 scire
1468 2475 1535 2518 se
1567 2456 1860 2539 perhibet

354 2553 712 2616 secundum
770 2554 1061 2616 ordinem
1122 2553 1504 2617 inferiorum
1562 2554 1862 2617 naturali-

356 2670 603 2732 umque
634 2670 971 2713 causarum
1002 2672 1015 2716 ε
1053 2652 1205 2733 quia
1232 2653 1332 2732 (ut
1360 2652 1602 2715 dictum
1632 2661 1727 2715 est
1756 2672 1862 2715 sae-

354 2752 465 2831 pe)
481 2748 758 2811 letaliter
782 2748 901 2811 fuit
920 2769 1278 2831 percussuS,
1295 2750 1862 2832 supernaturaliter

356 2865 509 2911 vero
541 2855 825 2909 sanatus,
870 2850 992 2910 Ubi
1018 2852 1367 2909 constituta
1394 2860 1483 2909 est
1513 2853 1765 2919 domus,
1797 2848 1859 2911 id

354 2954 454 3009 051
482 2946 671 3026 quies
700 2966 738 3008 a
768 2946 1046 3008 tumultu
1077 2946 1225 3009 vitae
1246 2947 1598 3028 praesentiS,
1622 2946 1861 3009 finalis-

1971 792 2153 872 ponit
2184 811 2445 854 manum
2477 811 2678 854 suam.

2046 892 2313 951 Flebam
2342 894 2669 969 quondam
2703 908 2900 967 super
2929 908 2997 947 eo
3037 888 3154 965 qui
3183 888 3460 963 afflictus

1967 998 2130 1056 erat,
2185 988 2247 1052 id
2297 998 2413 1064 est,
2464 988 2735 1051 afflictis
2784 1006 2986 1067 usque
3033 986 3114 1048 ad
3165 984 3458 1047 lacrimas

1972 1094 2256 1167 tempore
2293 1086 2736 1169 prosperitatis
2783 1104 2940 1148 meae
2988 1082 3402 1147 condolebam
3437 1102 3450 1145 :

1966 1183 2146 1263 juxta
2185 1184 2345 1248 illud
2382 1183 2692 1266 Apostoli,
2725 1183 2904 1246 Flere
2939 1201 3085 1246 cum
3119 1179 3450 1243 flentibus.
3482 1197 3750 1247 Romanis.

1967 1281 2044 1341 Et
2082 1281 2562 1345 Ecclesiasticus
2612 1282 2702 1344 ait
2743 1299 2756 1342 :
2805 1281 2942 1343 Non
2986 1280 3158 1343 desis
3204 1279 3458 1361 ploran-
3513 1304 3748 1357 gech-m„

1970 1377 2138 1442 tibus
2199 1380 2265 1441 in
2313 1380 2770 1444 consolatione.
2821 1382 2908 1440 Et
2953 1379 3460 1456 compatiebatur
3487 1371 3554 1410 ³³·

1969 1479 2198 1539 anima
2227 1499 2370 1539 mea
2389 1480 2695 1556 pauperi,
2729 1476 2792 1539 id
2833 1484 2930 1539 est
2971 1474 3211 1556 egeniS,
3243 1492 3460 1556 appre-

1970 1574 2308 1639 hendendo
2338 1595 2556 1640 eorum
2599 1574 2884 1657 inopiam
2920 1574 3102 1655 quasi
3134 1572 3458 1655 propriam

1968 1682 2230 1755 propter
2258 1674 2775 1737 communionem
2805 1681 3086 1735 naturae:
3119 1670 3340 1752 sicque
3367 1669 3460 1732 eis

1968 1790 2083 1852 pro
2110 1791 2298 1853 posse
2333 1772 2627 1835 subveni.
2663 1771 2798 1833 Non
2829 1770 3002 1833 enim
3031 1788 3180 1833 vere
3209 1786 3462 1849 compa-

439 1867 595 1927 Scio
624 1868 841 1945 quod*
869 1869 1067 1927 morti
1100 1872 1309 1929 trades
1342 1889 1457 1938 me,
1494 1868 1557 1930 id
1589 1875 1706 1943 est,
1726 1887 1855 1931 non
1894 1867 1941 1929 B
1969 1870 2124 1933 titur
2165 1870 2372 1948 alteri,
2407 1872 2517 1951 qui
2569 1872 2707 1951 ejus
2751 1868 3072 1933 miseriam
3114 1885 3229 1949 pro
3275 1884 3461 1948 posse

1968 1987 2097 2031 non
2126 1969 2389 2033 relevat.
2424 1970 2594 2031 Hanc
2625 1968 2926 2049 pietatem
2956 1972 3291 2028 sectemur.
3317 1964 3460 2027 Bea-

1967 2074 2069 2127 tus
2118 2066 2291 2129 enim
2342 2066 2451 2147 qui
2502 2064 2802 2145 intelligit
2848 2081 3041 2145 super
3081 2080 3351 2141 egenum
3393 2068 3458 2123 et
3501 2080 3720 2131 Pana.

1969 2183 2351 2246 pauperem3
2385 2165 2451 2226 in
2490 2165 2595 2226 die
2633 2163 2802 2225 mala
2841 2159 3138 2223 liberabit
3167 2178 3311 2222 011111
3343 2159 3458 2221 Do-

1968 2262 2204 2325 minus.
2242 2258 2709 2341 E'aespecta'bam
2741 2264 2929 2327 bona,
2963 2258 3027 2320 id
3067 2266 3163 2320 est
3199 2275 3460 2338 prospe-

1964 2361 2222 2423 ritatem
2281 2370 2343 2422 et
2389 2358 2888 2422 consolationem
2941 2376 2980 2418 a
3028 2356 3154 2418 Deo
3202 2362 3461 2436 propter

1969 2458 2198 2520 merita
2245 2477 2385 2521 mea
2429 2475 2442 2520 ε
2495 2458 2666 2538 quod
2715 2454 2960 2518 scilicet
3009 2452 3246 2515 faceret
3301 2451 3462 2513 mihi

1970 2556 2136 2619 sicut
2197 2576 2314 2638 ego
2370 2556 2494 2619 feci
2555 2554 2862 2638 proximis
2919 2552 3080 2615 meis
3135 2550 3458 2633 inopibus.

1968 2654 2406 2718 Communiter
2444 2654 2614 2717 enim
2649 2653 2714 2715 in
2746 2654 2886 2734 lege
2915 2650 3188 2715 naturali
3218 2657 3282 2711 et
3311 2648 3463 2712 scri-

1970 2761 2099 2833 pta,
2136 2752 2405 2817 virtuosi
2448 2752 2638 2815 etiam
2678 2752 2744 2813 in
2785 2751 2904 2812 hac
2943 2750 3074 2813 vita
3113 2746 3465 2811 sortieban-

1971 2859 2074 2912 tur
2116 2869 2420 2933 prospera
2465 2849 2690 2912 mundi
2734 2868 2771 2911 a
2806 2849 2954 2925 Deo,
2996 2844 3291 2929 quamvis
3333 2862 3462 2907 non

1968 2968 2222 3029 semper
2253 2949 2346 3011 sic
2376 2948 2628 3011 accidit.
2661 2947 2838 3010 Unde
2878 2965 2995 3009 nec
3027 2944 3142 3009 Job
3181 2942 3332 3007 talia
3364 2962 3466 3005 ex-

355 3064 485 3125 que
523 3044 773 3107 mansio
810 3064 849 3106 a
886 3064 1078 3107 cursu
1107 3054 1171 3108 et
1198 3054 1377 3108 motu
1406 3045 1862 3127 peregrinatio-
1895 3045 1939 3108 C
1970 3046 2300 3128 spectavit,
2347 3056 2648 3127 tanquam
2699 3045 3077 3127 principale,
3124 3041 3462 3106 sufficiens

360 3142 461 3203 nis
493 3141 683 3203 istius
709 3166 723 3215 ;
760 3142 860 3205 vel
892 3152 1400 3221 monumentum,
1434 3144 1604 3224 quod
1633 3161 1860 3206 conco-

356 3240 665 3302 mitanter
688 3258 755 3303 se
776 3240 971 3303 habet
990 3242 1068 3304 ad
1090 3249 1389 3317 mortem;
1412 3245 1592 3303 omm'
1612 3244 1859 3303 viventi

136 3370 170 3397 ι.
238 3371 325 3405 m,
357 3337 425 3399 in
468 3356 663 3401 carne
704 3338 960 3400 mortali
998 3358 1011 3401 :
1044 3340 1225 3420 juxta
1265 3338 1425 3402 illud
1462 3340 1716 3417 Psalmi,
1754 3340 1857 3402 Se-

358 3437 585 3519 pulcra
615 3455 835 3499 eorum
867 3437 1094 3499 domus
1125 3437 1381 3500 illorum
1414 3437 1481 3500 in
1518 3446 1851 3502 aeternum.

164 3568 327 3606 mnu,
356 3535 434 3597 Et
480 3554 704 3598 rursus
754 3552 767 3595 ε
815 3534 963 3608 Quis
1011 3544 1108 3597 est
1154 3535 1346 3599 homo
1395 3536 1509 3617 qui
1552 3536 1747 3612 vivet,
1794 3544 1857 3598 et

358 3651 489 3696 11011
535 3632 787 3696 videbit
830 3636 1145 3695 mortem?
1205 3637 1676 3705 Verumtamen,
1726 3655 1854 3695 non

354 3736 445 3793 ad
473 3734 1029 3809 consumptionem
1054 3752 1279 3792 eorum
1312 3735 1553 3793 emittis
1582 3755 1733 3794 man
1745 3755 1854 3794 um

356 3838 567 3899 tuam,
608 3828 675 3891 id
722 3838 841 3906 est,
890 3836 1268 3910 potestatem
1320 3838 1491 3891 tuam
1540 3830 1848 3893 extendis

356 3926 686 4007 Tanquam
734 3926 906 3989 dicat
948 3944 961 3987 :
1003 3926 1302 4000 Quamvis
1350 3946 1603 3990 omnem
1644 3927 1855 3991 viven-

352 4032 483 4087 tem
533 4024 601 4085 in
654 4024 889 4087 saeculo
934 4024 1123 4086 morti
1178 4026 1408 4102 tradaS,
1463 4044 1590 4087 non
1639 4033 1850 4087 tamen

352 4128 669 4205 potestate
700 4131 809 4183 tua
849 4140 958 4185 eos
997 4121 1260 4186 omnino
1298 4122 1661 4197 consumis3
1705 4142 1851 4184 nam

1969 3153 2031 3208 et
2061 3145 2256 3208 finale
2299 3144 2630 3226 praemium
2673 3162 2932 3206 suorum
2972 3161 3238 3225 operum
3278 3139 3463 3202 meri-

1967 3243 2297 3320 toriorum,
2331 3244 2442 3306 sed
2481 3251 2783 3323 tanquam
2823 3241 3036 3303 minus
3075 3237 3454 3321 principale,

1968 3350 2155 3423 prout
2186 3342 2264 3403 de
2293 3339 2706 3424 praedicatore
2743 3338 3125 3418 evangelicae
3166 3335 3454 3399 veritatis

1968 3439 2249 3521 loquitur
2296 3437 2580 3502 Christus
2626 3453 2642 3497 t
2693 3436 2932 3516 Dignus
2980 3442 3076 3497 est
3123 3433 3452 3516 operarius
3505 3453 3731 3503 Lucan.

1966 3537 2258 3600 mercede
2301 3555 2416 3598 sua
2463 3553 2476 3597 1
2523 3553 2638 3616 per
2678 3534 3034 3597 mercedem
3087 3530 3452 3610 intelligens

1966 3635 2057 3697 ibi
2085 3634 2370 3716 corporis
2402 3632 2841 3695 refectionem.
2875 3633 2962 3691 Et
2990 3639 3305 3690 venerunt
3332 3630 3454 3687 mi-

1964 3736 2036 3793 hi
2065 3737 2241 3795 mala
2270 3748 2495 3813 poenae,
2532 3729 2596 3792 id
2638 3737 2734 3792 est
2761 3729 3026 3791 adversa
3062 3744 3076 3787 :
3109 3727 3190 3789 dc
3217 3724 3452 3806 quibus

1962 3832 2152 3894 Amos
2191 3832 2302 3907 ait,
2336 3830 2400 3893 Si
2443 3828 2565 3891 erit
2600 3828 2838 3890 malum
2881 3826 2946 3887 in
2985 3824 3242 3887 civitate
3278 3823 3452 3904 quod
3479 3840 3741 3887 Amanus.

1964 3929 2262 3994 Dominus
2293 3947 2418 3991 non
2454 3926 3103 3989 fecittPraestolabar
3123 3926 3350 3988 lucem,
3385 3919 3449 3981 id

1961 4036 2057 4091 est
2084 4027 2548 4108 jucunditatem
2584 4042 2598 4085 :
2635 4023 2984 4087 secundum
3015 4020 3174 4083 illud
3195 4020 3449 4081 Prover-

1963 4126 2238 4201 biorum‚
2279 4122 2677 4205 Exspectatio
2724 4122 3036 4203 justorum
3081 4117 3320 4181 laetitia.
3363 4119 3450 4177 Εἰ
3475 4134 3744 4185 Promea.

352 4221 573 4283 anima
623 4229 957 4301 permanet
1011 4220 1413 4297 immortaliS,
1467 4240 1585 4284 nec
1631 4240 1852 4283 omnes
1882 4223 1931 4283 D
1960 4232 2310 4301 eruperunt
2333 4224 2613 4288 tenebrae,
2632 4220 2695 4283 id
2720 4226 2838 4297 051,
2858 4216 3165 4281 desolatio
3195 4223 3258 4277 et
3285 4233 3451 4277 ama-

354 4318 861 4399 consumptioni,
896 4318 961 4380 id
1000 4326 1098 4381 est
1133 4326 1387 4381 aeternae
1432 4319 1848 4395 damnationi,

357 4412 679 4476 immittis,
713 4413 829 4477 vel
862 4433 1087 4477 sensus
1118 4422 1236 4490 est,
1270 4416 1439 4495 quod
1472 4415 1621 4479 licet
1648 4434 1756 4480 005
1788 4415 1853 4477 in

356 4512 493 4576 vita
538 4512 659 4575 hac
708 4512 935 4594 puniat
982 4531 1095 4594 per
1140 4514 1427 4590 adversa,
1471 4515 1593 4578 hoc
1639 4524 1853 4577 tamen

359 4612 737 4692 frequenter
767 4609 925 4673 facit
951 4612 1031 4673 ad
1061 4612 1594 4690 emendationem,
1620 4632 1748 4676 11011
1776 4614 1855 4676 ad

362 4708 863 4772 destructionem
894 4728 1136 4786 eorum,
1171 4708 1337 4771 sicut
1377 4710 1440 4771 in
1476 4710 1857 4793 Apocalypsi

80 4830 333 4885 ammata,
364 4814 755 4889 protestatur
788 4824 801 4868 :
834 4806 967 4887 Ego
1006 4825 1167 4888 quos
1211 4827 1377 4884 amo,
1420 4826 1616 4889 arguo
1659 4818 1722 4871 et
1763 4828 1860 4872 ca-

365 4905 552 4985 stigo.
572 4904 732 4967 Hinc
760 4905 1057 4969 subditur
1092 4924 1105 4969 ε
1138 4917 1198 4967 et
1223 4910 1283 4967 si
1309 4910 1696 4979 corruerint,
1722 4927 1861 4990 pec-

364 5004 591 5080 cando,
618 5003 950 5068 moriendo
982 5024 1095 5068 seu
1122 5006 1387 5069 adversa
1416 5006 1700 5082 ferendo,
1726 5009 1861 5085 ipse

361 5104 649 5164 salvabis
702 5102 948 5167 animas
1004 5122 1249 5181 eorum,
1299 5123 1415 5187 per
1469 5104 1737 5183 gratiam
1792 5106 1858 5166 in

102 5256 157 5299 p.
189 5274 315 5305 mv·
364 5199 804 5281 praesenti,vel
834 5221 948 5282 per
974 5201 1243 5281 gloriam
1278 5202 1342 5264 in
1375 5201 1591 5264 futuro
1617 5218 1862 5282 :quem-

80 5290 170 5362 2⁴..
319 5295 332 5313 '
363 5299 711 5361 admodum
740 5300 817 5361 de
841 5299 1015 5380 justo
1042 5300 1133 5362 ait
1160 5299 1511 5378 Psalmista,
1530 5300 1735 5373 Quum
1766 5319 1862 5365 ce-

614 5431 678 5483 T.
712 5432 764 5481 4.

1962 4321 2176 4384 ritudo
2223 4320 2384 4383 mihi
2429 4320 2560 4400 jam
2600 4323 2951 4381 evenerunt
2991 4332 3004 4376 :
3042 4313 3452 4396 quemadmo-

1963 4420 2114 4481 dum
2143 4416 2446 4481 Jeremias
2476 4416 2567 4479 ait
2600 4433 2614 4477 :
2649 4414 3171 4496 Exspectavimus
3203 4429 3446 4493 pacem,
3477 4436 3742 4485 amman.

1963 4525 2026 4579 et
2058 4535 2184 4579 non
2215 4523 2312 4579 051
2334 4515 2607 4591 bonum3
2631 4521 2696 4576 01
2721 4521 2972 4594 tempus
3001 4508 3371 4585 curationiS,
3390 4516 3454 4571 et

1963 4633 2111 4677 ecce
2149 4612 2451 4677 turbatio.

2019 4698 2372 4774 ‘Interiora
2403 4731 2568 4779 mea,
2599 4716 2750 4790 puta
2793 4706 3040 4770 viscera
3069 4712 3261 4787 atque
3298 4703 3456 4768 vita—

1969 4811 2075 4887 lia,
2107 4813 2560 4889 efferbuerunt,
2595 4807 2659 4868 id
2705 4814 2822 4883 051,
2868 4813 3043 4868 extra
3081 4802 3456 4865 ferbuerunt

1966 4928 2043 4972 ex
2074 4908 2283 4971 calore
2325 4905 2522 4969 febris
2562 4913 2626 4967 01
2658 4905 2967 4968 11100111111.
2999 4900 3116 4963 Ubi
3156 4899 3454 4963 Albertus

1967 5007 2199 5086 allegat
2225 5004 2694 5086 Hippocratem,
2714 5002 3031 5064 dicentem
3068 5016 3082 5060 τ
3113 4996 3333 5061 Febris
3359 5004 3458 5059 est

1970 5106 2037 5168 in
2078 5100 2491 5184 generatione
2533 5100 2735 5163 saniei
2781 5097 2984 5177 magis
3032 5115 3225 5177 quam
3269 5112 3458 5177 gene—

1970 5211 2105 5265 rata
2130 5201 2262 5282 jam
2305 5198 2503 5261 sanie.
2538 5201 2792 5276 Absque
2819 5198 2962 5256 ulla
2989 5196 3234 5274 requie,
3263 5193 3327 5256 id
3362 5200 3459 5254 est

1972 5300 2364 5363 incessanter
2407 5297 2488 5359 ad
2540 5304 2814 5376 tempus.
2848 5296 3320 5356 Praevenerunt
3361 5310 3460 5351 me

3145 5426 3206 5476 41
