4309 6259
619 1987 634 2030 l
664 1988 775 2031 Par.

547 2062 688 2101 xxvtu,
714 2052 777 2095 19.

553 2867 802 2923 nilico-vi,

572 3164 761 3209 Itidem.

539 3748 660 3795 lbid.
683 3754 800 3803 10.9.

579 4145 700 4190 lbid.
721 4149 788 4191 ¹5.

537 4722 708 4767 Ibidm
720 4726 802 4775 ,22

846 496 964 563 196

1269 516 1617 563 mannifluo
1659 517 1720 561 IN
1763 517 1899 562 CAP.
1947 516 2014 561 111
2057 513 2213 561 unm
2256 513 2505 559 SECUNDl
2548 512 3077 559 PAnAupoxmox.
3122 530 3203 539 -
3242 511 3385 557 ART.
3430 510 3498 556 111

839 684 978 767 ipse
1022 694 1118 749 est
1166 688 1403 750 mensis
1453 687 1768 750 secundus
1821 686 1998 766 regni
2049 686 2331 747 Salomo-
2359 683 2410 744 Α
2442 703 2579 744 rum
2606 684 2889 745 obrizum
2922 683 3159 745 dicitur
3187 681 3371 763 quasi
3404 699 3625 743 aurum
3654 677 3927 753 obrude,

838 784 938 845 nis
966 802 980 845 :
1005 785 1174 865 quod
1203 784 1689 866 intelligendum
1713 792 1808 847 est
1835 784 1948 859 sic,
1967 784 2136 864 quod
2164 802 2333 845 men—

839 882 926 943 sis
967 882 1074 943 ille
1119 881 1243 943 ruit
1281 883 1520 945 mensis
1561 881 1876 945 secundus
1915 881 2126 963 quarti
2174 880 2327 942 anni

839 979 1017 1059 regni
1056 980 1433 1043 salomonia.

924 1081 1003 1139 Εἰ
1032 1081 1166 1140 liceo
1204 1089 1357 1140 sunt
1395 1080 1832 1156 fundamenta
1869 1099 2011 1157 quce
2043 1079 2235 1155 jecit,
2266 1076 2327 1137 id

837 1184 934 1238 est
965 1176 1219 1239 exordia
1264 1177 1486 1259 templi
1518 1194 1660 1257 quae
1696 1176 1955 1258 incepit,
1991 1179 2324 1247 Salomon,

835 1283 912 1334 ut
958 1276 1310 1351 aedificaret
1355 1278 1621 1335 domum
1668 1276 1790 1337 Dei
1834 1296 1857 1333 :
1893 1275 2331 1351 lonyitudinis

835 1373 1076 1433 cubitos
1122 1374 1196 1433 in
1236 1393 1540 1433 mensura
1576 1374 1800 1451 prima
1847 1374 2218 1448 seoeayinta,
2263 1371 2327 1432 id

837 1478 954 1546 est,
988 1470 1316 1550 longitudo
1348 1470 1572 1552 templi
1618 1469 1742 1532 fuit
1783 1469 2108 1550 sexaginta
2149 1469 2329 1532 cubi-

835 1576 1067 1630 torum.
1103 1568 1333 1649 Sicque
1359 1568 1514 1650 jecit
1546 1577 1608 1630 et
1653 1567 1806 1629 fecit
1847 1567 2176 1649 sexaginta
2218 1586 2328 1629 cu-

837 1664 1003 1728 bitos
1035 1666 1454 1747 longitudinis
1485 1665 1704 1747 templi
1737 1666 1804 1727 in
1838 1665 2044 1748 prima
2072 1685 2327 1729 mensu-

839 1781 929 1839 ra,
966 1763 1028 1825 id
1059 1771 1156 1825 est
1183 1763 1535 1825 secundum
1567 1781 1928 1825 mensuram
1959 1772 2022 1825 et
2053 1762 2323 1826 formam

840 1861 964 1923 sibi
995 1881 1032 1923 a
1061 1862 1254 1923 David
1288 1870 1465 1943 patre
1497 1880 1610 1924 suo
1643 1860 1968 1944 praefixam
1997 1878 2011 1922 ε
2047 1863 2220 1943 quia,
2256 1870 2323 1923 ut
2362 1870 2409 1933 Β
2436 1870 2626 1942 atque
2654 1860 3011 1942 expositum
3048 1868 3165 1935 est,
3200 1859 3371 1921 Fecit
3410 1859 3773 1922 interiorem
3808 1859 3925 1921 do-
3974 1870 4207 1948 qima-u.

839 1959 1045 2043 patuit
1095 1960 1160 2021 in
1210 1961 1417 2042 primo
1464 1960 1652 2035 libro,
1700 1960 1894 2023 David
1945 1961 2326 2024 monstravit

838 2065 902 2120 et
930 2058 1146 2122 docuit
1175 2078 1248 2121 ac
1299 2057 1560 2140 reliquit
1609 2058 1674 2118 in
1715 2057 1968 2140 scriptis
2002 2058 2323 2120 Salomoni

837 2156 1160 2239 exemplar
1209 2155 1402 2219 totius
1449 2156 1692 2238 templi,
1748 2164 1811 2220 et
1847 2156 2323 2219 dimensionum

837 2254 1059 2337 ipsiuS‚
1093 2273 1164 2317 ac
1188 2255 1740 2336 producendorum
1770 2254 1836 2315 in
1871 2254 2032 2336 ipso.
2067 2258 2325 2316 Latitu-

833 2356 1016 2413 dinis
1033 2356 1275 2414 cubitos
1295 2354 1558 2430 viyinti.
1595 2352 1788 2429 Fecit,
1825 2372 1938 2434 per
1969 2371 2196 2414 manus
2229 2374 2326 2415 ar-

836 2450 1109 2513 tificum.
1143 2452 1480 2513 Porcio-um
1515 2471 1661 2510 vero
1692 2460 1842 2511 ante
1870 2453 2150 2530 frontem
2182 2474 2325 2532 quae

835 2552 1214 2611 tendebatur
1261 2550 1334 2607 in
1383 2551 1670 2625 lorcyum,
1697 2550 1906 2625 juoeta
1951 2570 2324 2610 mensuram

834 2648 1212 2707 latitudinis
1229 2650 1482 2717 domita,
1497 2648 1860 2731 cubitorum
1891 2650 2151 2724 viqin‘ti.
2172 2652 2326 2710 Por-

831 2766 904 2805 ro
932 2747 1213 2806 altitudo
1235 2754 1492 2805 centum
1515 2747 1759 2821 viyinti
1777 2747 2138 2807 cubitorum
2157 2756 2319 2808 erat.

833 2844 1044 2906 Tertio
1071 2843 1309 2923 Regum
1343 2842 1506 2905 libro
1529 2843 1821 2919 habetur,
1841 2843 2124 2923 Triginta
2153 2846 2325 2907 cubi·

834 2950 930 3005 tos
962 2943 1026 3003 in
1055 2942 1414 3003 altitudine.
1449 2941 1887 3023 Respondetur
1913 2944 2083 3023 quod
2117 2944 2324 3006 altitu-

2439 782 2619 863 quasi
2679 782 2743 844 in
2794 802 2909 843 sua
2957 780 3379 862 dispositione
3430 778 3741 854 relictum,
3796 794 3927 838 non

2439 880 2822 959 laevigatum.
2860 881 3269 958 Sculpsitque
3310 880 3383 939 in
3424 898 3499 939 ea
3544 881 3820 954 palmae,
3866 884 3931 933 et

2438 981 2628 1057 quasi
2654 982 2987 1040 catenulas
3014 998 3079 1037 se
3120 979 3399 1037 invicem
3430 978 3927 1053 complectentes,

2442 1080 2695 1137 Stravit
2742 1097 2989 1156 quoque
3028 1076 3481 1153 pavimentum
3522 1076 3743 1151 templi
3784 1092 3932 1149 pre-

2442 1176 2676 1235 tio-sissi
2678 1196 2778 1235 mo
2827 1194 3147 1235 marmore
3187 1176 3406 1233 decore
3454 1175 3676 1231 multo.
3720 1172 3929 1231 Porro

2435 1293 2676 1332 aurum
2698 1283 2835 1334 erat
2858 1272 3410 1349 probatissimum,
3428 1273 3506 1330 de
3534 1270 3720 1347 cujus
3741 1270 3933 1329 lami-

2436 1374 2542 1430 nis
2572 1374 2731 1431 texit
2758 1374 3051 1439 domum,
3080 1379 3140 1430 et
3172 1371 3377 1430 trabes
3414 1370 3578 1446 ejus,
3610 1377 3669 1427 et
3690 1377 3925 1445 postes,

2436 1479 2495 1529 et
2520 1472 2825 1546 parietes,
2857 1479 2915 1529 et
2942 1470 3105 1529 ostia
3126 1492 3154 1539 ;
3198 1478 3257 1528 et
3296 1469 3548 1529 caelavit
3584 1468 3929 1528 Cherubim

2436 1568 2509 1626 in
2533 1570 2915 1644 parietibus,
3791 1549 3801 1558 ’

2516 1670 2691 1725 Fecit
2722 1686 2967 1744 quoque
2986 1668 3249 1724 domum
3270 1665 3502 1725 Sancti
3528 1672 3922 1724 sanctorum.

2438 1762 2562 1825 Hoc
2605 1771 2701 1825 est
2735 1763 2907 1844 quod
2952 1761 3117 1824 libro
3162 1760 3347 1823 tertio
3397 1760 3633 1841 Regum
3677 1759 3923 1822 dictum

2434 1978 2607 2021 mum
2638 1958 2879 2021 oraculi
2904 1959 2966 2020 in
3000 1958 3297 2021 Sanctum
3330 1966 3712 2020 sanctorum.
3736 1957 3924 2019 Nem·
3958 1937 4027 1977 ¹⁰·

2433 2077 2513 2139 pe
2546 2058 2771 2120 domus
2813 2057 3022 2120 Sancti
3068 2064 3452 2134 sanctorum,
3488 2056 3613 2118 suit
3655 2056 3923 2119 interior

2432 2166 2491 2219 et
2524 2157 2825 2219 sacratior
2854 2176 3000 2239 pars
3034 2155 3275 2238 templi,
3313 2155 3375 2217 in
3408 2175 3537 2237 qua
3564 2165 3744 2217 erant
3770 2174 3923 2217 arca

2432 2264 2495 2317 et
2542 2274 2756 2317 secum
2808 2254 3132 2337 reposita:
3165 2254 3383 2334 sicque
3429 2254 3655 2315 domus
3704 2252 3920 2315 Sancti

2432 2362 2817 2429 sanctorum,
2875 2352 2995 2415 l'uit
3054 2352 3263 2434 ipsum
3314 2351 3610 2413 Sanctum
3672 2360 3921 2413 sancto-

2434 2471 2595 2513 rum.
2620 2453 3125 2527 Lonyitudinem
3139 2452 3345 2527 juoeta
3376 2451 3791 2510 latitudinem
3812 2452 3923 2509 do-

2432 2572 2599 2619 mus,
2614 2552 2977 2610 cubitorum
3008 2549 3250 2625 viyinti
3268 2572 3297 2619 ;
3320 2558 3379 2607 et
3400 2549 3815 2609 latitudinem
3829 2550 3921 2608 si-

2434 2650 2677 2710 militer
2711 2649 2947 2724 vigyinti
2976 2649 3462 2708 cubitorum.Et
3496 2648 3761 2707 laminis
3797 2669 3921 2707 au-

2430 2749 2557 2807 reis
2581 2750 2736 2808 tea-it
2770 2747 3137 2825 eam,quasi
3166 2746 3921 2807 talentissexcencis.sed

2430 2856 2487 2905 et
2522 2851 2733 2905 clavos
2761 2847 2915 2921 fecit
2942 2864 3190 2913 aureos,
3226 2846 3319 2903 ita
3352 2854 3424 2905 ut
3461 2846 3713 2921 sinyuli
3742 2848 3921 2905 clavi

2428 2945 2613 3004 siclos
2641 2947 3123 3023 quinquagenos
3162 2945 3613 3020 appenderent.
3646 2942 3757 3005 Per
3798 2942 3919 3006 hos

832 3042 912 3103 do
935 3060 972 3103 a
1003 3049 1168 3104 terra
1188 3058 1391 3121 usque
1412 3039 1489 3101 ad
1511 3040 1790 3122 primum
1815 3041 2167 3103 tabulatum
2194 3042 2319 3105 fuit
2357 3047 2401 3110 C
2431 3042 2603 3104 enim
2652 3042 2865 3105 clavos
2898 3041 3178 3103 tabulata
3222 3040 3490 3102 laterum
3534 3059 3645 3102 seu
3685 3039 3917 3103 tabulae

833 3140 1093 3219 triginta
1134 3138 1517 3214 cubitorum,
1553 3148 1744 3220 prout
1785 3138 1952 3201 istud
1998 3140 2185 3203 tertio
2216 3141 2321 3203 Re-

830 3256 978 3318 gum
1026 3237 1279 3320 plenius
1327 3236 1568 3299 dictum
1618 3246 1681 3299 et
1709 3238 2158 3300 concordatum
2198 3249 2314 3301 est.

831 3340 918 3399 Et
945 3338 1290 3397 deauravit
1333 3356 1475 3396 eam
1516 3338 1903 3397 intrinsecus
1943 3358 2105 3397 auro
2136 3360 2320 3399 mun-

830 3437 1118 3497 dia-simo,

911 3536 1190 3595 Domum
1232 3552 1480 3613 quoque
1527 3534 1838 3609 majorem
1884 3535 2042 3594 texit
2083 3536 2319 3595 tabulis

831 3633 1142 3707 abieyniS.
1186 3630 1395 3693 Tertio
1431 3629 1665 3709 Regum
1713 3630 1878 3692 libro
1919 3630 2010 3693 sic
2059 3630 2313 3711 legitur,

832 3728 1092 3812 Operuit
1119 3730 1378 3791 domum
1401 3727 1591 3806 lignis
1612 3728 1889 3790 cedrinis
1907 3752 1921 3803 3
1948 3727 2120 3806 item,
2141 3729 2321 3793 Texit

832 3827 1088 3891 domum
1151 3825 1554 3907 laquearibus
1615 3826 1891 3888 cedrinis
1939 3844 1952 3888 :
1999 3829 2319 3908 quomodo

833 3945 982 4007 ergo
1042 3926 1144 3988 hic
1199 3925 1463 4001 dicitur,
1521 3924 1777 3986 Tabulis
1837 3925 2177 4005 abiegnis‘l
2227 3928 2319 3989 Ad

831 4026 1001 4107 quod
1035 4023 1417 4105 respondere
1446 4022 1590 4104 quis
1622 4023 1874 4104 poterit,
1909 4025 2078 4104 quod
2122 4025 2187 4085 in
2219 4043 2324 4088 co-

832 4124 975 4185 dem
1009 4122 1278 4185 habetur
1309 4121 1497 4196 libro,
1537 4121 1716 4183 Texit
1740 4122 2180 4203 pavimentum
2212 4124 2321 4186 do—

2430 3142 2745 3223 parietum
2794 3140 3005 3202 aureis
3055 3138 3307 3200 laminis
3354 3139 3911 3201 connectebantur.

2434 3244 2773 3308 Coenacula
2800 3258 3071 3317 quoque,
3098 3256 3241 3319 quae
3274 3246 3455 3299 erant
3476 3237 3661 3319 quasi
3682 3238 3919 3301 solaria

2430 3337 2673 3419 templi,
2695 3337 2759 3397 in
2782 3335 3017 3418 quibus
3044 3335 3512 3417 reponebantur
3542 3344 3918 3399 ornamenta

2428 3436 2827 3498 sacerdotum
2854 3442 2917 3496 et
2955 3434 3395 3496 ministrorum
3436 3434 3678 3517 templi,
3714 3454 3917 3497 sacra-

2428 3554 2553 3616 que
2588 3554 2736 3597 vasa
2768 3542 2831 3596 et
2858 3533 3133 3615 plurima
3162 3533 3439 3615 pretiosa
3467 3533 3533 3595 in
3566 3533 3739 3596 cultu
3762 3542 3917 3597 tem—

2431 3633 2519 3715 pli
2560 3632 2887 3713 requisita,
2922 3634 3080 3692 tea-it
3110 3652 3291 3692 auro.

2508 3734 2684 3793 Fecit
2712 3733 2908 3791 etiam
2955 3732 3025 3789 in
3061 3732 3247 3790 domo
3276 3732 3505 3791 Sancti
3542 3742 3911 3792 sanc-torum

2432 3831 2769 3891 Cherubim
2817 3832 3001 3897 duos,
3047 3827 3159 3909 qui
3208 3828 3459 3890 stabant
3507 3830 3574 3890 in
3623 3828 3907 3892 interiori

2430 3928 2649 4009 templi
2682 3935 2860 4009 parte
2892 3925 3241 3988 stabiliter:
3264 3926 3403 3988 ideo
3435 3927 3751 4003 subditur,
3772 3948 3913 4005 ope-

2427 4048 2495 4086 re
2525 4028 2867 4097 statuari0‚
2904 4025 2967 4086 id
3000 4033 3116 4100 est,
3149 4024 3316 4086 sicut
3360 4034 3584 4088 statuae
3632 4025 3774 4088 fieri
3814 4044 3915 4089 so-

2428 4124 2562 4187 lent
2596 4141 2609 4185 :
2643 4142 2783 4204 quae
2822 4123 3123 4185 dicuntur
3162 4142 3199 4183 a
3230 4124 3454 4186 stando
3481 4146 3496 4198 ς
3528 4134 3588 4184 et
3622 4127 3776 4185 texit
3810 4145 3913 4185 eos

831 4240 974 4283 mus
1023 4220 1256 4283 tabulis
1306 4218 1616 4300 abiegniS‚
1653 4222 2077 4301 retorquendo
2125 4222 2321 4285 verba
2349 4230 2398 4291 D
2429 4226 2773 4283 aur0.Aloe
2809 4223 3145 4283 Cherubim
3180 4223 3419 4298 viqinti
3438 4225 3671 4283 cubitis
3696 4233 3913 4283 exten-

832 4319 1024 4401 hujus
1053 4317 1318 4400 capituli
1351 4335 1519 4378 nunc
1565 4316 1844 4393 inducta,
1877 4319 1955 4380 ad
2003 4319 2177 4381 illam
2219 4322 2323 4382 do-

832 4435 975 4478 mus
997 4416 1257 4497 majoris
1277 4434 1390 4476 seu
1422 4415 1641 4496 templi
1666 4424 1930 4496 partem,
1949 4436 2317 4499 quanquam

832 4514 910 4575 ad
943 4514 1112 4575 istud
1143 4512 1394 4595 plenior
1415 4512 1686 4575 habetur
1705 4516 2034 4595 responsio
2056 4536 2132 4578 ex
2163 4516 2317 4578 alibi

833 4611 1042 4674 dietis.
1077 4614 1164 4673 Et
1207 4613 1488 4671 laminas
1526 4614 1680 4671 auri
1713 4615 1923 4673 obrizi
1952 4616 2166 4689 affixit
2200 4636 2321 4692 per

836 4722 1057 4771 totum.
1094 4710 1391 4771 Praetacto
1425 4709 1662 4788 Regum
1710 4708 1914 4773 fertur
1958 4710 2123 4774 libro
2160 4730 2174 4773 :
2210 4714 2321 4775 Do-

832 4827 1005 4870 mum
1037 4816 1183 4870 ante
1213 4806 1538 4870 oraculum
1570 4808 1822 4889 operuit
1855 4828 2009 4872 auro
2054 4810 2320 4892 purissi—

830 4926 935 4969 mo
960 4930 975 4981 3
999 4906 1290 4988 nihilque
1321 4913 1460 4967 erat
1490 4905 1556 4967 in
1591 4907 1826 4987 templo
1855 4909 2024 4988 quod
2058 4928 2184 4971 non
2218 4929 2319 4971 au-

829 5024 898 5068 ro
951 5013 1284 5085 tegeretur.
1329 5004 1542 5084 ltaque
1593 5024 1705 5086 per
1756 5025 1980 5067 aurum
2030 5006 2312 5070 obrizum

827 5103 1207 5184 intelligitur
1238 5122 1459 5165 aurum
1508 5101 1947 5184 purissimum,
1983 5113 2203 5186 utpote
2250 5106 2315 5168 in

825 5221 941 5264 sua
969 5211 1196 5265 natura
1224 5209 1572 5283 sumptum,
1607 5220 1735 5263 non
1767 5202 2034 5264 mixtum
2069 5222 2185 5266 nec
2206 5204 2318 5265 im-

825 5300 1368 5363 mutatum.·Unde
1411 5300 1762 5362 secundum
1807 5300 2161 5377 Albertum‚
2209 5322 2313 5365 au-

2426 4323 2766 4391 debant-ur,
2802 4322 2898 4381 ila
2942 4330 3015 4379 ut
3060 4340 3195 4379 una
3234 4323 3343 4380 ala
3382 4322 3635 4381 liaberet
3672 4323 3914 4381 cubitos

2428 4422 2812 4498 quinque,et
2830 4428 3112 4496 tanyeret
3126 4420 3443 4496 parietem
3461 4420 3727 4490 domus;
3742 4428 3800 4479 et
3818 4424 3911 4480 al-

2430 4526 2564 4577 tera
2582 4518 2867 4595 qui-nque
2887 4518 3128 4575 cubitos
3146 4518 3403 4586 haben-3,
3429 4520 3603 4576 alam
3628 4527 3909 4593 tanqeret

2428 4617 2699 4675 alterius
2724 4616 2989 4675 Cherub.
3014 4615 3342 4675 Similiter
3365 4616 3609 4674 Cherub
3640 4618 3909 4677 alterius

2426 4718 2533 4774 ala
2578 4716 2865 4792 quinque
2910 4716 3175 4773 habebat
3202 4714 3468 4782 cubitoS,
3506 4722 3565 4773 et
3616 4716 3911 4791 tanyebat

2418 4813 2735 4890 parietem
2755 4836 2783 4883 ,·
2810 4822 2868 4871 et
2897 4816 3007 4872 ala
3034 4812 3173 4889 ejus
3201 4814 3407 4871 altera
3426 4812 3711 4891 quinque
3736 4815 3915 4873 cubi-

2428 4920 2657 4981 lorum,
2684 4914 2861 4969 alam
2894 4911 3139 4969 Cherub
3170 4911 3439 4969 alterius
3480 4912 3907 4987 conti-nqebat.

2425 5010 2642 5083 Iyitur
2688 5011 2810 5068 aloe
2860 5008 3197 5086 utriusque
3230 5008 3565 5067 Cherubim
3612 5028 3913 5085 expansa:

2423 5117 2636 5175 erant,
2650 5116 2708 5165 et
2727 5108 3236 5166 extemiebantur
3248 5125 3367 5182 per
3384 5107 3623 5165 cubitos
3644 5108 3823 5183 viyin
3834 5110 3907 5168 ti.

2426 5207 2563 5281 Ipsi
2604 5214 2821 5265 autem
2862 5206 3117 5264 stabant
3152 5206 3373 5263 erectis
3394 5206 3692 5280 pedibuS,
3718 5217 3780 5265 et
3806 5208 3913 5282 fa-

2422 5306 2547 5363 cies
2573 5322 2791 5362 eorum
2822 5311 3009 5362 erant
3050 5321 3244 5363 versae
3272 5304 3360 5361 ad
3402 5304 3779 5363 exteriorem
3806 5306 3913 5363 do—
