4309 6259
859 466 942 531 40
1437 481 1788 529 sumno
1827 482 1892 527 111
1931 482 2070 527 m.
2117 481 2225 525 vm
2266 480 2427 526 mni
2464 480 2693 535 oum
2732 480 2959 525 mu.
3002 499 3085 509 —
3123 480 3269 526 m.
3313 480 3379 525 n

857 656 990 737 jam
1041 664 1226 731 taeta,
1271 652 1588 729 videlicet,
1621 653 1814 715 Porro
1859 652 2138 714 ostendit
2183 650 2345 711 mibi
2372 650 2427 713 A
2538 650 2779 713 Deinde
2808 660 3103 713 narratur
3144 651 3507 733 prosecutio
3552 650 3729 732 regni
3756 651 3931 714 Iuda.

863 754 1168 815 Dominus
1205 752 1360 835 quia
1399 752 1728 827 morietur,
1770 768 1898 813 non
1941 748 2277 811 differrent
2308 768 2349 809 a
2455 752 2651 809 Anno
2700 753 2929 830 quinto
2954 754 3175 811 loram
3222 755 3361 828 filii
3388 754 3611 812 Achab
3654 754 3823 828 reyis
3850 754 3937 813 Is-

863 851 1062 914 verbo
1109 850 1484 933 praehabito,
1517 850 1764 913 scilieet
1800 849 1910 911 Dic
1951 848 2034 923 ei,
2069 846 2347 909 Sanabe·
2456 852 2623 918 rael,
2665 853 2963 926 reynacit
3005 853 3229 911 loram
3266 853 3451 927 filius
3490 853 3799 927 Josaplzac
3846 870 3939 909 re-

861 950 974 1011 ris,
1007 952 1324 1030 Stetitque
1367 972 1516 1011 cum
1545 970 1640 1022 ee,
1673 949 1738 1011 id
1767 958 1864 1011 est
1905 948 2157 1009 Eliseus
2200 966 2347 1009 eum
2448 949 2555 1023 ‚qis
2580 950 2779 1008 Iuda.
2818 952 2877 1008 T
2866 952 3115 1024 riyinta
3144 952 3422 1008 duorum
3452 970 3775 1009 annor-mn
3802 958 3938 1008 erat

861 1046 1122 1109 Hazaele
1161 1064 1179 1108 t
1223 1065 1442 1128 quem,
1473 1056 1547 1109 ut
1593 1046 1884 1127 Magister
1933 1045 2000 1106 in
2061 1044 2348 1106 historiis
2458 1066 2663 1124 quum
2704 1067 2977 1123 reynare
3002 1050 3309 1124 coepisset,
3336 1058 3397 1107 et
3438 1058 3573 1107 octo
3612 1048 3809 1107 annis
3848 1066 3943 1105 re-

859 1146 972 1221 ait‚
1009 1145 1196 1207 traxit
1227 1146 1306 1207 ad
1349 1154 1618 1227 partem,
1653 1154 1716 1207 et
1753 1144 1916 1207 dixit
1957 1143 2040 1219 ei,
2081 1162 2228 1225 quae
2254 1163 2351 1205 se-
2450 1147 2689 1220 qnacit
2732 1147 2804 1204 in
2838 1148 3191 1205 Jerusalem
3236 1154 3417 1225 patre
3462 1164 3579 1208 suo
3615 1144 3937 1207 defuncto.

857 1252 1170 1325 quuntur,
1223 1252 1466 1307 secrete
1503 1266 1519 1317 3
1571 1252 1636 1305 et
1693 1243 1913 1305 volens
1967 1241 2142 1323 loqui
2202 1261 2347 1303 cum
2460 1244 2963 1323 Ambulavitque
2994 1246 3065 1303 in
3097 1246 3249 1312 ciis,
3280 1243 3345 1304 id
3372 1252 3467 1305 est
3496 1243 3671 1305 vitiis
3710 1252 3773 1305 et
3814 1243 3945 1305 ido-

859 1341 1146 1419 }lazaele‚
1177 1342 1283 1405 vix
1331 1350 1577 1423 poterat
1617 1341 1700 1403 ab
1739 1340 2224 1422 erumpentibus
2264 1340 2353 1401 la·
2460 1338 2753 1415 lolatriiS,
2786 1361 3011 1417 reyum
3040 1344 3269 1412 Israel,
3296 1344 3465 1402 sicut
3502 1344 3943 1402 ambulaverat

861 1440 1080 1504 crimis
1103 1440 1222 1523 [se]
1243 1440 1594 1504 continere.
1619 1440 1762 1503 ldeo
1793 1438 2110 1515 subditur,
2133 1450 2195 1498 et
2212 1460 2355 1498 eon·
2459 1442 2689 1498 domus
2716 1442 2959 1500 Achab.
2984 1442 3049 1501 F
3044 1442 3163 1499 ilia
3190 1442 3369 1500 enim
3388 1442 3629 1510 Achab,
3652 1441 3944 1498 videlicet

865 1542 1162 1601 turbatus
1201 1550 1292 1600 est
1335 1560 1534 1619 usque
1561 1542 1650 1599 ad
1685 1540 2128 1616 suffusionem,
2162 1537 2225 1598 id
2256 1544 2351 1597 est
2464 1540 2757 1609 Athana,
2798 1548 2939 1597 erat
2988 1559 3155 1598 mr
3198 1541 3341 1615 ejus
3372 1560 3397 1598 .·
3424 1558 3569 1619 quae
3600 1538 3797 1620 patris
3844 1537 3943 1598 sui

865 1638 1110 1700 tristem
1159 1656 1234 1701 ae
1287 1637 1618 1717 lugubrem
1661 1646 2054 1718 apparatum,
2092 1638 2309 1696 cultus
2326 1660 2353 1707 ;
2465 1634 2857 1697 idololatrias
2888 1656 3183 1717 sequens,
3216 1638 3295 1698 ad
3338 1656 3447 1699 eas
3476 1654 3733 1717 quoque
3758 1655 3945 1697 suum

865 1756 984 1799 nec
1011 1755 1080 1799 56
1109 1744 1357 1819 poterat
1377 1736 1620 1797 diutius
1643 1735 1984 1811 refrenare,
2009 1734 2173 1797 sieut
2204 1734 2355 1795 sub-
2466 1732 2652 1795 traxit
2713 1734 3035 1796 maritum.
3079 1737 3311 1797 Noluit
3366 1746 3583 1795 autem
3628 1736 3947 1796 Dominus

863 1835 1179 1915 jungitur,
1225 1837 1564 1915 Flet-itque
1607 1837 1712 1893 vir
1753 1836 1895 1895 Dei.
1945 1836 2068 1894 Cui
2103 1835 2355 1894 Hazael
2392 1832 2831 1908 Bdisperdere
2863 1835 3104 1893 Iudam
3140 1843 3405 1910 propter
3432 1834 3653 1894 David
3688 1854 3947 1892 servum

867 1935 964 1994 ait
993 1950 1018 1993 .·
1049 1935 1182 1993 Cur
1208 1936 1514 1993 dominus
1561 1953 1740 1993 meus
1778 1935 1942 2008 flet?
1968 1936 2056 1995 Ac
2097 1934 2209 1990 ille
2252 1934 2357 1990 di-
2462 1951 2679 2001 suum,
2728 1933 2897 1991 sieut
2938 1935 3329 2008 promiserat
3364 1934 3450 2002 ei,
3488 1942 3565 1991 ut
3608 1934 3795 1991 daret
3840 1932 3950 1989 illi
3988 1947 4229 1999 maan,

865 2034 972 2092 oeit
999 2049 1024 2095 .·
1054 2033 1222 2101 Quia
1263 2033 1392 2090 scio
1427 2052 1571 2111 quse
1605 2030 1904 2107 facturus
1945 2032 2034 2090 sis
2068 2032 2235 2107 filiis
2262 2032 2359 2090 Is-

867 2133 1008 2191 rael
1037 2133 1240 2200 mala,
1273 2128 1511 2192 idcirco
1541 2148 1618 2191 ex
1656 2129 2103 2210 compassione
2135 2127 2357 2209 populi

869 2227 996 2291 mei
1039 2228 1246 2309 ploro.
1283 2230 1586 2289 Civitates
1611 2248 1836 2288 eorum
1877 2229 2171 2287 munitas
2210 2228 2361 2303 ique

865 2329 1304 2397 succendes,et
1308 2327 1584 2404 juvenes
1611 2346 1834 2386 eorum
1857 2327 1926 2385 in
1936 2326 2207 2403 terficies
2218 2328 2363 2401 yla-

868 2426 981 2485 dio
1011 2444 1035 2484 :
1061 2424 1234 2505 quod
1259 2422 1382 2485 fuit
1409 2423 1666 2485 crudele
1689 2447 1705 2497 3
1738 2434 1798 2483 et
1809 2427 2121 2501 parvulos
2138 2443 2361 2483 eorum

869 2524 1070 2583 elides
1098 2543 1122 2582 :
1151 2521 1327 2603 quod
1373 2519 1398 2582 i
1401 2520 1497 2583 uit
1523 2520 1846 2583 crudelius
1871 2545 1886 2595 ;
1917 2532 1976 2581 et
2011 2541 2363 2600 proeynan-

875 2631 962 2683 tes
987 2622 1242 2681 divides
1271 2639 1295 2680 :
1325 2620 1501 2701 quod
1529 2618 2041 2682 crudelissimum
2075 2618 2221 2681 ruit.
2246 2621 2363 2680 Di-

869 2720 1100 2799 xitque
1147 2721 1400 2780 Hazael
1439 2737 1464 2780 :
1497 2719 1673 2787 Quid
1718 2720 1896 2780 enim
1947 2739 2096 2779 sum
2141 2738 2362 2778 servus

875 2828 1026 2880 tuus
1043 2820 1252 2887 canis,
1273 2825 1346 2877 ut
1365 2818 1611 2896 faciam
1631 2838 1768 2878 rem
1787 2820 1980 2879 istam
2003 2836 2311 2895 maynam
2332 2819 2364 2877 ἕ

876 2918 962 2979 Et
1009 2918 1108 2977 ait
1152 2917 1408 2979 Eliseus
1445 2936 1469 2975 t
1501 2918 1790 2979 Ostendit
1837 2918 2008 2977 milii
2043 2918 2363 2977 Dominus

2468 2032 2799 2089 lucernam
2829 2040 2891 2090 et
2916 2032 3083 2107 filiis
3120 2032 3263 2107 ejus
3302 2032 3551 2089 eunctis
3576 2032 3823 2090 diebus,
3864 2034 3947 2090 In
3976 2014 4038 2053 ³⁶·

2464 2130 2688 2187 diebus
2716 2130 2859 2205 ejus
2894 2130 3145 2188 recessit
3176 2131 3379 2189 mom
3408 2150 3491 2187 ne
3516 2138 3670 2189 esset
3696 2130 3815 2188 sub
3840 2131 3953 2188 Iu-

2464 2230 2581 2296 da,
2611 2226 2674 2288 id
2706 2236 2825 2301 est,
2858 2226 3136 2308 populus
3166 2227 3581 2289 ldumaeorum
3624 2227 3889 2289 recessit
3918 2246 3955 2288 a

2470 2324 2755 2387 dominio
2786 2324 2980 2406 hujus
3005 2326 3237 2403 Joram,
3272 2334 3335 2388 et
3372 2325 3579 2389 noluit
3608 2326 3667 2388 ei
3696 2324 3955 2389 solitum

2472 2422 2781 2484 tributum
2812 2424 3199 2505 persolvere,
3231 2424 3457 2487 videns
3496 2443 3644 2487 611111
3672 2442 3811 2485 6556
3846 2422 3959 2485 110-

2472 2520 2711 2583 minem
2751 2520 3270 2599 diffortunatum,
3303 2531 3369 2584 et
3396 2531 3577 2605 patre
3618 2540 3735 2584 suo
3764 2521 3959 2603 impo-

2474 2619 2813 2682 tentiorem
2840 2644 2855 2693 ;
2886 2632 2947 2681 et
2993 2622 3327 2681 constituit
3366 2622 3492 2681 sibi
3538 2640 3769 2697 reyem.
3800 2618 3957 2681 Nam

2474 2736 2687 2798 regem
2732 2720 3063 2801 proprium
3104 2720 3219 2801 qui
3252 2719 3540 2783 solvebat
3582 2719 3819 2781 tributa
3863 2738 3959 2782 16-

2470 2817 2658 2895 gibus
2687 2818 2868 2895 Juda,
2904 2817 3179 2900 populus
3220 2818 3332 2880 ille
3362 2818 3561 2881 Edom
3602 2816 3856 2895 occidit,
3888 2826 3958 2880 ut

2470 2915 2782 2999 Iosephus
2830 2924 3237 2979 contestatur.
3284 2912 3587 2996 Venitque
3620 2920 3843 2977 Joram
3886 2918 3959 2977 in

879 3024 938 3077 te
963 3035 1170 3093 reyem
1205 3016 1424 3093 Syrioe
1450 3015 1616 3092 fore,
1646 3014 1708 3075 id
1741 3022 1859 3092 est,
1895 3014 2184 3076 futurum
2224 3032 2365 3076 esse
2398 3013 2444 3077 C
2474 3018 2688 3087 Seira,
2723 3013 2786 3077 id
2832 3023 2927 3077 est
2976 3016 3054 3077 ad
3105 3015 3315 3078 locum
3362 3022 3473 3077 aut
3519 3015 3825 3097 oppidum
3868 3014 3961 3077 sie

879 3122 1024 3197 post
1047 3114 1352 3189 Benadad‚
1369 3114 1450 3175 ad
1471 3111 1870 3195 puniendum
1901 3112 2267 3175 idololatras
2287 3112 2369 3173 ls-

884 3210 1039 3289 rael,
1071 3221 1144 3273 ut
1171 3230 1366 3294 supra
1386 3211 1550 3275 libro
1581 3211 1770 3273 tertio
1795 3210 2030 3291 legitur
2060 3210 2366 3273 Dominus

587 3328 853 3385 mnam,
884 3310 1253 3394 praedixisse
1292 3310 1466 3387 Eliae,
1489 3309 1604 3391 qui
1633 3318 1698 3372 et
1727 3309 1848 3373 hoc
1879 3310 2090 3392 ipsum
2124 3309 2369 3372 insinu-

590 3396 656 3444 ¹5.
681 3394 746 3435 ¹7.

883 3409 1015 3473 avit
1043 3408 1274 3471 Eliseo.

967 3510 1096 3578 Qui
1123 3528 1324 3588 quum
1355 3509 1696 3567 recessisset
1727 3510 1806 3567 ab
1827 3509 2066 3577 EliseO,
2085 3507 2263 3567 venit
2283 3510 2372 3567 ad

881 3608 1225 3667 domiuum
1244 3626 1458 3667 suum.
1497 3609 1649 3675 Qui,
1673 3606 1916 3668 seilicet
1935 3606 2249 3682 Benadad,
2275 3608 2371 3666 ait

884 3708 946 3765 ei
976 3724 1000 3767 .·
1033 3705 1208 3776 Quid
1255 3706 1374 3764 tibi
1420 3706 1598 3766 dixit
1646 3707 1956 3765 Elis-eus?
1985 3708 2072 3765 At
2116 3707 2229 3764 ille
2275 3726 2373 3764 re-

883 3805 1144 3882 spondit
1164 3824 1188 3863 .·
1205 3803 1398 3865 Dixit
1441 3805 1630 3876 mihi,
1664 3806 1957 3882 Recipies
1997 3806 2366 3864 sanitatem.

885 3902 954 3965 ln
985 3902 1106 3965 hoc
1139 3901 1389 3966 videtur
1417 3901 1640 3964 Hazael
1683 3920 1822 3965 esse
1857 3902 2183 3979 mentituS,
2216 3919 2373 3983 quo-

887 4000 1060 4063 niam
1091 3999 1336 4063 Eliseus
1366 4000 1564 4062 dixit:
1591 4000 1702 4064 Dic
1729 4001 1811 4078 ei,
1847 4000 2222 4076 Sanaberis3
2254 4018 2373 4063 nec

887 4099 1068 4177 dixit,
1105 4098 1462 4162 Sanabitur.
1499 4100 1757 4176 Tamen,
1793 4108 1863 4161 ut
1906 4098 2130 4176 fertur,
2168 4099 2233 4161 in
2264 4100 2375 4161 He-

2474 3122 2793 3191 vocatum,
2827 3118 3161 3193 omnisque
3200 3117 3519 3175 exercitus
3558 3134 3707 3174 cum
3744 3134 3835 3175 60.
3876 3116 3963 3175 Et

2474 3216 2765 3275 surrexit
2795 3224 2994 3286 noete,
3020 3218 3467 3295 percussitque
3493 3218 3812 3275 Idumaeos
3850 3216 3966 3294 qui

2476 3333 2623 3374 eum
2644 3316 2823 3373 circu
2834 3317 3221 3381 mdederant,
3230 3324 3291 3373 et
3304 3315 3633 3391 principes
3650 3334 3967 3373 curruum

2480 3411 2857 3473 bellicorum
2880 3436 2894 3485 3
2912 3416 3196 3489 populus
3216 3422 3431 3473 autem
3452 3411 3673 3488 Edom,
3694 3410 3802 3493 qui
3824 3430 3967 3474 eva-

2478 3510 2628 3571 dere
2657 3510 2886 3592 potuit,
2920 3512 3099 3587 fuyit
3130 3512 3201 3571 in
3236 3513 3649 3571 tabernacula
3674 3531 3815 3571 sua.
3848 3514 3969 3571 Re-

2478 3611 2658 3667 cessit
2678 3628 2849 3685 er90‚
2869 3627 2985 3689 per
3012 3609 3222 3671 cordis
3242 3608 3639 3672 aversionem
3670 3608 3969 3690 pactique

2480 3705 2889 3769 violationem
2934 3716 2997 3769 et
3036 3706 3475 3785 rebellionem,
3512 3710 3739 3779 Edom,
3772 3728 3854 3767 ne
3878 3728 3971 3767 es-

2476 3815 2568 3865 set
2610 3808 2727 3865 sub
2754 3809 2955 3877 Juda,
2986 3826 3185 3885 usque
3222 3808 3295 3866 in
3333 3808 3505 3866 diem
3546 3808 3737 3866 hanc.
3770 3806 3969 3868 Tunc-

2478 3922 2607 3985 que
2664 3904 2999 3985 impletum
3050 3911 3168 3980 est,
3220 3904 3392 3985 quod
3442 3904 3613 3968 Isaac
3670 3903 3830 3966 dixit
3886 3905 3967 3967 ad

2481 4002 2644 4064 Esau
2680 4020 2695 4064 :
2724 4002 2998 4084 Tempus
3028 4002 3243 4065 veniet
3273 4011 3343 4064 ut
3372 4002 3654 4065 excutias
3676 4010 3739 4066 et
3758 4001 3965 4066 solvas
3996 4022 4237 4126 gemma,

2480 4101 2707 4181 jugum
2756 4101 2897 4181 ejus
2948 4100 3027 4163 de
3076 4099 3435 4163 cervicibus
3481 4100 3633 4162 tuis,
3674 4104 3851 4162 Tunc
3875 4121 3968 4160 re-

607 4214 860 4259 ·nonvim
889 4197 1058 4261 braeo
1080 4197 1382 4260 habetur:
1405 4198 1514 4261 Dic
1535 4198 1612 4273 ei,
1627 4198 1863 4261 Vivens
1883 4198 2059 4261 vives
2077 4198 2112 4258 *.
2141 4202 2375 4267 Quum-
2404 4200 2454 4260 D
2480 4202 2664 4259 cessit
2702 4209 2762 4260 et
2790 4202 3011 4261 Lobna
3056 4202 3129 4259 in
3178 4209 3453 4276 tempore
3492 4202 3629 4259 illo.
3668 4198 3817 4260 Erat
3856 4198 3970 4260 illa

885 4316 1008 4377 que
1037 4298 1304 4357 venisset
1339 4299 1477 4356 dies
1515 4300 1750 4365 altera,
1773 4298 1923 4356 tulit
1951 4294 2175 4357 Hazael
2214 4306 2375 4357 stra-

876 4400 1130 4473 9ulum,
1151 4394 1212 4456 id
1235 4403 1331 4456 est
1351 4393 1714 4456 stratorium
1737 4394 1908 4475 quod
1922 4394 2373 4475 superponitur

883 4492 1048 4557 lecto
1077 4500 1188 4555 aut
1217 4492 1375 4571 sedi,
1408 4502 1469 4553 et
1498 4493 1758 4571 infudit
1785 4513 1980 4571 aqua,
2001 4492 2065 4554 id
2097 4500 2214 4570 est,
2243 4512 2375 4554 ma-

887 4590 1125 4655 defecit
1168 4590 1326 4653 illud
1373 4590 1440 4653 in
1489 4610 1676 4673 aqua,
1709 4600 1770 4652 et
1818 4594 2136 4669 expandit
2182 4612 2374 4669 super

881 4692 1121 4769 faciem
1150 4692 1314 4769 ejus,
1349 4688 1449 4755 vel
1479 4689 1560 4752 ad
1592 4687 2100 4768 refrigerandum
2142 4688 2371 4753 faciem

883 4788 1076 4870 regi8‚
1108 4787 1223 4870 qui
1268 4787 1576 4850 aestuabat
1621 4787 1854 4865 calore,
1892 4787 2050 4865 sive,
2086 4796 2157 4851 ut
2201 4789 2375 4851 ,1056-

885 4886 1052 4969 phus
1085 4894 1320 4963 narrat,
1345 4886 1423 4948 ad
1445 4883 1896 4949 suffocandum
1928 4904 2162 4967 regem,
2183 4906 2373 4968 quem

887 4985 1114 5049 asserit
1143 4984 1599 5064 strangulatum
1623 4985 1703 5049 ab
1723 4984 1983 5049 Hazaele
2009 4987 2085 5048 ad
2111 5004 2373 5065 regnum

2482 4296 2634 4359 urbs
2677 4298 2756 4359 ad
2788 4315 3053 4376 regnum
3082 4296 3241 4358 Juda
3279 4296 3630 4379 pertinenS,
3666 4305 3730 4360 et
3758 4304 3965 4359 tamen

2482 4404 2744 4478 propter
2782 4394 3023 4457 scelera
3060 4395 3292 4471 Joram,
3328 4394 3452 4456 suit
3492 4395 3552 4457 ei
3594 4394 3870 4472 rebelliS,
3905 4403 3969 4457 et

2484 4494 2863 4557 adversariis
2894 4494 3032 4573 ejus
3064 4512 3133 4555 se
3166 4492 3647 4557 consoederavit.

2561 4596 2843 4672 Reliqua
2865 4602 3079 4653 autem
3101 4612 3470 4653 sermonum
3486 4595 3711 4654 Joram
3738 4604 3799 4654 et
3828 4596 3971 4655 uni-

2484 4712 2667 4752 versa
2697 4712 2840 4769 quw
2858 4692 3038 4768 fecit,
3060 4710 3274 4750 nonne
3302 4694 3435 4752 hoec
3461 4693 3707 4768 scripta
3725 4695 3971 4753 suntin

2484 4792 2647 4849 libro
2686 4791 3029 4851 Verborum
3070 4791 3329 4849 dierum
3367 4808 3587 4865 reyum
3631 4792 3859 4851 Juda?
3888 4794 3973 4853 Et

2482 4888 2793 4947 dormivit
2820 4890 3044 4947 Joram
3074 4906 3223 4946 eum
3248 4888 3551 4963 patribus
3578 4889 3741 4958 suis,
3770 4892 3975 4966 sepul-

2488 4996 2713 5065 tusque
2753 4996 2844 5045 est
2882 5006 3029 5045 cum
3062 4986 3152 5045 eis
3185 4986 3259 5044 in
3301 4987 3564 5046 civitate
3600 4988 3833 5048 David.
3859 4986 3977 5049 Ve-

897 5083 1283 5166 adspirante.
1322 5088 1455 5154 Quo
1499 5095 1769 5155 mortuo,
1803 5086 2100 5161 reynavit
2127 5088 2377 5145 Hazael

881 5200 1005 5258 pro
1024 5200 1092 5239 eo
1112 5200 1136 5240 :
1156 5186 1220 5241 et
1251 5177 1466 5243 forsan
1493 5198 1622 5243 non
1652 5178 1876 5242 habuit
1895 5176 2127 5257 filium,
2151 5177 2375 5242 saltem

889 5286 1108 5361 aptum
1139 5278 1216 5342 ad
1249 5298 1538 5361 regnum.

2487 5092 2845 5146 rumtamen
2866 5100 2993 5145 non
3016 5082 3082 5143 in
3106 5082 3394 5164 sepulcro
3413 5101 3655 5164 regum,
3674 5092 3743 5146 ut
3764 5104 3976 5149 secun·
4018 5116 4061 5160 11
4076 5120 4249 5165 raum.

2485 5181 2567 5243 do
2597 5180 3123 5261 Paralipomenon
3166 5179 3458 5256 habetur,
3498 5182 3606 5243 sed
3654 5183 3973 5265 privatum
4006 5182 4085 5226 2⁰·

2486 5279 2853 5360 sepulcrum
2885 5278 3023 5341 sine
3066 5277 3387 5359 regalibus
3422 5279 3743 5361 exsequiis
3776 5280 3837 5344 ei
3870 5300 3977 5343 ex-
