4309 6259
881 484 999 548 378
1768 503 2116 549 ommno
2158 503 2220 548 m
2263 502 2399 548 car.
2447 503 2485 547 v
2524 502 2650 549 son.
2694 524 2775 533 —
2816 504 2959 549 aar.
3002 504 3081 549 xv

878 673 1126 755 plumas
1158 682 1222 737 et
1249 683 1450 737 rostra
1478 694 1551 738 ac
1581 692 1822 755 ungues
1848 698 1862 748 3
1905 673 2231 737 hominem
2260 691 2367 735 ve-
2395 673 2446 735 A
2474 681 2538 735 et
2576 672 2881 736 Dominus
2917 675 3095 737 Jesus
3140 674 3417 737 ostendit
3466 672 3529 735 in
3559 671 3905 753 Evangelio
3940 689 3954 733 :

878 792 948 835 ro
999 774 1238 835 nudum
1291 775 1466 837 nasci
1518 774 1815 849 instituit,
1873 782 1940 835 ut
1991 772 2359 849 laborando,
2474 771 2903 849 Considerate,
2938 773 3258 855 inquienS‚
3295 772 3432 835 lilia
3470 771 3602 853 agri
3632 771 3957 853 quomodo
4022 788 4241 833 Macrim.

875 872 1326 936 vestimentum
1388 872 1968 954 habitaculumque,
2017 872 2071 935 si
2129 872 2359 948 desint,

875 972 1232 1051 conquirat.
1286 972 1438 1034 Vult
1494 972 1706 1054 itaque
1754 973 1987 1047 dicere,
2041 972 2213 1052 quod
2266 990 2363 1033 res

877 1079 1173 1132 nascatur
1222 1079 1292 1132 ut
1339 1080 1516 1135 actus
1563 1090 1710 1133 suos
1759 1079 2067 1147 exerceat,
2116 1088 2242 1132 non
2297 1077 2365 1131 ut

876 1168 1039 1231 Deus
1070 1189 1206 1232 eam
1239 1169 1379 1231 sine
1407 1188 1597 1232 causa
1627 1168 1901 1249 affligat.
1935 1169 2088 1231 Nam
2110 1178 2173 1231 et
2194 1176 2391 1230 natu-'

879 1267 1036 1329 ralia
1066 1287 1205 1331 esse
1243 1268 1544 1331 dicuntur
1584 1276 1844 1350 propter
1874 1287 2020 1329 suas
2057 1268 2367 1350 operatio-

880 1386 1014 1443 neS,
1067 1376 1326 1449 propter
1375 1368 1546 1448 quod
1599 1367 1664 1428 in
1718 1367 2090 1430 necessariis
2141 1374 2367 1429 natura

880 1484 1007 1527 non
1040 1465 1284 1529 deficit.
1319 1466 1544 1530 Omnia
1581 1486 1857 1548 namque
1889 1466 2125 1528 habent
2157 1466 2368 1547 dispo-

879 1564 1176 1629 sitionem
1239 1566 1593 1647 operationi
1645 1566 1918 1647 propriae
1967 1582 2362 1643 congruam:

2473 880 2789 937 crescunt.
2831 872 2981 935 Dico
3025 880 3233 935 autem
3267 871 3471 948 vobis,
3500 872 3669 953 quod
3714 890 3831 934 nec
3862 870 3963 932 Sa-
3992 854 4058 899 ‘⁸‘
4080 855 4143 893 ²⁹·

2476 974 2689 1037 lomon
2731 972 2796 1033 in
2848 972 3024 1035 omni
3062 971 3268 1052 gloria
3312 991 3425 1033 sua
3480 979 3817 1053 coopertus
3864 978 3961 1033 est

2476 1072 2641 1135 sicut
2673 1091 2869 1134 unum
2900 1090 2976 1134 ex
3005 1072 3157 1133 illis.

2556 1171 2759 1245 Quum
2811 1188 2959 1251 ergo
3002 1170 3237 1234 divinae
3284 1170 3701 1252 providentiae
3746 1167 3969 1231 omnia

2476 1270 2768 1346 subsunt,
2804 1270 3065 1352 Eliphaz
3101 1268 3317 1332 subdit
3346 1286 3360 1331 :
3398 1272 3815 1339 Quamobrem
3854 1286 3965 1343 eqo

2474 1370 2853 1445 deprecabor
2888 1371 3270 1438 Dominum,
3310 1376 3379 1431 ut
3427 1376 3487 1430 te
3528 1374 3857 1431 convertat
3906 1374 3969 1428 et

2476 1486 2577 1529 me
2608 1466 2841 1555 dirigat
2875 1484 2889 1529 ε
2924 1486 3117 1547 quem
3157 1484 3339 1530 orare
3380 1474 3546 1529 esset
3589 1465 3801 1541 inane,
3838 1464 3968 1526 nisi

2476 1584 2687 1628 rerum
2736 1565 3165 1645 cognitione-m
3214 1563 3809 1647 providentiamque
3858 1564 3969 1624 ha-

879 1682 1007 1745 quo
1047 1673 1314 1741 constat,
1351 1666 1518 1746 quod
1553 1665 1874 1727 naturales
1915 1683 2124 1727 rerum
2155 1664 2367 1746 dispo-
2475 1665 2655 1728 beret
2704 1682 2717 1725 :
2765 1684 2957 1745 quam
3004 1664 3157 1745 quia
3206 1664 3419 1739 habet,
3470 1663 3827 1726 exorandus
3870 1672 3971 1724 est

881 1763 1144 1825 sitiones
1175 1781 1302 1825 non
1345 1773 1493 1825 sunt
1533 1764 1670 1826 sine
1711 1783 1921 1839 causa,
1957 1764 2067 1825 sed
2108 1772 2368 1844 propter
2476 1783 2769 1845 semper3
2814 1773 2873 1823 et
2915 1766 3003 1823 ad
3032 1766 3237 1823 Deum
3266 1782 3534 1840 ponam,
3562 1762 3626 1824 id
3672 1768 3771 1823 est
3811 1760 3969 1823 diri-

880 1863 1368 1925 detcrminatum
1429 1871 1492 1925 et
1549 1879 1899 1942 congruum
1955 1861 2175 1925 finem.
2213 1863 2369 1925 Prae-
2402 1858 2447 1919 B
2476 1882 2644 1944 gam,
2678 1864 3007 1941 eloquium
3059 1883 3289 1933 meum,
3334 1862 3541 1949 ipsum
3585 1860 3826 1924 orando
3872 1866 3967 1921 at-

883 1970 1052 2023 terea
1085 1961 1304 2023 ·verba
1360 1961 1492 2024 haec
1551 1961 1741 2024 altius
1802 1968 2048 2042 queunt
2101 1960 2362 2041 exponi,
2476 1981 2603 2042 que
2663 1960 3003 2038 laudando,
3056 1968 3119 2022 et
3176 1960 3523 2022 secundum
3572 1958 3961 2021 voluntatem

879 2060 1064 2136 sicut,
1129 2068 1466 2140 praestante
1519 2062 1666 2137 Deo,
1722 2058 2014 2141 sequenti
2077 2067 2369 2139 tangetur
2478 2060 2681 2141 ipsius
2714 2060 3056 2141 loquendo.
3093 2058 3407 2141 Scriptum
3450 2066 3547 2121 est
3574 2057 3748 2119 enim
3788 2057 3857 2119 in
3892 2057 3967 2119 li-

877 2158 1166 2221 articulo.
2475 2158 2591 2222 bro
2642 2157 2981 2239 Sapientiae
3032 2175 3048 2219 :
3098 2156 3285 2219 Auris
3332 2156 3449 2219 zeli
3496 2156 3673 2218 audit
3720 2154 3962 2218 omnia.

956 2256 1182 2320 Omnia
1214 2257 1346 2320 haec
1367 2256 1628 2339 Eliphaz
1658 2256 1860 2338 ponit,
1885 2256 1961 2319 ad
1994 2255 2371 2318 concluden-
2476 2259 2737 2338 Propter
2767 2256 2908 2333 hoc,
2944 2257 3058 2339 qui
3099 2255 3383 2337 loquitur
3422 2255 3665 2336 iniqua,
3696 2273 3827 2317 non
3860 2273 3969 2336 po-

880 2356 1244 2437 dum,quod
1276 2356 1492 2419 omnia
1521 2355 1939 2437 providentiae
1961 2354 2196 2418 divinae
2226 2354 2370 2416 sub-
2480 2364 2601 2419 test
2640 2355 2857 2418 latere.
2895 2358 3023 2424 Qui
3057 2356 3222 2432 facit
3268 2373 3529 2431 maana,
3558 2352 3621 2414 in
3664 2352 3968 2435 operibus

879 2455 1150 2536 jaceant,
1173 2473 1247 2517 eo
1274 2454 1445 2535 quod
1479 2452 1730 2532 singula
1757 2453 1834 2514 ad
1868 2451 2160 2533 proprios
2192 2460 2368 2515 actus
2482 2464 2744 2530 naturae,
2775 2465 2835 2515 et
2865 2455 3346 2525 inscrutabilia,
3382 2452 3444 2514 in
3482 2452 3799 2534 mysteriis
3827 2470 3971 2532 gra-

880 2573 952 2618 ac
985 2551 1152 2616 fines
1180 2553 1309 2615 sint
1335 2552 1646 2615 ordinata.
1671 2550 1846 2624 Quod
1867 2551 2245 2629 (secundum
2268 2550 2371 2612 Al·
2480 2554 2603 2631 tiae,
2622 2562 2680 2613 ec
2702 2554 3065 2621 mirabilia,
3082 2551 3147 2613 in
3170 2549 3759 2634 supernaturalibus
3780 2550 3969 2613 donis

879 2653 1161 2733 bertum)
1191 2652 1437 2715 inducit
1465 2652 1544 2713 ad
1583 2649 2044 2713 confutandum
2089 2668 2367 2713 errorem
2476 2653 2716 2734 gloriae,
2760 2654 2992 2731 absque
3020 2671 3285 2711 numero
3320 2649 3505 2713 nobis
3544 2657 3719 2725 notu,
3748 2668 3971 2729 quam-

879 2751 1405 2835 philosophorum
1465 2750 1920 2830 quorumdam,
1981 2750 2364 2825 dicentium,

2479 2753 2577 2817 vis
2627 2770 2754 2814 non
2802 2750 3045 2831 absque
3091 2768 3357 2812 numero
3404 2749 3713 2825 absolute,
3764 2766 3971 2829 quum

4024 2172 4129 2225 Sap.
4146 2184 4170 2215 ι,
4186 2173 4239 2211 10.

881 2850 1049 2932 quod
1078 2849 1455 2929 gubernatio
1476 2848 1757 2912 hominis
1777 2859 1943 2911 esset
1972 2868 2047 2911 ex
2071 2846 2369 2909 infaustis
2480 2851 2792 2932 scriptum
2822 2848 2906 2911 sit
2932 2847 3195 2911 :Omnia
3226 2847 3291 2910 in
3312 2866 3632 2923 mensura,
3658 2855 3721 2909 et
3750 2864 3973 2909 nume-
4000 2863 4243 2907 mansi.

881 2948 983 3011 vel
1022 2947 1248 3011 faustis
1289 2946 1854 3010 scintillationibus
1892 2946 2139 3029 periodi
2175 2962 2189 3007 :
2223 2963 2372 3027 quo-

2480 2969 2576 3027 r0,
2610 2958 2673 3012 et
2701 2949 2981 3031 pondere
3010 2945 3422 3010 constituisti.
3458 2946 3765 3027 Denique,
3796 2946 3971 3027 quod

883 3049 1056 3111 niam
1089 3046 1379 3129 quamvis
1411 3056 1656 3109 creator
1685 3048 1848 3109 Deus
1890 3065 1989 3109 res
2031 3044 2245 3121 faciat,
2284 3043 2372 3106 fa-
2408 3046 2451 3109 C
2481 3048 2591 3122 ait,
2650 3046 2901 3127 Absque
2952 3064 3238 3121 numero,
3294 3042 3699 3107 referendum
3746 3052 3845 3105 est
3889 3046 3971 3107 ad

882 3156 1014 3211 ctas
1041 3156 1249 3209 tamen
1271 3146 1610 3208 mutabiles
1630 3145 2070 3225 gubernandas
2091 3143 2374 3207 commit-

886 3248 962 3309 tit
992 3246 1274 3328 periodo,
1309 3252 1372 3307 et
1400 3244 1639 3307 casuali
1682 3243 2092 3305 mutabilitati
2130 3250 2371 3304 naturae

885 3344 1170 3407 mortalis
1225 3360 1239 3404 :
1293 3362 1481 3425 quam
1542 3342 1910 3424 opinionem
1969 3339 2125 3402 dicit
2172 3339 2372 3401 Rabbi

885 3445 1123 3526 Moyses
1155 3442 1502 3523 AEgyptius,
1547 3441 1613 3503 in
1652 3440 1839 3503 tertia
1881 3438 2223 3502 collatione
2254 3440 2375 3501 Du-

887 3544 979 3607 cis
1029 3551 1421 3616 neutrorum,
1470 3539 1670 3601 fuisse
1702 3537 2058 3601 Aristotelis
2109 3546 2170 3599 et.
2219 3555 2375 3618 quo-

889 3642 1179 3705 rumdam
1206 3639 1790 3721 Peripateticorum.
1815 3638 2264 3701 Verumtamen
2300 3637 2377 3698 is·

891 3752 952 3804 ta
974 3760 1100 3804 non
1129 3737 1250 3801 fuit
1279 3737 1566 3801 omnium
1589 3736 2114 3819 philosophorum
2135 3734 2372 3817 opini0,

888 3840 1040 3923 quia
1073 3836 1369 3901 nonnulli
1415 3853 1632 3899 eorum
1674 3853 1749 3897 ex
1792 3840 2088 3914 praetacta
2117 3832 2379 3913 Eliphaz

889 3936 1396 4003 consideratione
1444 3934 1654 3997 'testati
1697 3940 1868 4009 sunt,
1911 3930 2378 4013 providentiam

890 4036 1000 4100 Dei
1032 4034 1264 4098 excelsi
1304 4041 1368 4094 et
1405 4030 1668 4113 gloriosi
1708 4048 1912 4111 usque
1953 4030 2031 4091 ad
2074 4027 2379 4091 inferiora

893 4144 955 4198 et
997 4135 1126 4196 ima
1175 4132 1558 4214 pertingere,
1601 4128 1951 4191 secundum
1996 4127 2167 4208 quod
2213 4125 2381 4188 deci-

2482 3146 2605 3208 tria
2636 3144 2957 3227 praedicta.
2992 3142 3291 3217 Quamvis
3319 3142 3511 3205 etiam
3554 3142 3675 3203 tria
3704 3141 3977 3224 praefata

2483 3263 2597 3327 per
2625 3243 2969 3326 quamdam
3011 3241 3473 3323 coaptationem
3517 3241 3595 3303 ad
3638 3260 3833 3323 opera
3862 3261 3977 3303 na-

2485 3351 2641 3405 turae
2668 3351 2731 3404 et
2758 3341 2977 3420 gratiae
3004 3360 3079 3403 ac
3108 3340 3325 3420 gloriae
3356 3339 3485 3401 sint
3516 3339 3733 3416 relata,
3768 3339 3975 3402 nihilo

2485 3442 2720 3518 mium,
2754 3448 2881 3502 tam
2914 3440 2981 3501 in
3012 3439 3313 3521 operibus
3344 3446 3585 3501 naturae
3612 3457 3805 3519 quam
3836 3456 3977 3518 gra·

2486 3542 2589 3604 tiae
2619 3550 2684 3603 et
2719 3539 2957 3620 gloriae,
2992 3538 3202 3601 efficit
3236 3538 3400 3600 Deus
3442 3554 3692 3617 magna,
3724 3537 3977 3619 quanti-

2486 3648 2612 3703 tate
2642 3648 2704 3701 et
2733 3638 3007 3713 virtute3
3055 3645 3117 3699 et
3156 3635 3616 3712 inscrutabilia,
3658 3644 3972 3718 quantum

2486 3739 2564 3800 ad
2598 3737 2813 3800 omnia
2841 3754 2986 3816 quae
3018 3735 3082 3796 in
3116 3734 3305 3797 rebus
3336 3734 3563 3797 creatis
3586 3734 3973 3806 consistunt,

2487 3854 2758 3918 quorum
2790 3853 3013 3897 omnes
3053 3852 3126 3896 ac
3169 3832 3451 3914 singulas
3494 3832 3795 3909 rationeS‚
3832 3852 3977 3915 pro-

2488 3934 2809 4017 prietateS‚
2863 3932 3031 3994 vires
3078 3939 3138 3993 et
3186 3939 3394 4007 actuS,
3450 3949 3636 3995 nemo
3686 3940 3975 3994 nostrum

2489 4040 2698 4115 potest
2741 4031 3081 4105 discutere,
3121 4030 3388 4093 scrutari
3430 4038 3490 4092 et
3536 4030 3864 4105 invenire3
3914 4038 3981 4093 et

2488 4129 2831 4205 mirabilia,
2865 4148 3009 4210 quae
3052 4127 3587 4191 considerantium
3634 4138 3880 4191 mentes
3912 4129 3978 4191 in

893 4251 998 4295 mo
1022 4232 1100 4293 de
1122 4230 1390 4293 civitate
1409 4227 1518 4290 Dei
1541 4226 1933 4309 Augustinus
1965 4225 2267 4301 ostendit,
2292 4224 2382 4286 di·
2412 4221 2462 4283 D
2488 4227 2976 4291 admirationem
3020 4236 3401 4290 convertunt
3442 4226 3525 4289 ob
3561 4226 3977 4290 eminentiam

895 4330 1094 4394 cendo
1139 4346 1152 4389 :
1194 4326 1480 4389 Plotinus
1521 4324 1880 4387 Platonicus
1931 4325 2010 4386 de
2046 4323 2385 4387 Providen-

895 4430 983 4491 tia
1011 4427 1366 4507 disputanS,
1392 4443 1528 4486 eam
1559 4443 1595 4485 a
1626 4442 1874 4485 summo
1904 4424 2030 4485 Deo
2057 4424 2269 4504 (cujus
2290 4430 2385 4484 est

899 4522 1320 4603 intelligibilis
1377 4532 1570 4603 atque
1630 4520 1985 4583 ineffabilis
2032 4520 2387 4603 pulchritu-

897 4626 1006 4705 do)
1026 4641 1230 4704 usque
1270 4622 1346 4683 ad
1377 4621 1510 4684 haec
1541 4629 1792 4683 terrena
1820 4628 1884 4683 et
1914 4620 2039 4681 ima
2069 4620 2388 4701 pertinge-

901 4742 988 4798 re,
1027 4720 1440 4784 flosculorum
1469 4738 1542 4782 ac
1576 4718 1875 4781 foliorum
1909 4717 2388 4799 pulchritudine

898 4819 1266 4903 comprobat
1314 4836 1327 4880 :
1370 4837 1514 4900 quae
1555 4818 1770 4880 omnia
1816 4817 1999 4898 quasi
2037 4816 2289 4897 abjecta
2326 4825 2389 4878 et

900 4921 1300 4986 velocissime
1344 4918 1699 5001 pereuntia,
1743 4918 2225 4980 decentissimos
2265 4915 2390 4979 for-

899 5039 1146 5084 marum
1179 5036 1435 5080 suarum
1470 5035 1768 5079 numeros
1791 5016 2023 5078 habere
2055 5034 2180 5078 non
2204 5033 2391 5096 posse

901 5118 1266 5194 confirmat,
1302 5116 1427 5178 nisi
1461 5116 1610 5178 inde
1643 5114 2018 5189 formentur,
2046 5114 2154 5176 ubi
2192 5114 2394 5176 forma

905 5215 1329 5296 intelligibilis
1375 5223 1436 5277 et
1483 5212 2022 5276 incommutabilis
2062 5211 2252 5274 simul
2292 5230 2397 5273 ex-

905 5313 1270 5396 emplariter
1301 5310 1542 5374 habens
1581 5310 1817 5387 omnia,
1850 5317 2236 5392 perseverat.
2270 5309 2397 5371 Hoc

2492 4346 2694 4401 suam,
2733 4326 2948 4407 qualia
2978 4325 3249 4387 maxime
3282 4333 3431 4387 sunt
3471 4325 3981 4406 supernaturalia

2492 4444 2687 4507 opera
2716 4425 2847 4501 Dei,
2881 4432 2944 4486 et
2973 4442 3115 4504 quae
3146 4424 3401 4505 proprie
3430 4423 3737 4485 miracula
3766 4423 3983 4508 appel-

2494 4524 2728 4585 lantur.
2764 4524 2850 4585 De
2881 4521 3115 4603 quibus
3158 4520 3281 4584 fert
3309 4520 3639 4583 Psalmista
3673 4540 3687 4584 ε
3722 4522 3983 4585 Benedi·
4010 4536 4245 4581 Ptuxu‘.

2494 4631 2633 4685 ctus
2668 4621 2967 4684 Dominus
3001 4621 3163 4682 Deus
3200 4619 3407 4695 lsrael,
3444 4620 3553 4701 qui
3602 4619 3756 4683 facit
3800 4621 3981 4683 mira-

2436 4798 2441 4804 ·
2496 4719 2653 4783 bilia
2684 4719 2878 4781 solus.
2912 4718 3071 4780 Hinc
3102 4736 3320 4779 rursus
3353 4726 3565 4780 cantat
3593 4717 3928 4782 Psalmista
3962 4738 3976 4781 :

2498 4820 2630 4881 Non
2660 4826 2757 4880 est
2784 4817 3013 4879 similis
3046 4817 3140 4878 tui
3171 4817 3236 4878 in
3267 4816 3412 4893 diis,
3437 4816 3721 4894 Domine,
3754 4826 3819 4881 et
3852 4838 3980 4881 non
4010 4837 4073 4878 Ρ.
4074 4844 4215 4876 111111
4220 4832 4247 4867 s

2496 4924 2592 4978 est
2640 4914 2988 4977 secundum
3038 4932 3232 4995 opera
3280 4923 3406 4975 tua.
3439 4912 3981 4987 Quemadmodum

2500 5014 2671 5077 enim
2708 5012 3231 5094 incomparabilis
3270 5012 3597 5094 sapientia)
3638 5022 3831 5094 atque
3874 5034 3987 5097 po-

2503 5111 2717 5174 tentiae
2746 5119 2919 5173 actor
2948 5118 3044 5173 est
3074 5111 3257 5182 DeuS,
3294 5109 3385 5171 sic
3414 5110 3593 5172 decet
3624 5128 3815 5192 opera
3844 5113 3987 5193 ejus

2504 5208 2991 5293 praeclarissima
3037 5227 3197 5272 esse.
3250 5208 3445 5289 Cujus
3489 5208 3989 5292 incomparabile

2502 5326 2665 5390 opus
2694 5314 2791 5370 est
2814 5314 2981 5370 totus
3012 5307 3117 5370 hic
3148 5306 3544 5384 mundus,de
3562 5326 3692 5389 quo
3722 5308 3789 5369 in
3822 5308 3989 5372 libro
