4309 6259
1201 506 1551 552 ENARRA'HO
1594 505 1654 550 IN
1699 506 1836 551 GAP.
1883 504 1994 551 xlx
2032 504 2159 551 1013.
2204 526 2283 535 —
2325 507 2466 553 Aur.
2513 506 2652 551 xmv

3344 487 3457 549 561

362 680 759 753 deprecabar
781 678 1296 742 illum.Christus
1317 679 1488 741 enim
1513 698 1678 741 nunc
1699 678 1872 741 blan·
1898 676 1950 739 A
1978 678 2215 740 verbiis
2246 678 2539 741 Salomon
2570 678 2854 759 loquitur
2890 696 2902 739 :
2938 677 3079 755 Fili,
3107 677 3323 759 accipe
3355 678 3465 739 do-
3516 690 3754 746 Prona-1,

366 773 491 850 dis,
527 793 702 838 nunc
742 776 1174 857 promissoriis
1214 776 1618 839 sermonibus
1661 777 1870 839 horta-

365 871 556 933 batur
596 874 768 936 hunc
807 875 1118 957 populum
1161 877 1238 938 ad
1285 875 1596 954 salutem3
1649 883 1711 936 et
1754 874 1866 955 qui

365 979 516 1033 ante
555 990 672 1053 per
712 972 1056 1055 Prophetas
1107 983 1168 1037 et
1216 973 1374 1036 alios
1427 973 1546 1036 hoc
1599 974 1861 1053 peregit,

367 1068 628 1133 tandem
677 1073 744 1133 in
793 1072 1054 1153 propria
1102 1090 1375 1154 persona
1421 1072 1610 1134 homo
1661 1070 1864 1133 faetus

109 1192 136 1219 a
201 1192 226 1220 x
317 1211 328 1228 .
364 1167 485 1231 hoc
531 1168 709 1247 fecit,
743 1170 910 1233 sicut
948 1179 1012 1234 et
1053 1172 1244 1234 Isaias
1288 1170 1580 1253 praedixit
1615 1188 1629 1232 τ
1664 1171 1866 1231 Erunt

75 3850 302 3901 &oda-,2¹
315 3884 326 3895 .

121 4633 176 4676 1⁸.
194 4648 230 4683 ι,
249 4638 285 4679 1.

361 1266 536 1329 oculi
589 1268 680 1329 tui
727 1269 1016 1332 videntes
1062 1279 1512 1351 praeceptorem
1563 1278 1765 1345 tuum,
1801 1277 1864 1330 et

359 1382 552 1428 aures
598 1374 720 1429 tuae
757 1368 1020 1430 audient
1063 1385 1284 1431 vocem
1327 1376 1470 1449 post
1513 1376 1686 1446 terga
1731 1384 1863 1429 mo-

359 1464 598 1525 nentis.
639 1464 969 1542 Praeterea,
1009 1466 1296 1527 Christus
1339 1485 1509 1529 nunc
1552 1464 1860 1546 conqueri

357 1570 574 1643 potest
601 1563 736 1626 haec
767 1565 846 1627 de
875 1564 1094 1646 impiis
1122 1564 1497 1628 Christianis
1531 1582 1544 1627 ε
1579 1564 1692 1645 qui
1727 1563 1858 1627 side

355 1668 423 1722 et
471 1662 754 1739 nomine,
805 1681 934 1725 non
979 1663 1242 1726 caritate
1285 1672 1346 1726 et
1389 1671 1553 1739 actu,
1599 1662 1859 1743 inquili-

357 1759 424 1820 ni
465 1768 534 1822 et
569 1760 821 1824 ancillae
861 1770 1012 1823 sunt
1048 1763 1298 1839 domuS‚
1336 1762 1398 1823 id
1431 1770 1528 1824 est
1559 1760 1854 1823 Ecclesiae

1975 776 2245 837 ctrinam
2274 795 2503 852 meam,
2525 794 2665 856 quae
2690 774 2803 836 tibi
2826 773 3091 855 pulchra
3111 774 3233 835 erit
3264 791 3461 855 quum
3495 756 3561 804 ¹⁷’
3583 757 3647 799 ¹⁸·

1975 876 2295 955 acceperis
2334 894 2471 937 eam
2508 874 2573 935 in
2616 881 2835 935 ventre
2867 880 2997 935 tuo.
3041 873 3126 936 De
3164 872 3265 933 his
3306 872 3461 933 filiis

1973 972 2162 1035 lsaias
2195 981 2456 1035 testatur
2481 972 2711 1035 :Filios
2744 972 3022 1034 enutrivi
3062 980 3123 1034 et
3152 970 3457 1045 exaltavi3
3530 984 3705 1037 Ima.

1975 1071 2096 1152 ipsi
2135 1080 2347 1135 autem
2386 1080 2765 1154 spreverunt
2805 1089 2927 1133 me.
2960 1071 3206 1133 Judaeos
3250 1077 3459 1132 autem

1972 1170 2068 1249 (ut
2097 1170 2337 1233 dictum
2361 1172 2484 1250 est)
2503 1170 2787 1233 Christus
2818 1169 3009 1231 etiam
3030 1167 3463 1250 deprecatorie

1970 1268 2047 1330 ad
2079 1268 2346 1330 salutem
2376 1268 2790 1331 commonuit.

2049 1369 2257 1429 Stulti
2284 1389 2532 1449 quoque
2560 1368 2993 1446 despiciebant
3024 1383 3161 1426 me:
3179 1365 3349 1445 quod
3381 1364 3460 1427 de

1970 1466 2339 1529 Herodianis
2388 1475 2451 1530 et
2497 1466 2809 1528 ministris
2851 1465 3055 1541 Pilati,
3105 1464 3459 1544 ceterisque

1966 1565 2313 1642 gentilibus
2343 1565 2663 1628 Christum
2705 1562 3235 1645 persequentibus
3268 1580 3457 1644 opere

1967 1662 2067 1725 vel
2099 1682 2437 1741 consensu,
2460 1662 2821 1745 specialiter
2852 1661 3055 1743 accipi
3088 1668 3329 1742 potest3
3355 1659 3453 1721 vel

1965 1761 2043 1823 de
2075 1760 2264 1842 vulgo
2293 1760 2652 1824 Judaeorum
2686 1760 2963 1837 indocto,
2987 1760 3065 1822 de
3096 1776 3223 1840 quo
3256 1757 3457 1839 loqui-

353 1858 624 1933 Christi3
673 1868 953 1923 attamen
1005 1862 1326 1941 peccando
1370 1860 1449 1922 ab
1502 1860 1640 1941 ipso
1692 1878 1852 1922 rece-
1892 1864 1939 1926 B
1971 1866 2068 1920 tur
2109 1858 2411 1922 Ieremias
2447 1878 2460 1921 ε
2498 1860 2571 1921 Et
2610 1860 2763 1936 dixi,
2806 1858 3096 1921 Forsitan
3140 1875 3453 1940 pauperes
3509 1876 3603 1919 ιον.
3629 1878 3728 1929 ’,4.

354 1958 550 2034 dunt,
613 1966 676 2021 et
732 1960 911 2040 quasi
979 1960 1259 2022 alienum
1318 1968 1380 2023 et
1441 1958 1846 2041 peregrinum

353 2055 683 2119 Christum
723 2058 827 2121 hic
868 2058 1125 2135 habent,
1159 2060 1298 2139 ejus
1337 2059 1690 2121 doctrinam
1726 2076 1850 2120 non

357 2155 692 2232 intuendo,
723 2156 865 2237 ejus
905 2166 1221 2239 praecepta
1261 2158 1440 2238 parvi
1485 2150 1848 2238 pendendO,

355 2262 642 2317 mentem
686 2255 768 2318 ab
802 2255 943 2337 ipso
983 2255 1198 2318 viliter
1233 2256 1598 2317 avertendo.
1636 2254 1754 2317 Sed
1790 2264 1853 2316 et

353 2371 614 2417 servum
661 2374 871 2432 suum,
920 2355 1162 2418 scilicet
1207 2354 1518 2436 populum
1562 2354 1852 2417 christia-

355 2470 536 2529 num,
569 2453 859 2516 Christus
899 2454 1157 2535 proprio
1198 2472 1306 2516 ore
1337 2453 1606 2529 vocavit,
1644 2462 1848 2529 vocat,

349 2568 428 2612 ac
464 2551 866 2632 deprecatur,
910 2560 980 2614 ut
1015 2561 1419 2615 convertatur
1468 2562 1658 2633 atque
1703 2551 1852 2615 obe-

349 2649 511 2711 diat.
558 2650 756 2713 Vocat
799 2660 1012 2713 autem
1063 2670 1253 2730 nunc,
1307 2671 1420 2734 per
1468 2651 1844 2732 ScripturaS‚

347 2766 464 2829 per
503 2748 860 2827 angelicam
903 2749 1344 2827 directionem,
1380 2769 1492 2831 per
1533 2748 1848 2813 occultam

346 2844 864 2928 inspirationem,
899 2866 1012 2929 per
1057 2848 1461 2929 praelatorum
1505 2867 1578 2910 ac
1625 2846 1849 2928 praedi-

343 2951 636 3005 catorum
665 2952 859 3025 atque
888 2945 1219 3008 doctorum
1249 2945 1769 3007 admonitionem.

1965 1966 2110 2018 sunt
2152 1967 2216 2021 et
2260 1958 2459 2035 stulti,
2496 1958 2859 2037 ignorantes
2904 1955 3073 2017 viam
3104 1954 3353 2018 Domini
3392 1962 3455 2017 et

1961 2056 2275 2135 judicium
2305 2056 2414 2119 Dei
2446 2056 2567 2117 sui.
2601 2058 2687 2117 Ec
2718 2076 2921 2135 quum
2951 2056 3029 2114 ab
3056 2057 3147 2113 eis
3174 2054 3455 2113 recessis-

1961 2176 2107 2223 sem,
2121 2158 2540 2217 detrahebant
2562 2157 2728 2215 mihi
2742 2176 2765 2213 .·
2781 2154 2961 2234 Juxta
2982 2153 3140 2215 illud
3154 2151 3413 2215 Ioannis
3435 2168 3449 2211 ε

1965 2253 2241 2315 Murmur
2270 2254 2542 2315 multum
2574 2261 2708 2315 erat
2737 2254 2815 2315 de
2845 2271 2919 2315 eo
2959 2252 3024 2313 in
3067 2251 3272 2313 turba.
3308 2250 3453 2323 Qui·
3497 2275 3745 2329 mmmm,

1963 2353 2108 2414 dam
2145 2352 2316 2415 enim
2360 2352 2675 2429 dicebant,
2720 2352 2875 2425 Quia
2916 2350 3121 2412 bonus
3164 2357 3261 2411 est
3284 2368 3300 2429 ;
3340 2348 3451 2410 alii
3484 2342 3637 2391 12³³·

1964 2458 2175 2513 autem
2214 2450 2529 2526 dicebant,
2566 2450 2723 2526 Non,
2758 2450 2867 2512 sed
2914 2448 3166 2512 seducit
3206 2447 3445 2509 turbas.

1964 2549 2157 2611 Nemo
2189 2557 2399 2612 tamen
2428 2548 2638 2631 palam
2668 2548 3047 2630 loquebatur
3074 2549 3153 2609 de
3174 2545 3307 2609 illo.
3346 2547 3453 2608 De-

1965 2648 2189 2711 tractio
2219 2656 2427 2711 autem
2459 2647 2726 2711 mortale
2754 2654 3082 2729 peecatum
3112 2653 3227 2721 est,
3264 2644 3451 2707 valde

1964 2765 2175 2827 grave,
2209 2754 2271 2808 et
2314 2746 2570 2826 gravius
2616 2745 2811 2809 furto.
2853 2746 2995 2807 ldeo
3041 2744 3450 2807 Ecclesiastes

1962 2844 2120 2907 dixit
2155 2862 2169 2906 ε
2203 2845 2525 2918 Quomodo
2565 2844 2617 2905 si
2660 2845 2942 2907 mordeat
2980 2861 3239 2925 serpens
3269 2840 3335 2903 in
3370 2840 3453 2902 si·
3480 2864 3747 2920 flectemus.

1963 2943 2183 3020 lentio,
2220 2942 2382 3005 nihil
2422 2962 2495 3006 eo
2545 2942 2758 3004 minus
2806 2942 2999 3005 habet
3043 2941 3155 3022 qui
3204 2940 3452 3003 occulte

427 3044 740 3103 Halicum
767 3063 982 3104 meum
1001 3046 1340 3104 exhorruit
1373 3064 1541 3103 uxor
1571 3064 1712 3105 mea
1739 3042 1846 3106 :id
1886 3042 1930 3105 C
1961 3042 2258 3105 detrahit.
2298 3043 2475 3105 lusto
2520 3050 2733 3104 autem
2784 3041 3137 3117 detrahere,
3192 3058 3451 3122 prorsus

343 3147 467 3215 est,
500 3139 832 3221 Synagoga
870 3140 1026 3203 olim
1073 3160 1310 3222 sponsa
1357 3160 1640 3223 uxorque
1683 3161 1844 3219 mea,

347 3257 456 3301 me
489 3239 891 3302 incarnatum
923 3259 996 3302 ac
1038 3248 1413 3322 praesentem
1446 3240 1534 3302 ita
1572 3249 1853 3303 contem-

351 3336 508 3417 psit,
543 3337 718 3418 quod
747 3337 908 3399 mihi
950 3357 1355 3419 nequaquam
1395 3337 1598 3403 voluit
1625 3357 1854 3421 appro-

355 3435 676 3517 pinquare
710 3454 725 3497 ε
762 3436 892 3499 imo
929 3437 1143 3516 gravis
1173 3436 1230 3499 ei
1273 3436 1485 3499 exstiti
1525 3438 1605 3499 ad
1637 3438 1855 3500 viden-

355 3534 538 3611 dum,
589 3554 706 3598 nec
751 3534 956 3598 voluit
997 3554 1100 3597 me
1141 3536 1385 3598 audire.
1430 3536 1599 3597 Talis
1642 3545 1854 3598 autem

355 3633 612 3697 aversio
642 3634 803 3697 solet
841 3653 956 3716 per
992 3634 1228 3696 halitus
1261 3634 1728 3697 exhort-entiam
1758 3635 1858 3697 de-

355 3731 820 3811 signari.Unde
849 3733 916 3795 in
937 3733 1149 3797 Exodo
1180 3732 1304 3794 filii
1338 3733 1521 3795 lsrael
1558 3734 1856 3813 leguntur

357 3831 603 3893 dixisse
649 3832 842 3913 Moysi
896 3841 960 3894 et
1006 3834 1215 3894 Aaron
1258 3849 1272 3893 ε
1322 3831 1564 3895 Foetere
1615 3832 1856 3895 fecistis

355 3931 624 3994 odorem
655 3938 943 3992 nostrum
973 3949 1186 3993 eoram
1216 3930 1558 3993 Pharaone.
1585 3931 1727 3993 Fuit
1757 3951 1860 3993 au-

355 4037 488 4091 tem
521 4028 851 4111 Synagoga
879 4029 1034 4091 olim
1065 4048 1301 4111 sponsa
1327 4038 1388 4090 et
1419 4048 1575 4092 uxor
1605 4029 1852 4107 Christi,

354 4127 528 4189 sicut
559 4127 747 4189 modo
767 4126 1070 4203 Ecclesia,
1104 4128 1183 4189 de
1213 4146 1340 4209 qua
1367 4128 1570 4190 fertur
1600 4127 1666 4190 in
1697 4128 1858 4210 Apo·

353 4323 500 4403 ejus
559 4322 942 4405 praeparavit
996 4342 1085 4385 se.
1148 4322 1473 4405 synagoga
1532 4344 1682 4389 vero
1742 4343 1854 4407 per

351 4442 540 4485 suam
572 4420 1083 4485 incredulitatem
1115 4422 1280 4485 faeta
1308 4431 1404 4485 est
1431 4425 1714 4487 adultera
1734 4444 1854 4487 me·

353 4520 684 4601 retrixque
712 4520 974 4597 diaboli,
989 4540 1064 4583 ac
1095 4521 1423 4603 repudiata
1443 4541 1480 4583 a
1499 4523 1646 4599 De0‚
1666 4531 1855 4605 prout

353 4619 550 4681 Isaias
593 4619 686 4681 ait
717 4638 731 4681 ε
767 4618 916 4692 Quis
954 4628 1050 4682 est
1089 4619 1193 4681 hie
1236 4619 1399 4683 liber
1433 4622 1682 4703 repudii
1729 4641 1854 4685 ma-

355 4717 475 4780 tris
505 4726 753 4795 vestrae,
780 4737 908 4799 quo
937 4717 1153 4780 dimisi
1185 4722 1360 4780 eam?
1380 4721 1466 4780 Et
1491 4723 1752 4782 orabam
1781 4726 1856 4799 fi—

351 4820 478 4878 lios
505 4818 847 4888 uterimei,
872 4816 935 4879 id
967 4824 1063 4879 est
1090 4817 1359 4894 Judaeos,
1386 4836 1547 4898 quos
1576 4820 1854 4900 practice

349 4914 776 4995 intelligendo
829 4915 1061 4992 creavi,
1121 4924 1185 4977 et
1243 4915 1553 4996 sapientia
1611 4918 1845 4980 mentis

349 5032 514 5077 meae
558 5014 853 5075 instruxi.
902 5013 1126 5075 Uterus
1173 5014 1412 5095 quippe
1455 5016 1555 5094 (ut
1605 5016 1846 5079 dictum

349 5116 482 5193 est)
526 5132 646 5194 pro
695 5112 1019 5175 intellectu
1061 5131 1174 5175 seu
1221 5121 1432 5175 mente
1483 5112 1851 5195 frequenter

349 5211 694 5293 accipitur,
724 5211 834 5273 ubi
866 5212 1130 5274 interior
1168 5211 1399 5275 animae
1437 5212 1668 5294 proleS,
1702 5231 1849 5294 quae

350 5318 452 5373 est
473 5310 742 5374 verbum
774 5310 998 5393 ipsiuS,
1018 5310 1400 5393 concipitur.
1419 5312 1596 5374 Unde
1628 5311 1694 5373 in
1719 5312 1856 5375 Pro-

619 5446 685 5498 T.
719 5446 768 5495 4.

1963 3160 2222 3204 enorme
2252 3149 2367 3203 est.

2039 3242 2417 3301 Abominatz‘
2434 3250 2588 3301 sant
2620 3261 2720 3301 me
2738 3242 3066 3319 quondam
3086 3237 3454 3298 consiliarii

1961 3341 2110 3411 mei,
2143 3339 2439 3403 videlicet
2468 3340 2844 3415 sacerdoteS,
2881 3337 3115 3401 Scribae
3148 3344 3211 3399 et
3240 3335 3455 3397 Phari-

1963 3437 2069 3500 saei
2105 3438 2266 3519 :qui
2317 3438 2666 3501 consiliarii
2716 3436 2824 3500 Dei
2872 3456 2983 3499 seu
3030 3434 3263 3499 Christi
3317 3433 3454 3495 sue-

1965 3543 2134 3621 runt,
2153 3537 2334 3617 quasi
2365 3537 2441 3599 ad
2474 3536 2684 3618 ipsum
2715 3535 3126 3617 pertinenteS,
3154 3552 3283 3596 non
3304 3550 3454 3613 qua-

1966 3635 2018 3696 si
2062 3635 2121 3697 ei
2169 3635 2507 3698 consilium
2552 3635 3015 3717 impendenteS‚
3058 3634 3166 3696 sed
3217 3630 3454 3714 populo

1965 3735 2126 3815 ejuS.
2157 3734 2695 3809 Quemadmodum
2736 3733 2801 3795 in
2843 3733 3068 3795 Genesi
3115 3731 3240 3794 filii
3284 3731 3444 3794 Heth

1968 3833 2317 3914 loquuntur
2362 3833 2439 3895 ad
2488 3832 2826 3907 Abraham,
2877 3832 3177 3913 Princeps
3227 3830 3336 3893 Dei
3385 3850 3451 3893 es
3512 3857 3746 3908 offlam,

1964 3932 2133 4011 apud
2181 3950 2297 3994 nos
2333 3948 2347 3992 :
2379 3930 2490 3992 ubi
2534 3930 2658 3993 alia
2701 3930 3031 3993 translatio
3076 3929 3288 4006 habet,
3328 3928 3455 3990 Rex
3482 3921 3524 3963 ⁶·

1966 4028 2076 4091 Dei
2108 4048 2176 4091 es
2206 4030 2373 4110 apud
2404 4048 2541 4092 nOS.
2578 4032 2667 4090 Et
2694 4050 2881 4109 quem
2911 4030 3194 4090 maoet'me
3221 4028 3453 4104 dilige-

1965 4130 2131 4199 bam,
2166 4138 2496 4189 aversacus
2524 4138 2615 4189 est
2650 4149 2768 4189 me.
2802 4127 3016 4191 Posset
3053 4128 3172 4189 hoe
3211 4124 3451 4208 exponi

237 4252 322 4289 nx.
353 4223 604 4307 calypsi
641 4242 654 4285 :
688 4225 1016 4287 Venerunt
1067 4225 1307 4306 nuptiae
1356 4225 1538 4306 Agni,
1587 4234 1650 4289 et
1699 4245 1854 4289 uxor
1886 4229 1935 4290 D
1966 4227 2042 4289 de
2059 4227 2217 4289 Juda
2245 4227 2589 4308 proditore,
2614 4245 2805 4307 quem
2834 4225 3119 4288 Christus
3151 4224 3446 4301 maxime,
3496 4292 3501 4297 ,

1965 4326 2028 4387 id
2073 4334 2169 4389 est
2199 4326 2382 4388 valde
2424 4325 2718 4401 multum,
2749 4324 2991 4401 dilexit,
3025 4332 3335 4406 quantum
3368 4324 3445 4386 ad

1963 4425 2261 4487 amicitiae
2300 4425 2501 4504 signa,
2537 4432 2599 4487 et
2643 4422 2963 4487 beneficia
2995 4423 3215 4504 gratiae
3255 4422 3451 4504 gratis

1962 4524 2143 4585 datae.
2198 4523 2352 4584 Nam
2401 4521 2553 4585 fecit
2612 4542 2758 4585 eum
2803 4521 3177 4604 Apostolum
3234 4541 3441 4599 suum,

1963 4629 2564 4704 procuratoremque
2601 4638 2614 4683 :
2650 4629 2715 4685 et
2746 4620 2910 4684 forte
2939 4622 3017 4684 ad
3052 4630 3299 4703 tempus
3329 4619 3454 4682 suit
3510 4642 3746 4693 amma,

1964 4720 2031 4782 in
2059 4720 2322 4783 caritate
2340 4728 2403 4783 et
2422 4719 2645 4800 gratia.
2666 4720 2949 4801 Denique
2971 4721 3267 4802 princeps
3290 4720 3453 4801 Apo·
3486 4706 3527 4755 ⁶³
3544 4718 3629 4754 '¹¹¹¹’
3645 4706 3713 4746 ²⁹·

1963 4818 2269 4882 stolorum
2301 4837 2410 4882 ore
2441 4826 2623 4882 tenus
2643 4838 2790 4881 eum
2811 4818 3450 4882 anathematizatione
3511 4838 3749 4889 Marem,

1962 4936 2036 4980 ac
2082 4918 2444 4997 juramento
2488 4917 2807 4980 Christum
2854 4917 3129 4998 negavit.
3185 4917 3452 4996 lnsuper
3486 4902 3555 4945 ⁷¹·

1963 5016 2118 5079 ordo
2147 5013 2541 5096 pontificalis
2569 5034 2700 5096 prae
2730 5015 2955 5078 ceteris
2978 5034 3014 5076 a
3035 5014 3160 5077 Deo
3191 5014 3449 5087 electuS‚

1963 5113 2285 5177 Christum
2322 5113 2683 5195 specialiter
2728 5113 3011 5176 noscitur
3051 5119 3453 5194 persecutuS.

2045 5214 2218 5276 Pelei
2244 5233 2423 5282 meoe,
2450 5215 2844 5289 consumptis
2880 5214 3209 5283 carnibm,
3240 5213 3461 5271 adlue-

1963 5314 2138 5373 sitos
2170 5332 2404 5373 meum.
2431 5312 2739 5393 Tempore
2772 5310 3110 5393 passioniS,
3146 5308 3457 5388 sanguine
3520 5348 3523 5351 ·

3153 5443 3216 5495 36
