<?xml version="1.0" encoding="UTF-8"?>
<!DOCTYPE html PUBLIC "-//W3C//DTD XHTML 1.0 Transitional//EN"
    "http://www.w3.org/TR/xhtml1/DTD/xhtml1-transitional.dtd">
<html xmlns="http://www.w3.org/1999/xhtml" xml:lang="en" lang="en">
 <head>
  <title>
</title>
<meta http-equiv="Content-Type" content="text/html;charset=utf-8" />
  <meta name='ocr-system' content='tesseract 3.04.00' />
  <meta name='ocr-capabilities' content='ocr_page ocr_carea ocr_par ocr_line ocrx_word'/>
</head>
<body>
  <div class='ocr_page' id='page_1' title='image "./doctorisecstati06unkngoog_0038.png"; bbox 0 0 4309 6259; ppageno 0'>
   <div class='ocr_carea' id='block_1_1' title="bbox 876 494 3351 559">
    <p class='ocr_par' dir='ltr' id='par_1_1' title="bbox 876 494 3351 559">
     <span class='ocr_line' id='line_1_1' title="bbox 876 494 3351 559; baseline -0.006 0"><span class='ocrx_word' id='word_1_1' title='bbox 876 494 956 559; x_wconf 77' lang='lat'><em>22</em></span> <span class='ocrx_word' id='word_1_2' title='bbox 1490 510 1836 556; x_wconf 56' lang='lat' dir='ltr'><em>mannum</em></span> <span class='ocrx_word' id='word_1_3' title='bbox 1879 508 1941 555; x_wconf 73' lang='lat' dir='ltr'><em>m</em></span> <span class='ocrx_word' id='word_1_4' title='bbox 1981 508 2119 554; x_wconf 63' lang='lat' dir='ltr'><em>car.</em></span> <span class='ocrx_word' id='word_1_5' title='bbox 2166 506 2227 552; x_wconf 77' lang='lat' dir='ltr'><em>iv</em></span> <span class='ocrx_word' id='word_1_6' title='bbox 2270 504 2427 552; x_wconf 76' lang='lat' dir='ltr'><em>unm</em></span> <span class='ocrx_word' id='word_1_7' title='bbox 2468 503 2692 558; x_wconf 59' lang='lat' dir='ltr'><em>cusan</em></span> <span class='ocrx_word' id='word_1_8' title='bbox 2734 503 2960 549; x_wconf 70' lang='lat' dir='ltr'><em>nucum.</em></span> <span class='ocrx_word' id='word_1_9' title='bbox 3004 520 3085 531; x_wconf 96' lang='lat'><strong>—</strong></span> <span class='ocrx_word' id='word_1_10' title='bbox 3124 502 3269 547; x_wconf 63' lang='lat' dir='ltr'><em>aar.</em></span> <span class='ocrx_word' id='word_1_11' title='bbox 3314 500 3351 544; x_wconf 83' lang='lat' dir='ltr'>v</span> 
     </span>
    </p>
   </div>
   <div class='ocr_carea' id='block_1_2' title="bbox 582 669 3959 766">
    <p class='ocr_par' dir='ltr' id='par_1_2' title="bbox 582 669 3959 766">
     <span class='ocr_line' id='line_1_2' title="bbox 582 669 3959 766; baseline -0.005 -17"><span class='ocrx_word' id='word_1_12' title='bbox 582 704 849 757; x_wconf 62' lang='lat' dir='ltr'><em>amu-1.</em></span> <span class='ocrx_word' id='word_1_13' title='bbox 879 686 1026 761; x_wconf 86' lang='lat' dir='ltr'><em>Lex,</em></span> <span class='ocrx_word' id='word_1_14' title='bbox 1062 683 1292 766; x_wconf 88' lang='lat' dir='ltr'><em>inquit,</em></span> <span class='ocrx_word' id='word_1_15' title='bbox 1328 700 1441 764; x_wconf 89' lang='lat' dir='ltr'><em>per</em></span> <span class='ocrx_word' id='word_1_16' title='bbox 1471 680 1722 763; x_wconf 81' lang='lat' dir='ltr'><strong>Moysen</strong></span> <span class='ocrx_word' id='word_1_17' title='bbox 1751 679 1897 741; x_wconf 85' lang='lat' dir='ltr'><em>data</em></span> <span class='ocrx_word' id='word_1_18' title='bbox 1925 685 2042 753; x_wconf 89' lang='lat' dir='ltr'><em>est,</em></span> <span class='ocrx_word' id='word_1_19' title='bbox 2077 674 2282 757; x_wconf 88' lang='lat' dir='ltr'><em>gratia</em></span> <span class='ocrx_word' id='word_1_20' title='bbox 2302 682 2365 737; x_wconf 90' lang='lat' dir='ltr'><em>et</em></span> <span class='ocrx_word' id='word_1_21' title='bbox 2392 672 2442 735; x_wconf 80' lang='lat' dir='ltr'>A</span> <span class='ocrx_word' id='word_1_22' title='bbox 2471 675 2702 751; x_wconf 80' lang='lat' dir='ltr'><em>fames,</em></span> <span class='ocrx_word' id='word_1_23' title='bbox 2736 672 2801 734; x_wconf 90' lang='lat' dir='ltr'><em>id</em></span> <span class='ocrx_word' id='word_1_24' title='bbox 2845 680 2943 734; x_wconf 87' lang='lat' dir='ltr'><em>est</em></span> <span class='ocrx_word' id='word_1_25' title='bbox 2983 670 3259 747; x_wconf 89' lang='lat' dir='ltr'><em>caristia,</em></span> <span class='ocrx_word' id='word_1_26' title='bbox 3299 673 3370 731; x_wconf 85' lang='lat' dir='ltr'><em>in</em></span> <span class='ocrx_word' id='word_1_27' title='bbox 3407 680 3577 731; x_wconf 84' lang='lat' dir='ltr'><em>terra</em></span> <span class='ocrx_word' id='word_1_28' title='bbox 3606 669 3793 733; x_wconf 87' lang='lat' dir='ltr'><em>Israel</em></span> <span class='ocrx_word' id='word_1_29' title='bbox 3826 688 3959 753; x_wconf 89' lang='lat' dir='ltr'><em>pro-</em></span> 
     </span>
    </p>
   </div>
   <div class='ocr_carea' id='block_1_3' title="bbox 877 775 2372 1843">
    <p class='ocr_par' dir='ltr' id='par_1_3' title="bbox 877 775 2372 1843">
     <span class='ocr_line' id='line_1_3' title="bbox 881 775 2367 864; baseline -0.009 -18"><span class='ocrx_word' id='word_1_30' title='bbox 881 783 1115 847; x_wconf 86' lang='lat' dir='ltr'><em>veritas</em></span> <span class='ocrx_word' id='word_1_31' title='bbox 1145 800 1258 864; x_wconf 91' lang='lat' dir='ltr'><em>per</em></span> <span class='ocrx_word' id='word_1_32' title='bbox 1291 782 1504 845; x_wconf 80' lang='lat' dir='ltr'><em>Iesum</em></span> <span class='ocrx_word' id='word_1_33' title='bbox 1534 778 1852 843; x_wconf 84' lang='lat' dir='ltr'>Christum</span> <span class='ocrx_word' id='word_1_34' title='bbox 1901 775 2066 839; x_wconf 79' lang='lat' dir='ltr'><em>faeta</em></span> <span class='ocrx_word' id='word_1_35' title='bbox 2099 783 2216 837; x_wconf 90' lang='lat' dir='ltr'><em>est.</em></span> <span class='ocrx_word' id='word_1_36' title='bbox 2250 776 2367 835; x_wconf 84' lang='lat' dir='ltr'><em>Re-</em></span> 
     </span>
     <span class='ocr_line' id='line_1_4' title="bbox 879 875 2369 963; baseline -0.007 -20"><span class='ocrx_word' id='word_1_37' title='bbox 879 902 1222 963; x_wconf 83' lang='lat' dir='ltr'><em>versusque</em></span> <span class='ocrx_word' id='word_1_38' title='bbox 1250 890 1340 941; x_wconf 88' lang='lat' dir='ltr'><em>est</em></span> <span class='ocrx_word' id='word_1_39' title='bbox 1369 882 1444 940; x_wconf 89' lang='lat' dir='ltr'><em>in</em></span> <span class='ocrx_word' id='word_1_40' title='bbox 1473 898 1808 939; x_wconf 88' lang='lat' dir='ltr'><em>occursum</em></span> <span class='ocrx_word' id='word_1_41' title='bbox 1838 877 2000 953; x_wconf 81' lang='lat' dir='ltr'><em>ejus,</em></span> <span class='ocrx_word' id='word_1_42' title='bbox 2017 884 2076 935; x_wconf 87' lang='lat' dir='ltr'><em>et</em></span> <span class='ocrx_word' id='word_1_43' title='bbox 2107 875 2369 934; x_wconf 84' lang='lat' dir='ltr'><em>nuntia·</em></span> 
     </span>
     <span class='ocr_line' id='line_1_5' title="bbox 879 974 2104 1051; baseline -0.008 -9"><span class='ocrx_word' id='word_1_44' title='bbox 879 982 975 1042; x_wconf 88' lang='lat' dir='ltr'><em>vit</em></span> <span class='ocrx_word' id='word_1_45' title='bbox 1000 983 1087 1051; x_wconf 85' lang='lat' dir='ltr'><em>ei,</em></span> <span class='ocrx_word' id='word_1_46' title='bbox 1120 982 1338 1040; x_wconf 82' lang='lat' dir='ltr'><em>dicens</em></span> <span class='ocrx_word' id='word_1_47' title='bbox 1367 997 1390 1039; x_wconf 95' lang='lat'><em>.·</em></span> <span class='ocrx_word' id='word_1_48' title='bbox 1422 980 1570 1039; x_wconf 88' lang='lat' dir='ltr'><em>Non</em></span> <span class='ocrx_word' id='word_1_49' title='bbox 1607 974 1893 1036; x_wconf 73' lang='lat' dir='ltr'><em>surrexit</em></span> <span class='ocrx_word' id='word_1_50' title='bbox 1915 993 2104 1051; x_wconf 80' lang='lat' dir='ltr'><em>puer.</em></span> 
     </span>
     <span class='ocr_line' id='line_1_6' title="bbox 959 1071 2370 1156; baseline -0.006 -17"><span class='ocrx_word' id='word_1_51' title='bbox 959 1083 1292 1156; x_wconf 56' lang='lat' dir='ltr'><em>Ingressus</em></span> <span class='ocrx_word' id='word_1_52' title='bbox 1333 1087 1423 1136; x_wconf 88' lang='lat' dir='ltr'><em>est</em></span> <span class='ocrx_word' id='word_1_53' title='bbox 1471 1094 1618 1151; x_wconf 68' lang='lat' dir='ltr'><em>erqo</em></span> <span class='ocrx_word' id='word_1_54' title='bbox 1665 1075 1920 1135; x_wconf 80' lang='lat' dir='ltr'><em>Eliseus</em></span> <span class='ocrx_word' id='word_1_55' title='bbox 1961 1074 2249 1131; x_wconf 87' lang='lat' dir='ltr'><em>domum.</em></span> <span class='ocrx_word' id='word_1_56' title='bbox 2284 1071 2370 1130; x_wconf 81' lang='lat' dir='ltr'><em>Ec</em></span> 
     </span>
     <span class='ocr_line' id='line_1_7' title="bbox 877 1170 2364 1255; baseline -0.006 -17"><span class='ocrx_word' id='word_1_57' title='bbox 877 1198 1011 1237; x_wconf 90' lang='lat' dir='ltr'><em>ecce</em></span> <span class='ocrx_word' id='word_1_58' title='bbox 1041 1197 1211 1255; x_wconf 83' lang='lat' dir='ltr'><em>puer</em></span> <span class='ocrx_word' id='word_1_59' title='bbox 1239 1185 1529 1237; x_wconf 82' lang='lat' dir='ltr'><em>mortuus</em></span> <span class='ocrx_word' id='word_1_60' title='bbox 1543 1175 1805 1251; x_wconf 85' lang='lat' dir='ltr'><em>jacebat</em></span> <span class='ocrx_word' id='word_1_61' title='bbox 1833 1173 1908 1231; x_wconf 89' lang='lat' dir='ltr'><em>in</em></span> <span class='ocrx_word' id='word_1_62' title='bbox 1947 1172 2175 1229; x_wconf 88' lang='lat' dir='ltr'><em>lectulo</em></span> <span class='ocrx_word' id='word_1_63' title='bbox 2204 1170 2364 1246; x_wconf 82' lang='lat' dir='ltr'><em>ejus.</em></span> 
     </span>
     <span class='ocr_line' id='line_1_8' title="bbox 879 1272 2370 1355; baseline -0.005 -19"><span class='ocrx_word' id='word_1_64' title='bbox 879 1280 1359 1355; x_wconf 59' lang='lat' dir='ltr'><em>Ingressusque,</em></span> <span class='ocrx_word' id='word_1_65' title='bbox 1401 1274 1638 1333; x_wconf 82' lang='lat' dir='ltr'><em>clausit</em></span> <span class='ocrx_word' id='word_1_66' title='bbox 1687 1272 1924 1331; x_wconf 88' lang='lat' dir='ltr'><em>ostium</em></span> <span class='ocrx_word' id='word_1_67' title='bbox 1963 1288 2158 1345; x_wconf 81' lang='lat' dir='ltr'><em>super</em></span> <span class='ocrx_word' id='word_1_68' title='bbox 2204 1288 2267 1326; x_wconf 88' lang='lat' dir='ltr'><em>se</em></span> <span class='ocrx_word' id='word_1_69' title='bbox 2310 1277 2370 1328; x_wconf 87' lang='lat' dir='ltr'><em>el</em></span> 
     </span>
     <span class='ocr_line' id='line_1_9' title="bbox 879 1368 2369 1453; baseline -0.004 -19"><span class='ocrx_word' id='word_1_70' title='bbox 879 1394 1072 1453; x_wconf 83' lang='lat' dir='ltr'><em>super</em></span> <span class='ocrx_word' id='word_1_71' title='bbox 1092 1392 1400 1450; x_wconf 80' lang='lat' dir='ltr'><em>puerum,</em></span> <span class='ocrx_word' id='word_1_72' title='bbox 1430 1381 1491 1431; x_wconf 88' lang='lat' dir='ltr'><em>et</em></span> <span class='ocrx_word' id='word_1_73' title='bbox 1517 1371 1729 1431; x_wconf 86' lang='lat' dir='ltr'><em>oravit</em></span> <span class='ocrx_word' id='word_1_74' title='bbox 1759 1371 1848 1429; x_wconf 86' lang='lat' dir='ltr'><em>ad</em></span> <span class='ocrx_word' id='word_1_75' title='bbox 1871 1368 2219 1429; x_wconf 85' lang='lat' dir='ltr'><em>Dominum</em></span> <span class='ocrx_word' id='word_1_76' title='bbox 2254 1384 2369 1448; x_wconf 89' lang='lat' dir='ltr'><em>pro</em></span> 
     </span>
     <span class='ocr_line' id='line_1_10' title="bbox 882 1463 2365 1554; baseline -0.007 -20"><span class='ocrx_word' id='word_1_77' title='bbox 882 1470 1067 1554; x_wconf 87' lang='lat' dir='ltr'><em>pueri</em></span> <span class='ocrx_word' id='word_1_78' title='bbox 1111 1470 1544 1533; x_wconf 81' lang='lat' dir='ltr'><strong>suscitatione.</strong></span> <span class='ocrx_word' id='word_1_79' title='bbox 1583 1472 1666 1530; x_wconf 83' lang='lat' dir='ltr'><em>Et</em></span> <span class='ocrx_word' id='word_1_80' title='bbox 1709 1467 1996 1528; x_wconf 84' lang='lat' dir='ltr'><em>ascendit</em></span> <span class='ocrx_word' id='word_1_81' title='bbox 2038 1463 2365 1539; x_wconf 90' lang='lat' dir='ltr'><em>lectulum,</em></span> 
     </span>
     <span class='ocr_line' id='line_1_11' title="bbox 879 1566 2372 1645; baseline -0.006 -15"><span class='ocrx_word' id='word_1_82' title='bbox 879 1580 938 1631; x_wconf 88' lang='lat' dir='ltr'><em>et</em></span> <span class='ocrx_word' id='word_1_83' title='bbox 987 1571 1282 1630; x_wconf 79' lang='lat' dir='ltr'><em>incubuit</em></span> <span class='ocrx_word' id='word_1_84' title='bbox 1336 1587 1527 1645; x_wconf 82' lang='lat' dir='ltr'><em>super</em></span> <span class='ocrx_word' id='word_1_85' title='bbox 1567 1585 1875 1644; x_wconf 85' lang='lat' dir='ltr'><em>puerum,</em></span> <span class='ocrx_word' id='word_1_86' title='bbox 1921 1566 2262 1642; x_wconf 67' lang='lat' dir='ltr'><em>posuitque</em></span> <span class='ocrx_word' id='word_1_87' title='bbox 2304 1583 2372 1622; x_wconf 86' lang='lat' dir='ltr'><em>os</em></span> 
     </span>
     <span class='ocr_line' id='line_1_12' title="bbox 879 1667 2372 1745; baseline -0.006 -16"><span class='ocrx_word' id='word_1_88' title='bbox 879 1689 1076 1729; x_wconf 87' lang='lat' dir='ltr'><em>suum</em></span> <span class='ocrx_word' id='word_1_89' title='bbox 1123 1686 1316 1745; x_wconf 86' lang='lat' dir='ltr'><em>super</em></span> <span class='ocrx_word' id='word_1_90' title='bbox 1351 1686 1416 1727; x_wconf 88' lang='lat' dir='ltr'><em>os</em></span> <span class='ocrx_word' id='word_1_91' title='bbox 1457 1667 1619 1743; x_wconf 85' lang='lat' dir='ltr'><em>ejus,</em></span> <span class='ocrx_word' id='word_1_92' title='bbox 1651 1674 1712 1724; x_wconf 91' lang='lat' dir='ltr'><em>et</em></span> <span class='ocrx_word' id='word_1_93' title='bbox 1753 1668 1963 1724; x_wconf 86' lang='lat' dir='ltr'><em>oculos</em></span> <span class='ocrx_word' id='word_1_94' title='bbox 2000 1682 2144 1723; x_wconf 89' lang='lat' dir='ltr'><em>suos</em></span> <span class='ocrx_word' id='word_1_95' title='bbox 2180 1681 2372 1738; x_wconf 83' lang='lat' dir='ltr'><em>super</em></span> 
     </span>
     <span class='ocr_line' id='line_1_13' title="bbox 881 1767 2371 1843; baseline -0.005 -16"><span class='ocrx_word' id='word_1_96' title='bbox 881 1770 1093 1827; x_wconf 86' lang='lat' dir='ltr'><em>oculos</em></span> <span class='ocrx_word' id='word_1_97' title='bbox 1129 1767 1293 1843; x_wconf 70' lang='lat' dir='ltr'><em>ejuS,</em></span> <span class='ocrx_word' id='word_1_98' title='bbox 1335 1775 1395 1825; x_wconf 88' lang='lat' dir='ltr'><em>et</em></span> <span class='ocrx_word' id='word_1_99' title='bbox 1434 1784 1669 1825; x_wconf 83' lang='lat' dir='ltr'><em>manus</em></span> <span class='ocrx_word' id='word_1_100' title='bbox 1713 1782 1866 1823; x_wconf 82' lang='lat' dir='ltr'><em>suas</em></span> <span class='ocrx_word' id='word_1_101' title='bbox 1906 1782 2099 1839; x_wconf 77' lang='lat' dir='ltr'><em>super</em></span> <span class='ocrx_word' id='word_1_102' title='bbox 2139 1782 2371 1821; x_wconf 87' lang='lat' dir='ltr'><em>manus</em></span> 
     </span>
    </p>
   </div>
   <div class='ocr_carea' id='block_1_4' title="bbox 2466 769 3969 1843">
    <p class='ocr_par' dir='ltr' id='par_1_4' title="bbox 2466 769 3969 1843">
     <span class='ocr_line' id='line_1_14' title="bbox 2475 769 3962 856; baseline -0.003 -21"><span class='ocrx_word' id='word_1_103' title='bbox 2475 781 2615 856; x_wconf 87' lang='lat' dir='ltr'><em>pter</em></span> <span class='ocrx_word' id='word_1_104' title='bbox 2660 772 3137 835; x_wconf 87' lang='lat' dir='ltr'><em>idololatrarum</em></span> <span class='ocrx_word' id='word_1_105' title='bbox 3192 769 3511 845; x_wconf 81' lang='lat' dir='ltr'><em>facinora3</em></span> <span class='ocrx_word' id='word_1_106' title='bbox 3555 781 3614 831; x_wconf 85' lang='lat' dir='ltr'><em>et</em></span> <span class='ocrx_word' id='word_1_107' title='bbox 3652 772 3787 847; x_wconf 78' lang='lat' dir='ltr'><em>filii</em></span> <span class='ocrx_word' id='word_1_108' title='bbox 3820 790 3962 847; x_wconf 81' lang='lat' dir='ltr'><em>pro-</em></span> 
     </span>
     <span class='ocr_line' id='line_1_15' title="bbox 2466 869 3965 952; baseline -0.003 -19"><span class='ocrx_word' id='word_1_109' title='bbox 2466 877 2839 951; x_wconf 74' lang='lat' dir='ltr'><em>phetarum,</em></span> <span class='ocrx_word' id='word_1_110' title='bbox 2874 870 2993 933; x_wconf 89' lang='lat' dir='ltr'><em>hoc</em></span> <span class='ocrx_word' id='word_1_111' title='bbox 3036 878 3133 932; x_wconf 91' lang='lat' dir='ltr'><em>est</em></span> <span class='ocrx_word' id='word_1_112' title='bbox 3172 869 3473 952; x_wconf 89' lang='lat' dir='ltr'><em>discipuli</em></span> <span class='ocrx_word' id='word_1_113' title='bbox 3513 888 3755 945; x_wconf 88' lang='lat' dir='ltr'><em>eorum,</em></span> <span class='ocrx_word' id='word_1_114' title='bbox 3788 872 3965 929; x_wconf 80' lang='lat' dir='ltr'><em>habi-</em></span> 
     </span>
     <span class='ocr_line' id='line_1_16' title="bbox 2478 970 3965 1047; baseline -0.002 -15"><span class='ocrx_word' id='word_1_115' title='bbox 2478 974 2700 1032; x_wconf 86' lang='lat' dir='ltr'><em>tabant</em></span> <span class='ocrx_word' id='word_1_116' title='bbox 2730 991 2948 1031; x_wconf 89' lang='lat' dir='ltr'><em>coram</em></span> <span class='ocrx_word' id='word_1_117' title='bbox 2976 990 3067 1030; x_wconf 88' lang='lat' dir='ltr'><em>e0.</em></span> <span class='ocrx_word' id='word_1_118' title='bbox 3102 970 3420 1047; x_wconf 74' lang='lat' dir='ltr'><em>Dixitque</em></span> <span class='ocrx_word' id='word_1_119' title='bbox 3451 970 3572 1029; x_wconf 82' lang='lat' dir='ltr'><em>uni</em></span> <span class='ocrx_word' id='word_1_120' title='bbox 3598 972 3678 1029; x_wconf 83' lang='lat' dir='ltr'><em>de</em></span> <span class='ocrx_word' id='word_1_121' title='bbox 3696 970 3923 1045; x_wconf 80' lang='lat' dir='ltr'><em>pueris</em></span> <span class='ocrx_word' id='word_1_122' title='bbox 3943 988 3965 1029; x_wconf 91' lang='lat'><em>.·</em></span> 
     </span>
     <span class='ocr_line' id='line_1_17' title="bbox 2479 1071 3967 1147; baseline -0.004 -14"><span class='ocrx_word' id='word_1_123' title='bbox 2479 1074 2653 1133; x_wconf 84' lang='lat' dir='ltr'><em>Pone</em></span> <span class='ocrx_word' id='word_1_124' title='bbox 2682 1074 2882 1131; x_wconf 87' lang='lat' dir='ltr'><em>ollam</em></span> <span class='ocrx_word' id='word_1_125' title='bbox 2894 1072 3238 1145; x_wconf 63' lang='lat' dir='ltr'><em>,qv-andem,</em></span> <span class='ocrx_word' id='word_1_126' title='bbox 3260 1078 3320 1128; x_wconf 90' lang='lat' dir='ltr'><em>et</em></span> <span class='ocrx_word' id='word_1_127' title='bbox 3348 1088 3541 1147; x_wconf 82' lang='lat' dir='ltr'><em>coque</em></span> <span class='ocrx_word' id='word_1_128' title='bbox 3554 1071 3967 1146; x_wconf 74' lang='lat' dir='ltr'><em>pulmentum</em></span> 
     </span>
     <span class='ocr_line' id='line_1_18' title="bbox 2476 1169 3967 1247; baseline 0 -20"><span class='ocrx_word' id='word_1_129' title='bbox 2476 1170 2641 1247; x_wconf 80' lang='lat' dir='ltr'><em>filiis</em></span> <span class='ocrx_word' id='word_1_130' title='bbox 2680 1170 3168 1247; x_wconf 76' lang='lat' dir='ltr'><em>prophetarum.</em></span> <span class='ocrx_word' id='word_1_131' title='bbox 3210 1169 3297 1227; x_wconf 85' lang='lat' dir='ltr'><em>El</em></span> <span class='ocrx_word' id='word_1_132' title='bbox 3342 1186 3624 1243; x_wconf 73' lang='lat' dir='ltr'><em>eyressus</em></span> <span class='ocrx_word' id='word_1_133' title='bbox 3668 1175 3758 1226; x_wconf 90' lang='lat' dir='ltr'><em>est</em></span> <span class='ocrx_word' id='word_1_134' title='bbox 3800 1186 3967 1227; x_wconf 83' lang='lat' dir='ltr'><em>unus</em></span> 
     </span>
     <span class='ocr_line' id='line_1_19' title="bbox 2479 1266 3967 1343; baseline 0 -18"><span class='ocrx_word' id='word_1_135' title='bbox 2479 1269 2547 1327; x_wconf 81' lang='lat' dir='ltr'><em>in</em></span> <span class='ocrx_word' id='word_1_136' title='bbox 2582 1286 2840 1343; x_wconf 66' lang='lat' dir='ltr'><em>aarum,</em></span> <span class='ocrx_word' id='word_1_137' title='bbox 2866 1276 2939 1327; x_wconf 85' lang='lat' dir='ltr'><em>ut</em></span> <span class='ocrx_word' id='word_1_138' title='bbox 2966 1268 3290 1341; x_wconf 72' lang='lat' dir='ltr'><em>colliyeret</em></span> <span class='ocrx_word' id='word_1_139' title='bbox 3312 1266 3538 1324; x_wconf 80' lang='lat' dir='ltr'><em>herbas</em></span> <span class='ocrx_word' id='word_1_140' title='bbox 3556 1266 3967 1341; x_wconf 70' lang='lat' dir='ltr'><em>ayrestes,in-</em></span> 
     </span>
     <span class='ocr_line' id='line_1_20' title="bbox 2480 1366 3967 1445; baseline -0.001 -20"><span class='ocrx_word' id='word_1_141' title='bbox 2480 1368 2779 1445; x_wconf 84' lang='lat' dir='ltr'><em>venitque</em></span> <span class='ocrx_word' id='word_1_142' title='bbox 2797 1367 2988 1444; x_wconf 82' lang='lat' dir='ltr'><em>quasi</em></span> <span class='ocrx_word' id='word_1_143' title='bbox 3019 1367 3213 1425; x_wconf 88' lang='lat' dir='ltr'><em>vitem</em></span> <span class='ocrx_word' id='word_1_144' title='bbox 3234 1366 3616 1432; x_wconf 78' lang='lat' dir='ltr'><em>silvestrem,</em></span> <span class='ocrx_word' id='word_1_145' title='bbox 3638 1372 3697 1423; x_wconf 88' lang='lat' dir='ltr'><em>et</em></span> <span class='ocrx_word' id='word_1_146' title='bbox 3720 1366 3967 1441; x_wconf 60' lang='lat' dir='ltr'><em>collegit</em></span> 
     </span>
     <span class='ocr_line' id='line_1_21' title="bbox 2477 1463 3969 1541; baseline -0.002 -17"><span class='ocrx_word' id='word_1_147' title='bbox 2477 1487 2559 1524; x_wconf 69' lang='lat' dir='ltr'><em>az:</em></span> <span class='ocrx_word' id='word_1_148' title='bbox 2587 1486 2661 1525; x_wconf 91' lang='lat' dir='ltr'><em>ca</em></span> <span class='ocrx_word' id='word_1_149' title='bbox 2692 1466 3175 1541; x_wconf 78' lang='lat' dir='ltr'><em>colocynthidas</em></span> <span class='ocrx_word' id='word_1_150' title='bbox 3206 1464 3379 1539; x_wconf 69' lang='lat' dir='ltr'><em>ayri,</em></span> <span class='ocrx_word' id='word_1_151' title='bbox 3408 1472 3469 1523; x_wconf 86' lang='lat' dir='ltr'><em>el</em></span> <span class='ocrx_word' id='word_1_152' title='bbox 3516 1463 3809 1540; x_wconf 85' lang='lat' dir='ltr'><em>implevit</em></span> <span class='ocrx_word' id='word_1_153' title='bbox 3831 1466 3969 1539; x_wconf 86' lang='lat' dir='ltr'><em>pal-</em></span> 
     </span>
     <span class='ocr_line' id='line_1_22' title="bbox 2481 1562 3966 1631; baseline -0.002 -8"><span class='ocrx_word' id='word_1_154' title='bbox 2481 1567 2645 1623; x_wconf 88' lang='lat' dir='ltr'><em>lium</em></span> <span class='ocrx_word' id='word_1_155' title='bbox 2676 1584 2893 1631; x_wconf 85' lang='lat' dir='ltr'><em>suum,</em></span> <span class='ocrx_word' id='word_1_156' title='bbox 2923 1572 2983 1623; x_wconf 79' lang='lat' dir='ltr'><em>et</em></span> <span class='ocrx_word' id='word_1_157' title='bbox 3012 1582 3326 1631; x_wconf 86' lang='lat' dir='ltr'><em>reversus,</em></span> <span class='ocrx_word' id='word_1_158' title='bbox 3346 1563 3626 1621; x_wconf 74' lang='lat' dir='ltr'><em>concidit</em></span> <span class='ocrx_word' id='word_1_159' title='bbox 3667 1562 3741 1621; x_wconf 85' lang='lat' dir='ltr'><em>in</em></span> <span class='ocrx_word' id='word_1_160' title='bbox 3768 1564 3966 1621; x_wconf 90' lang='lat' dir='ltr'><em>ollam</em></span> 
     </span>
     <span class='ocr_line' id='line_1_23' title="bbox 2473 1659 3969 1741; baseline -0.001 -18"><span class='ocrx_word' id='word_1_161' title='bbox 2473 1665 2820 1741; x_wconf 75' lang='lat' dir='ltr'><em>pulmenti.</em></span> <span class='ocrx_word' id='word_1_162' title='bbox 2844 1664 3177 1723; x_wconf 75' lang='lat' dir='ltr'><em>Nesciebat</em></span> <span class='ocrx_word' id='word_1_163' title='bbox 3203 1663 3379 1721; x_wconf 89' lang='lat' dir='ltr'><em>enim</em></span> <span class='ocrx_word' id='word_1_164' title='bbox 3408 1663 3571 1740; x_wconf 83' lang='lat' dir='ltr'><em>quid</em></span> <span class='ocrx_word' id='word_1_165' title='bbox 3590 1671 3767 1730; x_wconf 86' lang='lat' dir='ltr'><em>esset,</em></span> <span class='ocrx_word' id='word_1_166' title='bbox 3783 1659 3845 1723; x_wconf 90' lang='lat' dir='ltr'><em>id</em></span> <span class='ocrx_word' id='word_1_167' title='bbox 3874 1668 3969 1722; x_wconf 85' lang='lat' dir='ltr'><em>est</em></span> 
     </span>
     <span class='ocr_line' id='line_1_24' title="bbox 2480 1759 3963 1843; baseline -0.003 -19"><span class='ocrx_word' id='word_1_168' title='bbox 2480 1762 2666 1843; x_wconf 88' lang='lat' dir='ltr'><em>cujus</em></span> <span class='ocrx_word' id='word_1_169' title='bbox 2697 1759 2931 1843; x_wconf 91' lang='lat' dir='ltr'><em>speciei</em></span> <span class='ocrx_word' id='word_1_170' title='bbox 2956 1769 3018 1823; x_wconf 91' lang='lat' dir='ltr'><em>et</em></span> <span class='ocrx_word' id='word_1_171' title='bbox 3050 1760 3457 1842; x_wconf 78' lang='lat' dir='ltr'><em>proprietatis</em></span> <span class='ocrx_word' id='word_1_172' title='bbox 3478 1767 3670 1840; x_wconf 86' lang='lat' dir='ltr'><em>atque</em></span> <span class='ocrx_word' id='word_1_173' title='bbox 3698 1759 3963 1841; x_wconf 88' lang='lat' dir='ltr'><em>saporis.</em></span> 
     </span>
    </p>
   </div>
   <div class='ocr_carea' id='block_1_5' title="bbox 881 1857 3967 1942">
    <p class='ocr_par' dir='ltr' id='par_1_5' title="bbox 881 1857 3967 1942">
     <span class='ocr_line' id='line_1_25' title="bbox 881 1857 3967 1942; baseline -0.002 -17"><span class='ocrx_word' id='word_1_174' title='bbox 881 1866 1045 1942; x_wconf 82' lang='lat' dir='ltr'><em>ejus,</em></span> <span class='ocrx_word' id='word_1_175' title='bbox 1080 1874 1140 1925; x_wconf 87' lang='lat' dir='ltr'><em>et</em></span> <span class='ocrx_word' id='word_1_176' title='bbox 1172 1865 1542 1925; x_wconf 83' lang='lat' dir='ltr'><em>incurvavit</em></span> <span class='ocrx_word' id='word_1_177' title='bbox 1569 1882 1634 1921; x_wconf 87' lang='lat' dir='ltr'><em>se</em></span> <span class='ocrx_word' id='word_1_178' title='bbox 1673 1881 1868 1939; x_wconf 79' lang='lat' dir='ltr'><em>super</em></span> <span class='ocrx_word' id='word_1_179' title='bbox 1908 1880 2080 1929; x_wconf 84' lang='lat' dir='ltr'><em>eum,</em></span> <span class='ocrx_word' id='word_1_180' title='bbox 2111 1870 2171 1920; x_wconf 89' lang='lat' dir='ltr'><em>et</em></span> <span class='ocrx_word' id='word_1_181' title='bbox 2211 1863 2371 1919; x_wconf 86' lang='lat' dir='ltr'><em>cale·</em></span> <span class='ocrx_word' id='word_1_182' title='bbox 2406 1860 2453 1922; x_wconf 93' lang='lat' dir='ltr'>B</span> <span class='ocrx_word' id='word_1_183' title='bbox 2479 1862 2671 1923; x_wconf 89' lang='lat' dir='ltr'><em>Porro</em></span> <span class='ocrx_word' id='word_1_184' title='bbox 2705 1858 3170 1941; x_wconf 77' lang='lat' dir='ltr'><em>colocynthidae</em></span> <span class='ocrx_word' id='word_1_185' title='bbox 3202 1866 3351 1919; x_wconf 89' lang='lat' dir='ltr'><em>sunt</em></span> <span class='ocrx_word' id='word_1_186' title='bbox 3394 1857 3741 1920; x_wconf 80' lang='lat' dir='ltr'><em>cucurbitae</em></span> <span class='ocrx_word' id='word_1_187' title='bbox 3776 1857 3967 1920; x_wconf 87' lang='lat' dir='ltr'><em>silve-</em></span> 
     </span>
    </p>
   </div>
   <div class='ocr_carea' id='block_1_6' title="bbox 880 1962 2374 3020">
    <p class='ocr_par' dir='ltr' id='par_1_6' title="bbox 880 1962 2374 3020">
     <span class='ocr_line' id='line_1_26' title="bbox 881 1962 2372 2041; baseline -0.004 -16"><span class='ocrx_word' id='word_1_188' title='bbox 881 1965 1064 2041; x_wconf 80' lang='lat' dir='ltr'><em>facta</em></span> <span class='ocrx_word' id='word_1_189' title='bbox 1092 1973 1183 2024; x_wconf 86' lang='lat' dir='ltr'><em>est</em></span> <span class='ocrx_word' id='word_1_190' title='bbox 1209 1962 1586 2039; x_wconf 78' lang='lat' dir='ltr'><em>caropueri.</em></span> <span class='ocrx_word' id='word_1_191' title='bbox 1606 1964 1694 2022; x_wconf 83' lang='lat' dir='ltr'><em>At</em></span> <span class='ocrx_word' id='word_1_192' title='bbox 1715 1962 1828 2019; x_wconf 90' lang='lat' dir='ltr'><em>ille</em></span> <span class='ocrx_word' id='word_1_193' title='bbox 1857 1978 2144 2019; x_wconf 86' lang='lat' dir='ltr'><em>reversus</em></span> <span class='ocrx_word' id='word_1_194' title='bbox 2175 1976 2212 2019; x_wconf 90' lang='lat' dir='ltr'><em>a</em></span> <span class='ocrx_word' id='word_1_195' title='bbox 2229 1975 2372 2020; x_wconf 88' lang='lat' dir='ltr'><em>con-</em></span> 
     </span>
     <span class='ocr_line' id='line_1_27' title="bbox 884 2057 2370 2143; baseline -0.004 -20"><span class='ocrx_word' id='word_1_196' title='bbox 884 2070 1053 2125; x_wconf 87' lang='lat' dir='ltr'><em>tactu</em></span> <span class='ocrx_word' id='word_1_197' title='bbox 1085 2059 1445 2143; x_wconf 78' lang='lat' dir='ltr'><em>corpusculi</em></span> <span class='ocrx_word' id='word_1_198' title='bbox 1469 2057 1800 2135; x_wconf 79' lang='lat' dir='ltr'><em>exanimiS,</em></span> <span class='ocrx_word' id='word_1_199' title='bbox 1825 2058 2277 2117; x_wconf 80' lang='lat' dir='ltr'><em>deambulabat</em></span> <span class='ocrx_word' id='word_1_200' title='bbox 2298 2058 2370 2117; x_wconf 83' lang='lat' dir='ltr'><em>in</em></span> 
     </span>
     <span class='ocr_line' id='line_1_28' title="bbox 883 2155 2373 2231; baseline -0.003 -11"><span class='ocrx_word' id='word_1_201' title='bbox 883 2163 1091 2231; x_wconf 84' lang='lat' dir='ltr'><em>domo,</em></span> <span class='ocrx_word' id='word_1_202' title='bbox 1127 2159 1246 2222; x_wconf 85' lang='lat' dir='ltr'><em>hoe</em></span> <span class='ocrx_word' id='word_1_203' title='bbox 1289 2166 1386 2221; x_wconf 89' lang='lat' dir='ltr'><em>est</em></span> <span class='ocrx_word' id='word_1_204' title='bbox 1427 2157 1495 2219; x_wconf 91' lang='lat' dir='ltr'><em>in</em></span> <span class='ocrx_word' id='word_1_205' title='bbox 1543 2174 1795 2220; x_wconf 87' lang='lat' dir='ltr'><em>camera</em></span> <span class='ocrx_word' id='word_1_206' title='bbox 1845 2155 1976 2231; x_wconf 91' lang='lat' dir='ltr'><em>illa,</em></span> <span class='ocrx_word' id='word_1_207' title='bbox 2011 2159 2203 2215; x_wconf 84' lang='lat' dir='ltr'><em>semel</em></span> <span class='ocrx_word' id='word_1_208' title='bbox 2246 2158 2373 2215; x_wconf 67' lang='lat' dir='ltr'><em>leuc</em></span> 
     </span>
     <span class='ocr_line' id='line_1_29' title="bbox 881 2251 2371 2338; baseline -0.002 -20"><span class='ocrx_word' id='word_1_209' title='bbox 881 2268 1072 2338; x_wconf 83' lang='lat' dir='ltr'><em>atque</em></span> <span class='ocrx_word' id='word_1_210' title='bbox 1105 2261 1288 2327; x_wconf 88' lang='lat' dir='ltr'><em>illuc,</em></span> <span class='ocrx_word' id='word_1_211' title='bbox 1313 2263 1687 2338; x_wconf 86' lang='lat' dir='ltr'><em>exspectans</em></span> <span class='ocrx_word' id='word_1_212' title='bbox 1715 2274 1796 2316; x_wconf 93' lang='lat' dir='ltr'><em>an</em></span> <span class='ocrx_word' id='word_1_213' title='bbox 1832 2254 1896 2315; x_wconf 93' lang='lat' dir='ltr'><em>in</em></span> <span class='ocrx_word' id='word_1_214' title='bbox 1919 2251 2227 2317; x_wconf 85' lang='lat' dir='ltr'><em>defuncto</em></span> <span class='ocrx_word' id='word_1_215' title='bbox 2258 2251 2371 2315; x_wconf 91' lang='lat' dir='ltr'><em>illo</em></span> 
     </span>
     <span class='ocr_line' id='line_1_30' title="bbox 881 2354 2367 2437; baseline -0.004 -19"><span class='ocrx_word' id='word_1_216' title='bbox 881 2356 1098 2437; x_wconf 89' lang='lat' dir='ltr'><em>aliqua</em></span> <span class='ocrx_word' id='word_1_217' title='bbox 1155 2355 1337 2435; x_wconf 86' lang='lat' dir='ltr'><em>signa</em></span> <span class='ocrx_word' id='word_1_218' title='bbox 1385 2354 1534 2417; x_wconf 81' lang='lat' dir='ltr'><em>vitae</em></span> <span class='ocrx_word' id='word_1_219' title='bbox 1581 2354 1938 2434; x_wconf 85' lang='lat' dir='ltr'><em>inciperent</em></span> <span class='ocrx_word' id='word_1_220' title='bbox 1993 2370 2299 2434; x_wconf 88' lang='lat' dir='ltr'><em>apparere</em></span> <span class='ocrx_word' id='word_1_221' title='bbox 2352 2369 2367 2412; x_wconf 88' lang='lat'>:</span> 
     </span>
     <span class='ocr_line' id='line_1_31' title="bbox 881 2450 2373 2536; baseline -0.003 -20"><span class='ocrx_word' id='word_1_222' title='bbox 881 2454 1118 2536; x_wconf 88' lang='lat' dir='ltr'><em>quibus</em></span> <span class='ocrx_word' id='word_1_223' title='bbox 1178 2454 1464 2517; x_wconf 91' lang='lat' dir='ltr'><em>nondum</em></span> <span class='ocrx_word' id='word_1_224' title='bbox 1514 2450 1992 2535; x_wconf 83' lang='lat' dir='ltr'><em>apparentibuS,</em></span> <span class='ocrx_word' id='word_1_225' title='bbox 2044 2460 2103 2510; x_wconf 89' lang='lat' dir='ltr'><em>et</em></span> <span class='ocrx_word' id='word_1_226' title='bbox 2152 2468 2373 2511; x_wconf 91' lang='lat' dir='ltr'><em>rursus</em></span> 
     </span>
     <span class='ocr_line' id='line_1_32' title="bbox 883 2551 2374 2627; baseline -0.003 -13"><span class='ocrx_word' id='word_1_227' title='bbox 883 2555 1170 2615; x_wconf 85' lang='lat' dir='ltr'><em>ascendit</em></span> <span class='ocrx_word' id='word_1_228' title='bbox 1196 2562 1256 2612; x_wconf 87' lang='lat' dir='ltr'><em>el</em></span> <span class='ocrx_word' id='word_1_229' title='bbox 1287 2553 1587 2613; x_wconf 82' lang='lat' dir='ltr'><em>incubuit</em></span> <span class='ocrx_word' id='word_1_230' title='bbox 1618 2571 1812 2627; x_wconf 83' lang='lat' dir='ltr'><em>super</em></span> <span class='ocrx_word' id='word_1_231' title='bbox 1839 2569 1986 2609; x_wconf 89' lang='lat' dir='ltr'><em>eum</em></span> <span class='ocrx_word' id='word_1_232' title='bbox 2001 2572 2028 2621; x_wconf 91' lang='lat'><em>,·</em></span> <span class='ocrx_word' id='word_1_233' title='bbox 2054 2558 2114 2608; x_wconf 90' lang='lat' dir='ltr'><em>et</em></span> <span class='ocrx_word' id='word_1_234' title='bbox 2147 2551 2374 2609; x_wconf 84' lang='lat' dir='ltr'><em>oscita-</em></span> 
     </span>
     <span class='ocr_line' id='line_1_33' title="bbox 883 2645 2373 2729; baseline -0.003 -18"><span class='ocrx_word' id='word_1_235' title='bbox 883 2654 979 2712; x_wconf 86' lang='lat' dir='ltr'><em>vit</em></span> <span class='ocrx_word' id='word_1_236' title='bbox 1017 2670 1190 2729; x_wconf 83' lang='lat' dir='ltr'><em>puer</em></span> <span class='ocrx_word' id='word_1_237' title='bbox 1224 2652 1472 2727; x_wconf 82' lang='lat' dir='ltr'><em>septies,</em></span> <span class='ocrx_word' id='word_1_238' title='bbox 1507 2651 1892 2728; x_wconf 80' lang='lat' dir='ltr'><em>aperuitque</em></span> <span class='ocrx_word' id='word_1_239' title='bbox 1927 2651 2140 2707; x_wconf 87' lang='lat' dir='ltr'><em>oculos</em></span> <span class='ocrx_word' id='word_1_240' title='bbox 2184 2645 2249 2708; x_wconf 89' lang='lat' dir='ltr'><em>in</em></span> <span class='ocrx_word' id='word_1_241' title='bbox 2290 2646 2373 2707; x_wconf 88' lang='lat' dir='ltr'><em>si·-</em></span> 
     </span>
     <span class='ocr_line' id='line_1_34' title="bbox 880 2744 2374 2830; baseline -0.003 -18"><span class='ocrx_word' id='word_1_242' title='bbox 880 2767 1079 2830; x_wconf 92' lang='lat' dir='ltr'><em>gnum</em></span> <span class='ocrx_word' id='word_1_243' title='bbox 1115 2748 1287 2829; x_wconf 88' lang='lat' dir='ltr'><em>quod</em></span> <span class='ocrx_word' id='word_1_244' title='bbox 1321 2766 1466 2812; x_wconf 87' lang='lat' dir='ltr'><em>vere</em></span> <span class='ocrx_word' id='word_1_245' title='bbox 1511 2745 1760 2823; x_wconf 84' lang='lat' dir='ltr'><em>revixit,</em></span> <span class='ocrx_word' id='word_1_246' title='bbox 1795 2745 1924 2809; x_wconf 92' lang='lat' dir='ltr'><em>imo</em></span> <span class='ocrx_word' id='word_1_247' title='bbox 1975 2754 2038 2808; x_wconf 89' lang='lat' dir='ltr'><em>et</em></span> <span class='ocrx_word' id='word_1_248' title='bbox 2078 2744 2374 2828; x_wconf 87' lang='lat' dir='ltr'><em>spiritua-</em></span> 
     </span>
     <span class='ocr_line' id='line_1_35' title="bbox 883 2844 2373 2928; baseline -0.003 -19"><span class='ocrx_word' id='word_1_249' title='bbox 883 2848 1030 2911; x_wconf 84' lang='lat' dir='ltr'><em>liter</em></span> <span class='ocrx_word' id='word_1_250' title='bbox 1088 2855 1330 2928; x_wconf 87' lang='lat' dir='ltr'><em>septem</em></span> <span class='ocrx_word' id='word_1_251' title='bbox 1379 2845 1563 2909; x_wconf 91' lang='lat' dir='ltr'><em>donis</em></span> <span class='ocrx_word' id='word_1_252' title='bbox 1614 2844 1886 2928; x_wconf 87' lang='lat' dir='ltr'><em>Spiritus</em></span> <span class='ocrx_word' id='word_1_253' title='bbox 1936 2844 2147 2907; x_wconf 84' lang='lat' dir='ltr'><em>Sancti</em></span> <span class='ocrx_word' id='word_1_254' title='bbox 2206 2853 2373 2907; x_wconf 89' lang='lat' dir='ltr'><em>esset</em></span> 
     </span>
     <span class='ocr_line' id='line_1_36' title="bbox 882 2942 2373 3020; baseline -0.002 -13"><span class='ocrx_word' id='word_1_255' title='bbox 882 2945 1275 3008; x_wconf 77' lang='lat' dir='ltr'><em>vivificatus,</em></span> <span class='ocrx_word' id='word_1_256' title='bbox 1295 2944 1554 3007; x_wconf 89' lang='lat' dir='ltr'><em>Possent</em></span> <span class='ocrx_word' id='word_1_257' title='bbox 1584 2944 1688 3007; x_wconf 91' lang='lat' dir='ltr'><em>hic</em></span> <span class='ocrx_word' id='word_1_258' title='bbox 1717 2943 1918 3006; x_wconf 86' lang='lat' dir='ltr'><em>multa</em></span> <span class='ocrx_word' id='word_1_259' title='bbox 1947 2943 2099 3020; x_wconf 88' lang='lat' dir='ltr'><em>dici,</em></span> <span class='ocrx_word' id='word_1_260' title='bbox 2119 2962 2234 3006; x_wconf 89' lang='lat' dir='ltr'><em>cur</em></span> <span class='ocrx_word' id='word_1_261' title='bbox 2254 2942 2373 3005; x_wconf 90' lang='lat' dir='ltr'><em>Eli-</em></span> 
     </span>
    </p>
   </div>
   <div class='ocr_carea' id='block_1_7' title="bbox 2478 1955 3971 3024">
    <p class='ocr_par' dir='ltr' id='par_1_7' title="bbox 2478 1955 3971 3024">
     <span class='ocr_line' id='line_1_37' title="bbox 2480 1955 3969 2032; baseline -0.001 -11"><span class='ocrx_word' id='word_1_262' title='bbox 2480 1967 2641 2021; x_wconf 86' lang='lat' dir='ltr'><em>stres</em></span> <span class='ocrx_word' id='word_1_263' title='bbox 2662 1967 2725 2021; x_wconf 91' lang='lat' dir='ltr'><em>et</em></span> <span class='ocrx_word' id='word_1_264' title='bbox 2745 1957 3159 2020; x_wconf 81' lang='lat' dir='ltr'><em>amarissimae</em></span> <span class='ocrx_word' id='word_1_265' title='bbox 3194 1955 3427 2032; x_wconf 86' lang='lat' dir='ltr'><em>herbae,</em></span> <span class='ocrx_word' id='word_1_266' title='bbox 3452 1956 3651 2017; x_wconf 89' lang='lat' dir='ltr'><em>instar</em></span> <span class='ocrx_word' id='word_1_267' title='bbox 3670 1956 3873 2019; x_wconf 84' lang='lat' dir='ltr'><em>vineae</em></span> <span class='ocrx_word' id='word_1_268' title='bbox 3902 1975 3969 2019; x_wconf 84' lang='lat' dir='ltr'><em>sc</em></span> 
     </span>
     <span class='ocr_line' id='line_1_38' title="bbox 2479 2052 3971 2137; baseline -0.003 -16"><span class='ocrx_word' id='word_1_269' title='bbox 2479 2056 2927 2121; x_wconf 78' lang='lat' dir='ltr'><em>diffundentes</em></span> <span class='ocrx_word' id='word_1_270' title='bbox 2958 2056 3023 2117; x_wconf 91' lang='lat' dir='ltr'><em>in</em></span> <span class='ocrx_word' id='word_1_271' title='bbox 3057 2055 3342 2137; x_wconf 84' lang='lat' dir='ltr'><em>sepihuS‚</em></span> <span class='ocrx_word' id='word_1_272' title='bbox 3378 2055 3681 2117; x_wconf 88' lang='lat' dir='ltr'><em>habentes</em></span> <span class='ocrx_word' id='word_1_273' title='bbox 3713 2052 3870 2117; x_wconf 89' lang='lat' dir='ltr'><em>folia</em></span> <span class='ocrx_word' id='word_1_274' title='bbox 3888 2056 3971 2117; x_wconf 90' lang='lat' dir='ltr'><em>si-</em></span> 
     </span>
     <span class='ocr_line' id='line_1_39' title="bbox 2480 2145 3971 2233; baseline -0.004 -14"><span class='ocrx_word' id='word_1_275' title='bbox 2480 2156 2660 2219; x_wconf 82' lang='lat' dir='ltr'><em>milia</em></span> <span class='ocrx_word' id='word_1_276' title='bbox 2708 2156 2883 2219; x_wconf 87' lang='lat' dir='ltr'><em>l&#39;oliis</em></span> <span class='ocrx_word' id='word_1_277' title='bbox 2925 2155 3096 2220; x_wconf 84' lang='lat' dir='ltr'><em>vitiS.</em></span> <span class='ocrx_word' id='word_1_278' title='bbox 3142 2145 3545 2233; x_wconf 69' lang='lat' dir='ltr'><em>In&#39;fudcrunl</em></span> <span class='ocrx_word' id='word_1_279' title='bbox 3582 2174 3728 2231; x_wconf 69' lang='lat' dir='ltr'><em>erqo</em></span> <span class='ocrx_word' id='word_1_280' title='bbox 3760 2157 3971 2223; x_wconf 86' lang='lat' dir='ltr'><em>sociis,</em></span> 
     </span>
     <span class='ocr_line' id='line_1_40' title="bbox 2482 2257 3971 2333; baseline -0.002 -18"><span class='ocrx_word' id='word_1_281' title='bbox 2482 2266 2552 2315; x_wconf 82' lang='lat' dir='ltr'><em>ut</em></span> <span class='ocrx_word' id='word_1_282' title='bbox 2578 2259 2994 2316; x_wconf 76' lang='lat' dir='ltr'><em>comederent.</em></span> <span class='ocrx_word' id='word_1_283' title='bbox 3032 2258 3367 2333; x_wconf 82' lang='lat' dir='ltr'><em>Quumque</em></span> <span class='ocrx_word' id='word_1_284' title='bbox 3388 2263 3749 2329; x_wconf 71' lang='lat' dir='ltr'><em>yustassent</em></span> <span class='ocrx_word' id='word_1_285' title='bbox 3773 2257 3853 2313; x_wconf 83' lang='lat' dir='ltr'><em>de</em></span> <span class='ocrx_word' id='word_1_286' title='bbox 3879 2274 3971 2313; x_wconf 88' lang='lat' dir='ltr'><em>co-</em></span> 
     </span>
     <span class='ocr_line' id='line_1_41' title="bbox 2479 2352 3969 2435; baseline 0.001 -22"><span class='ocrx_word' id='word_1_287' title='bbox 2479 2357 2687 2414; x_wconf 83' lang='lat' dir='ltr'><em>ctione</em></span> <span class='ocrx_word' id='word_1_288' title='bbox 2720 2352 3061 2435; x_wconf 87' lang='lat' dir='ltr'><em>pulmenti,</em></span> <span class='ocrx_word' id='word_1_289' title='bbox 3086 2356 3635 2422; x_wconf 75' lang='lat' dir='ltr'><em>exclamaverunt,</em></span> <span class='ocrx_word' id='word_1_290' title='bbox 3656 2354 3969 2414; x_wconf 80' lang='lat' dir='ltr'><em>dicentes:</em></span> 
     </span>
     <span class='ocr_line' id='line_1_42' title="bbox 2480 2449 3969 2523; baseline -0.001 -9"><span class='ocrx_word' id='word_1_291' title='bbox 2480 2457 2657 2514; x_wconf 86' lang='lat' dir='ltr'><em>Mors</em></span> <span class='ocrx_word' id='word_1_292' title='bbox 2703 2456 2776 2513; x_wconf 90' lang='lat' dir='ltr'><em>in</em></span> <span class='ocrx_word' id='word_1_293' title='bbox 2827 2456 2982 2523; x_wconf 85' lang='lat' dir='ltr'><em>olla,</em></span> <span class='ocrx_word' id='word_1_294' title='bbox 3018 2454 3121 2512; x_wconf 88' lang='lat' dir='ltr'><em>vir</em></span> <span class='ocrx_word' id='word_1_295' title='bbox 3149 2453 3297 2521; x_wconf 86' lang='lat' dir='ltr'><em>Dei,</em></span> <span class='ocrx_word' id='word_1_296' title='bbox 3329 2449 3449 2513; x_wconf 83' lang='lat' dir='ltr'><em>hoe</em></span> <span class='ocrx_word' id='word_1_297' title='bbox 3498 2458 3595 2513; x_wconf 88' lang='lat' dir='ltr'><em>est</em></span> <span class='ocrx_word' id='word_1_298' title='bbox 3642 2449 3969 2513; x_wconf 83' lang='lat' dir='ltr'><em>mortifera</em></span> 
     </span>
     <span class='ocr_line' id='line_1_43' title="bbox 2478 2550 3969 2632; baseline -0.003 -19"><span class='ocrx_word' id='word_1_299' title='bbox 2478 2551 2771 2632; x_wconf 84' lang='lat' dir='ltr'><em>quaedam</em></span> <span class='ocrx_word' id='word_1_300' title='bbox 2802 2550 3161 2612; x_wconf 76' lang='lat' dir='ltr'><em>amaritudo</em></span> <span class='ocrx_word' id='word_1_301' title='bbox 3189 2574 3204 2626; x_wconf 81' lang='lat'>3</span> <span class='ocrx_word' id='word_1_302' title='bbox 3238 2560 3297 2610; x_wconf 87' lang='lat' dir='ltr'><em>et</em></span> <span class='ocrx_word' id='word_1_303' title='bbox 3327 2568 3456 2610; x_wconf 84' lang='lat' dir='ltr'><em>non</em></span> <span class='ocrx_word' id='word_1_304' title='bbox 3490 2559 3843 2627; x_wconf 82' lang='lat' dir='ltr'><em>potuerunt</em></span> <span class='ocrx_word' id='word_1_305' title='bbox 3872 2570 3969 2610; x_wconf 92' lang='lat' dir='ltr'><em>co-</em></span> 
     </span>
     <span class='ocr_line' id='line_1_44' title="bbox 2484 2648 3961 2726; baseline 0 -17"><span class='ocrx_word' id='word_1_306' title='bbox 2484 2652 2748 2711; x_wconf 83' lang='lat' dir='ltr'><em>medere.</em></span> <span class='ocrx_word' id='word_1_307' title='bbox 2783 2652 2870 2709; x_wconf 77' lang='lat' dir='ltr'><em>At</em></span> <span class='ocrx_word' id='word_1_308' title='bbox 2903 2651 3016 2708; x_wconf 89' lang='lat' dir='ltr'><em>ille</em></span> <span class='ocrx_word' id='word_1_309' title='bbox 3036 2669 3059 2707; x_wconf 91' lang='lat'><em>.·</em></span> <span class='ocrx_word' id='word_1_310' title='bbox 3086 2652 3350 2725; x_wconf 66' lang='lat' dir='ltr'><em>Assone,</em></span> <span class='ocrx_word' id='word_1_311' title='bbox 3373 2648 3615 2726; x_wconf 83' lang='lat' dir='ltr'><em>inquit,</em></span> <span class='ocrx_word' id='word_1_312' title='bbox 3643 2649 3961 2725; x_wconf 83' lang='lat' dir='ltr'><em>farinam.</em></span> 
     </span>
     <span class='ocr_line' id='line_1_45' title="bbox 2486 2748 3965 2827; baseline -0.001 -20"><span class='ocrx_word' id='word_1_313' title='bbox 2486 2750 2819 2827; x_wconf 85' lang='lat' dir='ltr'><em>Quumque</em></span> <span class='ocrx_word' id='word_1_314' title='bbox 2845 2750 3164 2815; x_wconf 83' lang='lat' dir='ltr'><em>tulissent,</em></span> <span class='ocrx_word' id='word_1_315' title='bbox 3188 2748 3365 2807; x_wconf 82' lang='lat' dir='ltr'><em>misit</em></span> <span class='ocrx_word' id='word_1_316' title='bbox 3397 2748 3464 2807; x_wconf 83' lang='lat' dir='ltr'><em>in</em></span> <span class='ocrx_word' id='word_1_317' title='bbox 3499 2750 3720 2816; x_wconf 86' lang='lat' dir='ltr'><em>ollam,</em></span> <span class='ocrx_word' id='word_1_318' title='bbox 3740 2756 3799 2807; x_wconf 86' lang='lat' dir='ltr'><em>et</em></span> <span class='ocrx_word' id='word_1_319' title='bbox 3826 2748 3965 2807; x_wconf 85' lang='lat' dir='ltr'><em>ait:</em></span> 
     </span>
     <span class='ocr_line' id='line_1_46' title="bbox 2480 2846 3967 2924; baseline -0.001 -17"><span class='ocrx_word' id='word_1_320' title='bbox 2480 2847 2775 2924; x_wconf 83' lang='lat' dir='ltr'><em>Infunde</em></span> <span class='ocrx_word' id='word_1_321' title='bbox 2825 2848 3025 2907; x_wconf 81' lang='lat' dir='ltr'><em>turbce</em></span> <span class='ocrx_word' id='word_1_322' title='bbox 3076 2855 3148 2906; x_wconf 86' lang='lat' dir='ltr'><em>ul</em></span> <span class='ocrx_word' id='word_1_323' title='bbox 3184 2848 3490 2905; x_wconf 83' lang='lat' dir='ltr'><em>comedat.</em></span> <span class='ocrx_word' id='word_1_324' title='bbox 3528 2846 3615 2906; x_wconf 84' lang='lat' dir='ltr'><em>Et</em></span> <span class='ocrx_word' id='word_1_325' title='bbox 3662 2866 3791 2905; x_wconf 86' lang='lat' dir='ltr'><em>non</em></span> <span class='ocrx_word' id='word_1_326' title='bbox 3832 2847 3967 2921; x_wconf 84' lang='lat' dir='ltr'><em>fuit</em></span> 
     </span>
     <span class='ocr_line' id='line_1_47' title="bbox 2481 2945 3967 3024; baseline -0.001 -19"><span class='ocrx_word' id='word_1_327' title='bbox 2481 2946 2767 3022; x_wconf 80' lang='lat' dir='ltr'><em>amplius</em></span> <span class='ocrx_word' id='word_1_328' title='bbox 2796 2947 3159 3024; x_wconf 82' lang='lat' dir='ltr'><em>quidquam</em></span> <span class='ocrx_word' id='word_1_329' title='bbox 3200 2945 3673 3005; x_wconf 80' lang='lat' dir='ltr'><em>amaritudinis</em></span> <span class='ocrx_word' id='word_1_330' title='bbox 3715 2946 3784 3005; x_wconf 88' lang='lat' dir='ltr'><em>in</em></span> <span class='ocrx_word' id='word_1_331' title='bbox 3812 2946 3967 3013; x_wconf 89' lang='lat' dir='ltr'><em>olla,</em></span> 
     </span>
    </p>
   </div>
   <div class='ocr_carea' id='block_1_8' title="bbox 884 3041 3966 3127">
    <p class='ocr_par' dir='ltr' id='par_1_8' title="bbox 884 3041 3966 3127">
     <span class='ocr_line' id='line_1_48' title="bbox 884 3041 3966 3127; baseline -0.001 -20"><span class='ocrx_word' id='word_1_332' title='bbox 884 3062 1029 3108; x_wconf 88' lang='lat' dir='ltr'><em>scus</em></span> <span class='ocrx_word' id='word_1_333' title='bbox 1060 3045 1148 3107; x_wconf 89' lang='lat' dir='ltr'><em>ita</em></span> <span class='ocrx_word' id='word_1_334' title='bbox 1179 3062 1372 3127; x_wconf 90' lang='lat' dir='ltr'><em>super</em></span> <span class='ocrx_word' id='word_1_335' title='bbox 1401 3062 1670 3126; x_wconf 88' lang='lat' dir='ltr'><em>puerum</em></span> <span class='ocrx_word' id='word_1_336' title='bbox 1699 3042 2014 3119; x_wconf 86' lang='lat' dir='ltr'><em>incubuit,</em></span> <span class='ocrx_word' id='word_1_337' title='bbox 2049 3061 2246 3124; x_wconf 84' lang='lat' dir='ltr'><em>seque</em></span> <span class='ocrx_word' id='word_1_338' title='bbox 2279 3043 2373 3104; x_wconf 91' lang='lat' dir='ltr'><em>in-</em></span> <span class='ocrx_word' id='word_1_339' title='bbox 2407 3048 2451 3111; x_wconf 90' lang='lat' dir='ltr'>C</span> <span class='ocrx_word' id='word_1_340' title='bbox 2482 3062 2599 3106; x_wconf 86' lang='lat' dir='ltr'><em>nec</em></span> <span class='ocrx_word' id='word_1_341' title='bbox 2632 3043 2695 3105; x_wconf 90' lang='lat' dir='ltr'><em>in</em></span> <span class='ocrx_word' id='word_1_342' title='bbox 2723 3044 3055 3125; x_wconf 90' lang='lat' dir='ltr'><em>pulmento</em></span> <span class='ocrx_word' id='word_1_343' title='bbox 3076 3041 3340 3125; x_wconf 81' lang='lat' dir='ltr'><em>praefato</em></span> <span class='ocrx_word' id='word_1_344' title='bbox 3366 3060 3379 3103; x_wconf 91' lang='lat'><strong>:</strong></span> <span class='ocrx_word' id='word_1_345' title='bbox 3406 3042 3576 3124; x_wconf 89' lang='lat' dir='ltr'><em>quod</em></span> <span class='ocrx_word' id='word_1_346' title='bbox 3612 3042 3841 3105; x_wconf 82' lang='lat' dir='ltr'><em>sactum</em></span> <span class='ocrx_word' id='word_1_347' title='bbox 3873 3051 3966 3104; x_wconf 85' lang='lat' dir='ltr'><em>est</em></span> 
     </span>
    </p>
   </div>
   <div class='ocr_carea' id='block_1_9' title="bbox 885 3140 2375 3420">
    <p class='ocr_par' dir='ltr' id='par_1_9' title="bbox 885 3140 2375 3420">
     <span class='ocr_line' id='line_1_49' title="bbox 885 3140 2370 3223; baseline -0.003 -16"><span class='ocrx_word' id='word_1_348' title='bbox 885 3142 1196 3220; x_wconf 84' lang='lat' dir='ltr'><em>curvavit,</em></span> <span class='ocrx_word' id='word_1_349' title='bbox 1237 3150 1300 3206; x_wconf 90' lang='lat' dir='ltr'><em>et</em></span> <span class='ocrx_word' id='word_1_350' title='bbox 1347 3141 1633 3205; x_wconf 86' lang='lat' dir='ltr'><em>membra</em></span> <span class='ocrx_word' id='word_1_351' title='bbox 1681 3160 1797 3204; x_wconf 91' lang='lat' dir='ltr'><em>sua</em></span> <span class='ocrx_word' id='word_1_352' title='bbox 1835 3140 2142 3204; x_wconf 88' lang='lat' dir='ltr'><em>membris</em></span> <span class='ocrx_word' id='word_1_353' title='bbox 2188 3141 2370 3223; x_wconf 89' lang='lat' dir='ltr'><em>pueri</em></span> 
     </span>
     <span class='ocr_line' id='line_1_50' title="bbox 886 3240 2375 3325; baseline -0.003 -20"><span class='ocrx_word' id='word_1_354' title='bbox 886 3242 1313 3325; x_wconf 88' lang='lat' dir='ltr'><em>superposuit,</em></span> <span class='ocrx_word' id='word_1_355' title='bbox 1349 3250 1412 3305; x_wconf 91' lang='lat' dir='ltr'><em>et</em></span> <span class='ocrx_word' id='word_1_356' title='bbox 1450 3240 1727 3321; x_wconf 88' lang='lat' dir='ltr'><em>qualiter</em></span> <span class='ocrx_word' id='word_1_357' title='bbox 1771 3240 1894 3303; x_wconf 90' lang='lat' dir='ltr'><em>hoe</em></span> <span class='ocrx_word' id='word_1_358' title='bbox 1932 3240 2176 3319; x_wconf 85' lang='lat' dir='ltr'><em>agendo</em></span> <span class='ocrx_word' id='word_1_359' title='bbox 2224 3257 2375 3303; x_wconf 87' lang='lat' dir='ltr'><em>con-</em></span> 
     </span>
     <span class='ocr_line' id='line_1_51' title="bbox 887 3337 2372 3420; baseline -0.001 -17"><span class='ocrx_word' id='word_1_360' title='bbox 887 3339 1078 3403; x_wconf 86' lang='lat' dir='ltr'><em>traxit</em></span> <span class='ocrx_word' id='word_1_361' title='bbox 1125 3360 1216 3417; x_wconf 89' lang='lat' dir='ltr'><em>se,</em></span> <span class='ocrx_word' id='word_1_362' title='bbox 1271 3348 1335 3402; x_wconf 82' lang='lat' dir='ltr'><em>et</em></span> <span class='ocrx_word' id='word_1_363' title='bbox 1381 3340 1460 3402; x_wconf 90' lang='lat' dir='ltr'><em>de</em></span> <span class='ocrx_word' id='word_1_364' title='bbox 1517 3337 1837 3420; x_wconf 84' lang='lat' dir='ltr'><em>spirituali</em></span> <span class='ocrx_word' id='word_1_365' title='bbox 1897 3337 2372 3419; x_wconf 83' lang='lat' dir='ltr'><em>significatione</em></span> 
     </span>
    </p>
   </div>
   <div class='ocr_carea' id='block_1_10' title="bbox 593 3435 2372 3520">
    <p class='ocr_par' dir='ltr' id='par_1_10' title="bbox 593 3435 2372 3520">
     <span class='ocr_line' id='line_1_52' title="bbox 593 3435 2372 3520; baseline 0.001 -24"><span class='ocrx_word' id='word_1_366' title='bbox 593 3452 858 3510; x_wconf 50' lang='lat' dir='ltr'><em>niueam,</em></span> <span class='ocrx_word' id='word_1_367' title='bbox 891 3438 1157 3502; x_wconf 87' lang='lat' dir='ltr'><em>istorum</em></span> <span class='ocrx_word' id='word_1_368' title='bbox 1188 3455 1202 3500; x_wconf 74' lang='grc' dir='ltr'><strong>ε</strong></span> <span class='ocrx_word' id='word_1_369' title='bbox 1235 3457 1380 3520; x_wconf 83' lang='lat' dir='ltr'><em>quae</em></span> <span class='ocrx_word' id='word_1_370' title='bbox 1419 3456 1612 3520; x_wconf 90' lang='lat' dir='ltr'><em>supra</em></span> <span class='ocrx_word' id='word_1_371' title='bbox 1643 3437 1709 3499; x_wconf 89' lang='lat' dir='ltr'><em>in</em></span> <span class='ocrx_word' id='word_1_372' title='bbox 1741 3436 1910 3500; x_wconf 88' lang='lat' dir='ltr'><em>tertii</em></span> <span class='ocrx_word' id='word_1_373' title='bbox 1947 3436 2094 3499; x_wconf 87' lang='lat' dir='ltr'><em>libri</em></span> <span class='ocrx_word' id='word_1_374' title='bbox 2125 3435 2372 3520; x_wconf 85' lang='lat' dir='ltr'><em>exposi-</em></span> 
     </span>
    </p>
   </div>
   <div class='ocr_carea' id='block_1_11' title="bbox 882 3535 2374 4209">
    <p class='ocr_par' dir='ltr' id='par_1_11' title="bbox 885 3535 2372 3699">
     <span class='ocr_line' id='line_1_53' title="bbox 886 3535 2372 3613; baseline -0.001 -13"><span class='ocrx_word' id='word_1_375' title='bbox 886 3538 1062 3600; x_wconf 88' lang='lat' dir='ltr'><em>tione</em></span> <span class='ocrx_word' id='word_1_376' title='bbox 1090 3544 1240 3599; x_wconf 89' lang='lat' dir='ltr'><em>sunt</em></span> <span class='ocrx_word' id='word_1_377' title='bbox 1280 3536 1561 3613; x_wconf 86' lang='lat' dir='ltr'><em>inducta,</em></span> <span class='ocrx_word' id='word_1_378' title='bbox 1598 3535 1740 3599; x_wconf 91' lang='lat' dir='ltr'><em>ideo</em></span> <span class='ocrx_word' id='word_1_379' title='bbox 1776 3535 2073 3599; x_wconf 88' lang='lat' dir='ltr'><em>brevitati</em></span> <span class='ocrx_word' id='word_1_380' title='bbox 2113 3537 2372 3599; x_wconf 88' lang='lat' dir='ltr'><em>studen-</em></span> 
     </span>
     <span class='ocr_line' id='line_1_54' title="bbox 885 3636 1184 3699; baseline -0.007 0"><span class='ocrx_word' id='word_1_381' title='bbox 885 3636 1037 3699; x_wconf 91' lang='lat' dir='ltr'><em>dum</em></span> <span class='ocrx_word' id='word_1_382' title='bbox 1067 3643 1184 3698; x_wconf 90' lang='lat' dir='ltr'><em>est.</em></span> 
     </span>
    </p>

    <p class='ocr_par' dir='ltr' id='par_1_12' title="bbox 882 3732 2374 4209">
     <span class='ocr_line' id='line_1_55' title="bbox 965 3732 2371 3797; baseline -0.002 0"><span class='ocrx_word' id='word_1_383' title='bbox 965 3732 1052 3797; x_wconf 85' lang='lat' dir='ltr'><em>Et</em></span> <span class='ocrx_word' id='word_1_384' title='bbox 1087 3736 1198 3794; x_wconf 89' lang='lat' dir='ltr'><em>ille</em></span> <span class='ocrx_word' id='word_1_385' title='bbox 1243 3736 1491 3795; x_wconf 88' lang='lat' dir='ltr'><em>vocavit</em></span> <span class='ocrx_word' id='word_1_386' title='bbox 1529 3734 1715 3795; x_wconf 77' lang='lat' dir='ltr'><em>Oiezi</em></span> <span class='ocrx_word' id='word_1_387' title='bbox 1757 3742 1818 3793; x_wconf 85' lang='lat' dir='ltr'><em>et</em></span> <span class='ocrx_word' id='word_1_388' title='bbox 1859 3734 2036 3793; x_wconf 69' lang='lat' dir='ltr'><em>dimit</em></span> <span class='ocrx_word' id='word_1_389' title='bbox 2065 3735 2127 3792; x_wconf 89' lang='lat' dir='ltr'><em>ei</em></span> <span class='ocrx_word' id='word_1_390' title='bbox 2158 3754 2180 3793; x_wconf 94' lang='lat'><em>.·</em></span> <span class='ocrx_word' id='word_1_391' title='bbox 2214 3738 2371 3794; x_wconf 83' lang='lat' dir='ltr'><em>Voca</em></span> 
     </span>
     <span class='ocr_line' id='line_1_56' title="bbox 884 3833 2373 3909; baseline -0.001 -14"><span class='ocrx_word' id='word_1_392' title='bbox 884 3836 1296 3895; x_wconf 85' lang='lat' dir='ltr'><em>Sunamitem</em></span> <span class='ocrx_word' id='word_1_393' title='bbox 1317 3834 1506 3893; x_wconf 75' lang='lat' dir='ltr'><em>hanc.</em></span> <span class='ocrx_word' id='word_1_394' title='bbox 1534 3833 1688 3900; x_wconf 66' lang='lat' dir='ltr'><em>Quae</em></span> <span class='ocrx_word' id='word_1_395' title='bbox 1709 3840 1954 3903; x_wconf 86' lang='lat' dir='ltr'><em>vocata,</em></span> <span class='ocrx_word' id='word_1_396' title='bbox 1979 3833 2265 3909; x_wconf 61' lang='lat' dir='ltr'><em>ingressa</em></span> <span class='ocrx_word' id='word_1_397' title='bbox 2284 3843 2373 3893; x_wconf 88' lang='lat' dir='ltr'><em>est</em></span> 
     </span>
     <span class='ocr_line' id='line_1_57' title="bbox 883 3932 2373 4008; baseline -0.001 -16"><span class='ocrx_word' id='word_1_398' title='bbox 883 3936 972 3993; x_wconf 82' lang='lat' dir='ltr'><em>ad</em></span> <span class='ocrx_word' id='word_1_399' title='bbox 998 3952 1168 3993; x_wconf 89' lang='lat' dir='ltr'><em>eum.</em></span> <span class='ocrx_word' id='word_1_400' title='bbox 1208 3933 1337 4001; x_wconf 84' lang='lat' dir='ltr'><em>Qui</em></span> <span class='ocrx_word' id='word_1_401' title='bbox 1369 3933 1466 3992; x_wconf 89' lang='lat' dir='ltr'><em>ait</em></span> <span class='ocrx_word' id='word_1_402' title='bbox 1496 3948 1521 3991; x_wconf 93' lang='grc'><em>.·</em></span> <span class='ocrx_word' id='word_1_403' title='bbox 1557 3934 1726 3992; x_wconf 86' lang='lat' dir='ltr'><em>Tolle</em></span> <span class='ocrx_word' id='word_1_404' title='bbox 1752 3932 1972 4008; x_wconf 79' lang='lat' dir='ltr'><em>filium</em></span> <span class='ocrx_word' id='word_1_405' title='bbox 2019 3940 2228 3991; x_wconf 89' lang='lat' dir='ltr'><em>tuum.</em></span> <span class='ocrx_word' id='word_1_406' title='bbox 2271 3934 2373 3991; x_wconf 90' lang='lat' dir='ltr'><em>Ve-</em></span> 
     </span>
     <span class='ocr_line' id='line_1_58' title="bbox 885 4029 2374 4106; baseline -0.001 -15"><span class='ocrx_word' id='word_1_407' title='bbox 885 4033 984 4092; x_wconf 85' lang='lat' dir='ltr'><em>nit</em></span> <span class='ocrx_word' id='word_1_408' title='bbox 1014 4033 1161 4100; x_wconf 89' lang='lat' dir='ltr'><em>illa,</em></span> <span class='ocrx_word' id='word_1_409' title='bbox 1187 4038 1248 4090; x_wconf 84' lang='lat' dir='ltr'><em>el</em></span> <span class='ocrx_word' id='word_1_410' title='bbox 1291 4030 1539 4089; x_wconf 84' lang='lat' dir='ltr'><em>corruit</em></span> <span class='ocrx_word' id='word_1_411' title='bbox 1571 4030 1659 4088; x_wconf 85' lang='lat' dir='ltr'><em>ad</em></span> <span class='ocrx_word' id='word_1_412' title='bbox 1689 4032 1884 4105; x_wconf 81' lang='lat' dir='ltr'><em>pedes</em></span> <span class='ocrx_word' id='word_1_413' title='bbox 1921 4029 2086 4106; x_wconf 81' lang='lat' dir='ltr'><em>ejus,</em></span> <span class='ocrx_word' id='word_1_414' title='bbox 2115 4038 2176 4089; x_wconf 90' lang='lat' dir='ltr'><em>et</em></span> <span class='ocrx_word' id='word_1_415' title='bbox 2222 4032 2374 4089; x_wconf 81' lang='lat' dir='ltr'><em>ado-</em></span> 
     </span>
     <span class='ocr_line' id='line_1_59' title="bbox 882 4129 2368 4209; baseline 0 -20"><span class='ocrx_word' id='word_1_416' title='bbox 882 4130 1058 4190; x_wconf 89' lang='lat' dir='ltr'><em>ravit</em></span> <span class='ocrx_word' id='word_1_417' title='bbox 1078 4149 1272 4209; x_wconf 77' lang='lat' dir='ltr'><em>super</em></span> <span class='ocrx_word' id='word_1_418' title='bbox 1303 4138 1563 4189; x_wconf 86' lang='lat' dir='ltr'><em>terram.</em></span> <span class='ocrx_word' id='word_1_419' title='bbox 1589 4129 1885 4207; x_wconf 79' lang='lat' dir='ltr'><em>Tulitque</em></span> <span class='ocrx_word' id='word_1_420' title='bbox 1913 4130 2132 4205; x_wconf 79' lang='lat' dir='ltr'><em>filium</em></span> <span class='ocrx_word' id='word_1_421' title='bbox 2151 4150 2368 4200; x_wconf 85' lang='lat' dir='ltr'><em>suum,</em></span> 
     </span>
    </p>
   </div>
   <div class='ocr_carea' id='block_1_12' title="bbox 2481 3141 3971 4208">
    <p class='ocr_par' dir='ltr' id='par_1_13' title="bbox 2481 3141 3971 3521">
     <span class='ocr_line' id='line_1_60' title="bbox 2483 3141 3971 3219; baseline 0.001 -16"><span class='ocrx_word' id='word_1_422' title='bbox 2483 3161 2611 3205; x_wconf 91' lang='lat' dir='ltr'><em>non</em></span> <span class='ocrx_word' id='word_1_423' title='bbox 2641 3142 2877 3205; x_wconf 85' lang='lat' dir='ltr'><em>virtute</em></span> <span class='ocrx_word' id='word_1_424' title='bbox 2911 3142 3155 3219; x_wconf 77' lang='lat' dir='ltr'><em>farinae,</em></span> <span class='ocrx_word' id='word_1_425' title='bbox 3176 3143 3282 3204; x_wconf 90' lang='lat' dir='ltr'><em>sed</em></span> <span class='ocrx_word' id='word_1_426' title='bbox 3316 3141 3709 3205; x_wconf 88' lang='lat' dir='ltr'><em>orationibus</em></span> <span class='ocrx_word' id='word_1_427' title='bbox 3744 3162 3816 3204; x_wconf 93' lang='lat' dir='ltr'><em>ac</em></span> <span class='ocrx_word' id='word_1_428' title='bbox 3846 3160 3971 3205; x_wconf 88' lang='lat' dir='ltr'><em>me·</em></span> 
     </span>
     <span class='ocr_line' id='line_1_61' title="bbox 2483 3240 3971 3323; baseline 0.001 -22"><span class='ocrx_word' id='word_1_429' title='bbox 2483 3241 2621 3303; x_wconf 91' lang='lat' dir='ltr'><em>ritis</em></span> <span class='ocrx_word' id='word_1_430' title='bbox 2654 3241 2883 3315; x_wconf 78' lang='lat' dir='ltr'><em>Elisei3</em></span> <span class='ocrx_word' id='word_1_431' title='bbox 2918 3241 3021 3303; x_wconf 80' lang='lat' dir='ltr'><em>vel</em></span> <span class='ocrx_word' id='word_1_432' title='bbox 3046 3240 3345 3323; x_wconf 88' lang='lat' dir='ltr'><em>precibus</em></span> <span class='ocrx_word' id='word_1_433' title='bbox 3377 3241 3517 3321; x_wconf 88' lang='lat' dir='ltr'><em>ejus</em></span> <span class='ocrx_word' id='word_1_434' title='bbox 3548 3243 3694 3303; x_wconf 89' lang='lat' dir='ltr'><em>data</em></span> <span class='ocrx_word' id='word_1_435' title='bbox 3726 3240 3847 3302; x_wconf 78' lang='lat' dir='ltr'><em>ruit</em></span> <span class='ocrx_word' id='word_1_436' title='bbox 3872 3260 3971 3302; x_wconf 90' lang='lat' dir='ltr'><em>su-</em></span> 
     </span>
     <span class='ocr_line' id='line_1_62' title="bbox 2482 3337 3967 3421; baseline 0 -20"><span class='ocrx_word' id='word_1_437' title='bbox 2482 3339 2976 3421; x_wconf 89' lang='lat' dir='ltr'><em>pernaturaliter</em></span> <span class='ocrx_word' id='word_1_438' title='bbox 3017 3340 3110 3402; x_wconf 91' lang='lat' dir='ltr'><em>illi</em></span> <span class='ocrx_word' id='word_1_439' title='bbox 3164 3337 3391 3402; x_wconf 79' lang='lat' dir='ltr'><em>farinae</em></span> <span class='ocrx_word' id='word_1_440' title='bbox 3434 3339 3528 3401; x_wconf 89' lang='lat' dir='ltr'><em>vis</em></span> <span class='ocrx_word' id='word_1_441' title='bbox 3572 3339 3967 3416; x_wconf 88' lang='lat' dir='ltr'><em>dulcorandi‚</em></span> 
     </span>
     <span class='ocr_line' id='line_1_63' title="bbox 2481 3438 3467 3521; baseline -0.004 -20"><span class='ocrx_word' id='word_1_442' title='bbox 2481 3438 3103 3520; x_wconf 88' lang='lat' dir='ltr'><em>amaritudinemque</em></span> <span class='ocrx_word' id='word_1_443' title='bbox 3148 3438 3467 3521; x_wconf 86' lang='lat' dir='ltr'><em>pellendi..</em></span> 
     </span>
    </p>

    <p class='ocr_par' dir='ltr' id='par_1_14' title="bbox 2481 3536 3969 4208">
     <span class='ocr_line' id='line_1_64' title="bbox 2562 3536 3965 3619; baseline -0.002 -19"><span class='ocrx_word' id='word_1_444' title='bbox 2562 3537 2863 3619; x_wconf 85' lang='lat' dir='ltr'><em>Sequitur</em></span> <span class='ocrx_word' id='word_1_445' title='bbox 2902 3545 3203 3618; x_wconf 88' lang='lat' dir='ltr'><em>quartum</em></span> <span class='ocrx_word' id='word_1_446' title='bbox 3245 3536 3646 3599; x_wconf 87' lang='lat' dir='ltr'><em>miraculum.</em></span> <span class='ocrx_word' id='word_1_447' title='bbox 3700 3539 3812 3598; x_wconf 87' lang='lat' dir='ltr'><em>Vir</em></span> <span class='ocrx_word' id='word_1_448' title='bbox 3850 3560 3965 3599; x_wconf 83' lang='lat' dir='ltr'><em>au-</em></span> 
     </span>
     <span class='ocr_line' id='line_1_65' title="bbox 2485 3636 3969 3716; baseline 0.001 -19"><span class='ocrx_word' id='word_1_449' title='bbox 2485 3647 2607 3697; x_wconf 82' lang='lat' dir='ltr'><em>lem</em></span> <span class='ocrx_word' id='word_1_450' title='bbox 2655 3638 2925 3716; x_wconf 81' lang='lat' dir='ltr'><em>quidam</em></span> <span class='ocrx_word' id='word_1_451' title='bbox 2976 3638 3154 3696; x_wconf 85' lang='lat' dir='ltr'><em>venit</em></span> <span class='ocrx_word' id='word_1_452' title='bbox 3200 3639 3281 3695; x_wconf 86' lang='lat' dir='ltr'><em>dc</em></span> <span class='ocrx_word' id='word_1_453' title='bbox 3322 3638 3718 3706; x_wconf 83' lang='lat' dir='ltr'><em>Baalsalisa‚</em></span> <span class='ocrx_word' id='word_1_454' title='bbox 3770 3636 3833 3698; x_wconf 88' lang='lat' dir='ltr'><em>id</em></span> <span class='ocrx_word' id='word_1_455' title='bbox 3874 3646 3969 3699; x_wconf 83' lang='lat' dir='ltr'><em>est</em></span> 
     </span>
     <span class='ocr_line' id='line_1_66' title="bbox 2481 3733 3969 3817; baseline -0.001 -19"><span class='ocrx_word' id='word_1_456' title='bbox 2481 3734 2719 3817; x_wconf 89' lang='lat' dir='ltr'><em>oppido</em></span> <span class='ocrx_word' id='word_1_457' title='bbox 2768 3734 2861 3798; x_wconf 92' lang='lat' dir='ltr'><em>sic</em></span> <span class='ocrx_word' id='word_1_458' title='bbox 2908 3742 3173 3808; x_wconf 82' lang='lat' dir='ltr'><em>voeat03</em></span> <span class='ocrx_word' id='word_1_459' title='bbox 3218 3733 3317 3797; x_wconf 89' lang='lat' dir='ltr'><em>vel</em></span> <span class='ocrx_word' id='word_1_460' title='bbox 3347 3735 3450 3814; x_wconf 90' lang='lat' dir='ltr'><em>(ut</em></span> <span class='ocrx_word' id='word_1_461' title='bbox 3487 3733 3686 3814; x_wconf 88' lang='lat' dir='ltr'><em>aliqui</em></span> <span class='ocrx_word' id='word_1_462' title='bbox 3726 3734 3969 3815; x_wconf 86' lang='lat' dir='ltr'><em>dicunt)</em></span> 
     </span>
     <span class='ocr_line' id='line_1_67' title="bbox 2482 3832 3967 3912; baseline -0.001 -17"><span class='ocrx_word' id='word_1_463' title='bbox 2482 3842 2633 3895; x_wconf 90' lang='lat' dir='ltr'><em>sunt</em></span> <span class='ocrx_word' id='word_1_464' title='bbox 2662 3834 2803 3895; x_wconf 85' lang='lat' dir='ltr'><em>duae</em></span> <span class='ocrx_word' id='word_1_465' title='bbox 2832 3832 3166 3909; x_wconf 81' lang='lat' dir='ltr'><em>dictioneS,</em></span> <span class='ocrx_word' id='word_1_466' title='bbox 3200 3840 3263 3895; x_wconf 88' lang='lat' dir='ltr'><em>et</em></span> <span class='ocrx_word' id='word_1_467' title='bbox 3295 3833 3513 3912; x_wconf 85' lang='lat' dir='ltr'><em>legunt</em></span> <span class='ocrx_word' id='word_1_468' title='bbox 3545 3832 3658 3909; x_wconf 86' lang='lat' dir='ltr'><em>sic,</em></span> <span class='ocrx_word' id='word_1_469' title='bbox 3690 3836 3770 3893; x_wconf 82' lang='lat' dir='ltr'><em>cle</em></span> <span class='ocrx_word' id='word_1_470' title='bbox 3798 3836 3967 3904; x_wconf 85' lang='lat' dir='ltr'><em>baal,</em></span> 
     </span>
     <span class='ocr_line' id='line_1_68' title="bbox 2482 3930 3969 4013; baseline 0 -20"><span class='ocrx_word' id='word_1_471' title='bbox 2482 3932 2602 3995; x_wconf 88' lang='lat' dir='ltr'><em>hoe</em></span> <span class='ocrx_word' id='word_1_472' title='bbox 2634 3940 2730 3993; x_wconf 90' lang='lat' dir='ltr'><em>est</em></span> <span class='ocrx_word' id='word_1_473' title='bbox 2761 3930 3029 4013; x_wconf 87' lang='lat' dir='ltr'><em>planitie</em></span> <span class='ocrx_word' id='word_1_474' title='bbox 3058 3940 3166 3993; x_wconf 87' lang='lat' dir='ltr'><em>aut</em></span> <span class='ocrx_word' id='word_1_475' title='bbox 3200 3930 3478 4013; x_wconf 84' lang='lat' dir='ltr'><em>regione,</em></span> <span class='ocrx_word' id='word_1_476' title='bbox 3505 3933 3751 4002; x_wconf 85' lang='lat' dir='ltr'><em>Salisa,</em></span> <span class='ocrx_word' id='word_1_477' title='bbox 3784 3931 3847 3994; x_wconf 92' lang='lat' dir='ltr'><em>id</em></span> <span class='ocrx_word' id='word_1_478' title='bbox 3875 3941 3969 3994; x_wconf 88' lang='lat' dir='ltr'><em>est</em></span> 
     </span>
     <span class='ocr_line' id='line_1_69' title="bbox 2483 4030 3967 4111; baseline 0.001 -20"><span class='ocrx_word' id='word_1_479' title='bbox 2483 4030 2660 4092; x_wconf 90' lang='lat' dir='ltr'><em>urbis</em></span> <span class='ocrx_word' id='word_1_480' title='bbox 2686 4030 2777 4093; x_wconf 88' lang='lat' dir='ltr'><em>sic</em></span> <span class='ocrx_word' id='word_1_481' title='bbox 2811 4030 3015 4107; x_wconf 80' lang='lat' dir='ltr'><em>dictae,</em></span> <span class='ocrx_word' id='word_1_482' title='bbox 3052 4030 3273 4111; x_wconf 90' lang='lat' dir='ltr'><em>sicque</em></span> <span class='ocrx_word' id='word_1_483' title='bbox 3303 4033 3451 4091; x_wconf 87' lang='lat' dir='ltr'><em>baal</em></span> <span class='ocrx_word' id='word_1_484' title='bbox 3478 4039 3573 4093; x_wconf 90' lang='lat' dir='ltr'><em>est</em></span> <span class='ocrx_word' id='word_1_485' title='bbox 3604 4030 3709 4093; x_wconf 85' lang='lat' dir='ltr'><em>hic</em></span> <span class='ocrx_word' id='word_1_486' title='bbox 3739 4050 3967 4094; x_wconf 89' lang='lat' dir='ltr'><em>nomen</em></span> 
     </span>
     <span class='ocr_line' id='line_1_70' title="bbox 2482 4130 3969 4208; baseline -0.001 -17"><span class='ocrx_word' id='word_1_487' title='bbox 2482 4147 2858 4202; x_wconf 84' lang='lat' dir='ltr'><em>commune3</em></span> <span class='ocrx_word' id='word_1_488' title='bbox 2884 4130 3177 4206; x_wconf 84' lang='lat' dir='ltr'><em>deferens</em></span> <span class='ocrx_word' id='word_1_489' title='bbox 3210 4131 3352 4189; x_wconf 84' lang='lat' dir='ltr'><em>viro</em></span> <span class='ocrx_word' id='word_1_490' title='bbox 3372 4132 3493 4190; x_wconf 88' lang='lat' dir='ltr'><em>Dei</em></span> <span class='ocrx_word' id='word_1_491' title='bbox 3512 4150 3716 4207; x_wconf 80' lang='lat' dir='ltr'><em>panes</em></span> <span class='ocrx_word' id='word_1_492' title='bbox 3739 4132 3969 4208; x_wconf 84' lang='lat' dir='ltr'><em>primi-</em></span> 
     </span>
    </p>
   </div>
   <div class='ocr_carea' id='block_1_13' title="bbox 881 4225 3965 4309">
    <p class='ocr_par' dir='ltr' id='par_1_15' title="bbox 881 4225 3965 4309">
     <span class='ocr_line' id='line_1_71' title="bbox 881 4225 3965 4309; baseline 0 -21"><span class='ocrx_word' id='word_1_493' title='bbox 881 4238 942 4289; x_wconf 89' lang='lat' dir='ltr'><em>et</em></span> <span class='ocrx_word' id='word_1_494' title='bbox 977 4248 1224 4305; x_wconf 70' lang='lat' dir='ltr'><em>cyressa</em></span> <span class='ocrx_word' id='word_1_495' title='bbox 1259 4236 1392 4298; x_wconf 85' lang='lat' dir='ltr'><em>est,·</em></span> <span class='ocrx_word' id='word_1_496' title='bbox 1431 4237 1492 4287; x_wconf 88' lang='lat' dir='ltr'><em>et</em></span> <span class='ocrx_word' id='word_1_497' title='bbox 1521 4228 1776 4287; x_wconf 85' lang='lat' dir='ltr'><em>Eliseus</em></span> <span class='ocrx_word' id='word_1_498' title='bbox 1824 4246 2112 4287; x_wconf 83' lang='lat' dir='ltr'><em>reversus</em></span> <span class='ocrx_word' id='word_1_499' title='bbox 2160 4238 2249 4287; x_wconf 88' lang='lat' dir='ltr'><em>est</em></span> <span class='ocrx_word' id='word_1_500' title='bbox 2299 4230 2371 4288; x_wconf 90' lang='lat' dir='ltr'><em>in</em></span> <span class='ocrx_word' id='word_1_501' title='bbox 2400 4228 2449 4291; x_wconf 89' lang='lat' dir='ltr'>D</span> <span class='ocrx_word' id='word_1_502' title='bbox 2485 4229 2755 4297; x_wconf 66' lang='lat' dir='ltr'><em>riarum,</em></span> <span class='ocrx_word' id='word_1_503' title='bbox 2788 4226 2851 4288; x_wconf 91' lang='lat' dir='ltr'><em>id</em></span> <span class='ocrx_word' id='word_1_504' title='bbox 2884 4234 2980 4289; x_wconf 86' lang='lat' dir='ltr'><em>est</em></span> <span class='ocrx_word' id='word_1_505' title='bbox 3022 4245 3218 4309; x_wconf 87' lang='lat' dir='ltr'><em>panes</em></span> <span class='ocrx_word' id='word_1_506' title='bbox 3266 4225 3545 4289; x_wconf 84' lang='lat' dir='ltr'><em>triticeos</em></span> <span class='ocrx_word' id='word_1_507' title='bbox 3587 4226 3965 4309; x_wconf 78' lang='lat' dir='ltr'><em>primitivo8‚</em></span> 
     </span>
    </p>
   </div>
   <div class='ocr_carea' id='block_1_14' title="bbox 883 4323 2372 4605">
    <p class='ocr_par' dir='ltr' id='par_1_16' title="bbox 883 4323 2372 4605">
     <span class='ocr_line' id='line_1_72' title="bbox 889 4323 2371 4405; baseline 0 -18"><span class='ocrx_word' id='word_1_508' title='bbox 889 4330 1185 4403; x_wconf 72' lang='lat' dir='ltr'><em>Galyala.</em></span> <span class='ocrx_word' id='word_1_509' title='bbox 1237 4324 1416 4389; x_wconf 90' lang='lat' dir='ltr'><em>Circa</em></span> <span class='ocrx_word' id='word_1_510' title='bbox 1466 4326 1586 4387; x_wconf 91' lang='lat' dir='ltr'><em>hoc</em></span> <span class='ocrx_word' id='word_1_511' title='bbox 1634 4323 1924 4405; x_wconf 85' lang='lat' dir='ltr'><em>Magister</em></span> <span class='ocrx_word' id='word_1_512' title='bbox 1974 4324 2040 4386; x_wconf 90' lang='lat' dir='ltr'><em>in</em></span> <span class='ocrx_word' id='word_1_513' title='bbox 2085 4325 2371 4389; x_wconf 86' lang='lat' dir='ltr'><em>historiis</em></span> 
     </span>
     <span class='ocr_line' id='line_1_73' title="bbox 883 4422 2372 4504; baseline -0.001 -17"><span class='ocrx_word' id='word_1_514' title='bbox 883 4424 1107 4488; x_wconf 87' lang='lat' dir='ltr'><em>scribit</em></span> <span class='ocrx_word' id='word_1_515' title='bbox 1127 4441 1140 4486; x_wconf 75' lang='grc' dir='ltr'><strong>ε</strong></span> <span class='ocrx_word' id='word_1_516' title='bbox 1160 4424 1339 4487; x_wconf 90' lang='lat' dir='ltr'><em>Hunc</em></span> <span class='ocrx_word' id='word_1_517' title='bbox 1368 4423 1578 4486; x_wconf 90' lang='lat' dir='ltr'><em>locum</em></span> <span class='ocrx_word' id='word_1_518' title='bbox 1609 4442 1776 4504; x_wconf 84' lang='lat' dir='ltr'><em>saepe</em></span> <span class='ocrx_word' id='word_1_519' title='bbox 1799 4422 2231 4503; x_wconf 83' lang='lat' dir='ltr'><em>frequentavit</em></span> <span class='ocrx_word' id='word_1_520' title='bbox 2252 4425 2372 4485; x_wconf 90' lang='lat' dir='ltr'><em>Eli-</em></span> 
     </span>
     <span class='ocr_line' id='line_1_74' title="bbox 883 4521 2371 4605; baseline -0.001 -19"><span class='ocrx_word' id='word_1_521' title='bbox 883 4542 1051 4601; x_wconf 84' lang='lat' dir='ltr'><em>seuS,</em></span> <span class='ocrx_word' id='word_1_522' title='bbox 1079 4533 1214 4586; x_wconf 91' lang='lat' dir='ltr'><em>tum</em></span> <span class='ocrx_word' id='word_1_523' title='bbox 1245 4530 1504 4605; x_wconf 87' lang='lat' dir='ltr'><em>propter</em></span> <span class='ocrx_word' id='word_1_524' title='bbox 1534 4521 1658 4584; x_wconf 90' lang='lat' dir='ltr'><em>loci</em></span> <span class='ocrx_word' id='word_1_525' title='bbox 1688 4522 2061 4603; x_wconf 86' lang='lat' dir='ltr'><em>religionem</em></span> <span class='ocrx_word' id='word_1_526' title='bbox 2085 4542 2194 4585; x_wconf 89' lang='lat' dir='ltr'><em>seu</em></span> <span class='ocrx_word' id='word_1_527' title='bbox 2230 4542 2371 4585; x_wconf 91' lang='lat' dir='ltr'><em>san-</em></span> 
     </span>
    </p>
   </div>
   <div class='ocr_carea' id='block_1_15' title="bbox 589 4619 2369 4703">
    <p class='ocr_par' dir='ltr' id='par_1_17' title="bbox 589 4619 2369 4703">
     <span class='ocr_line' id='line_1_75' title="bbox 589 4619 2369 4703; baseline 0 -18"><span class='ocrx_word' id='word_1_528' title='bbox 589 4630 642 4674; x_wconf 84' lang='lat' dir='ltr'><em>1V</em></span> <span class='ocrx_word' id='word_1_529' title='bbox 655 4630 850 4686; x_wconf 61' lang='lat' dir='ltr'><em>Rev-nd·</em></span> <span class='ocrx_word' id='word_1_530' title='bbox 883 4621 1166 4685; x_wconf 85' lang='lat' dir='ltr'><em>etitatem</em></span> <span class='ocrx_word' id='word_1_531' title='bbox 1188 4622 1293 4701; x_wconf 89' lang='lat' dir='ltr'><em>(de</em></span> <span class='ocrx_word' id='word_1_532' title='bbox 1312 4638 1441 4703; x_wconf 89' lang='lat' dir='ltr'><em>qua</em></span> <span class='ocrx_word' id='word_1_533' title='bbox 1473 4621 1538 4682; x_wconf 91' lang='lat' dir='ltr'><em>in</em></span> <span class='ocrx_word' id='word_1_534' title='bbox 1570 4619 1964 4702; x_wconf 84' lang='lat' dir='ltr'><em>expositione</em></span> <span class='ocrx_word' id='word_1_535' title='bbox 1987 4620 2251 4684; x_wconf 90' lang='lat' dir='ltr'><em>secundi</em></span> <span class='ocrx_word' id='word_1_536' title='bbox 2272 4640 2369 4685; x_wconf 91' lang='lat' dir='ltr'><em>ca-</em></span> 
     </span>
    </p>
   </div>
   <div class='ocr_carea' id='block_1_16' title="bbox 873 4720 2364 5395">
    <p class='ocr_par' dir='ltr' id='par_1_18' title="bbox 873 4720 2364 5395">
     <span class='ocr_line' id='line_1_76' title="bbox 880 4720 2364 4804; baseline 0 -21"><span class='ocrx_word' id='word_1_537' title='bbox 880 4721 1070 4804; x_wconf 89' lang='lat' dir='ltr'><em>pituli</em></span> <span class='ocrx_word' id='word_1_538' title='bbox 1099 4720 1340 4785; x_wconf 87' lang='lat' dir='ltr'><em>dietum</em></span> <span class='ocrx_word' id='word_1_539' title='bbox 1371 4722 1514 4801; x_wconf 90' lang='lat' dir='ltr'><em>est),</em></span> <span class='ocrx_word' id='word_1_540' title='bbox 1551 4728 1684 4781; x_wconf 83' lang='lat' dir='ltr'><em>tum</em></span> <span class='ocrx_word' id='word_1_541' title='bbox 1717 4720 2020 4801; x_wconf 89' lang='lat' dir='ltr'><em>quoniam</em></span> <span class='ocrx_word' id='word_1_542' title='bbox 2054 4720 2144 4782; x_wconf 90' lang='lat' dir='ltr'><em>ibi</em></span> <span class='ocrx_word' id='word_1_543' title='bbox 2181 4729 2364 4783; x_wconf 88' lang='lat' dir='ltr'><em>natus</em></span> 
     </span>
     <span class='ocr_line' id='line_1_77' title="bbox 877 4816 2363 4899; baseline -0.002 -15"><span class='ocrx_word' id='word_1_544' title='bbox 877 4828 994 4884; x_wconf 87' lang='lat' dir='ltr'><em>est.</em></span> <span class='ocrx_word' id='word_1_545' title='bbox 1022 4820 1100 4882; x_wconf 89' lang='lat' dir='ltr'><em>Et</em></span> <span class='ocrx_word' id='word_1_546' title='bbox 1129 4819 1195 4883; x_wconf 94' lang='lat' dir='ltr'><em>in</em></span> <span class='ocrx_word' id='word_1_547' title='bbox 1227 4826 1369 4881; x_wconf 90' lang='lat' dir='ltr'><em>ortu</em></span> <span class='ocrx_word' id='word_1_548' title='bbox 1401 4836 1517 4881; x_wconf 91' lang='lat' dir='ltr'><em>suo</em></span> <span class='ocrx_word' id='word_1_549' title='bbox 1551 4817 1674 4880; x_wconf 87' lang='lat' dir='ltr'><em>tale</em></span> <span class='ocrx_word' id='word_1_550' title='bbox 1707 4816 2067 4898; x_wconf 83' lang='lat' dir='ltr'><em>prodigium</em></span> <span class='ocrx_word' id='word_1_551' title='bbox 2098 4819 2363 4899; x_wconf 87' lang='lat' dir='ltr'><em>contigit</em></span> 
     </span>
     <span class='ocr_line' id='line_1_78' title="bbox 876 4914 2355 4996; baseline 0 -17"><span class='ocrx_word' id='word_1_552' title='bbox 876 4916 993 4995; x_wconf 92' lang='lat' dir='ltr'><em>ibi,</em></span> <span class='ocrx_word' id='word_1_553' title='bbox 1010 4924 1080 4979; x_wconf 89' lang='lat' dir='ltr'><em>ut</em></span> <span class='ocrx_word' id='word_1_554' title='bbox 1099 4934 1266 4979; x_wconf 87' lang='lat' dir='ltr'><em>unus</em></span> <span class='ocrx_word' id='word_1_555' title='bbox 1288 4935 1363 4979; x_wconf 88' lang='lat' dir='ltr'><em>ex</em></span> <span class='ocrx_word' id='word_1_556' title='bbox 1383 4915 1606 4978; x_wconf 87' lang='lat' dir='ltr'><em>vitulis</em></span> <span class='ocrx_word' id='word_1_557' title='bbox 1626 4914 1836 4977; x_wconf 88' lang='lat' dir='ltr'><em>aureis</em></span> <span class='ocrx_word' id='word_1_558' title='bbox 1857 4924 2040 4977; x_wconf 88' lang='lat' dir='ltr'><em>acute</em></span> <span class='ocrx_word' id='word_1_559' title='bbox 2069 4917 2355 4996; x_wconf 86' lang='lat' dir='ltr'><em>mugiret.</em></span> 
     </span>
     <span class='ocr_line' id='line_1_79' title="bbox 874 5013 2361 5092; baseline 0.001 -13"><span class='ocrx_word' id='word_1_560' title='bbox 874 5016 1007 5091; x_wconf 86' lang='lat' dir='ltr'><em>Quo</em></span> <span class='ocrx_word' id='word_1_561' title='bbox 1055 5015 1292 5092; x_wconf 89' lang='lat' dir='ltr'><em>audito,</em></span> <span class='ocrx_word' id='word_1_562' title='bbox 1329 5014 1396 5076; x_wconf 92' lang='lat' dir='ltr'><em>in</em></span> <span class='ocrx_word' id='word_1_563' title='bbox 1432 5013 1780 5077; x_wconf 84' lang='lat' dir='ltr'><em>Jerusalem</em></span> <span class='ocrx_word' id='word_1_564' title='bbox 1821 5015 2111 5078; x_wconf 87' lang='lat' dir='ltr'><em>sacerdos</em></span> <span class='ocrx_word' id='word_1_565' title='bbox 2141 5015 2361 5080; x_wconf 88' lang='lat' dir='ltr'><em>divino</em></span> 
     </span>
     <span class='ocr_line' id='line_1_80' title="bbox 876 5112 2359 5196; baseline -0.001 -18"><span class='ocrx_word' id='word_1_566' title='bbox 876 5124 1036 5178; x_wconf 87' lang='lat' dir='ltr'><em>nutu</em></span> <span class='ocrx_word' id='word_1_567' title='bbox 1067 5113 1195 5177; x_wconf 89' lang='lat' dir='ltr'><em>ait:</em></span> <span class='ocrx_word' id='word_1_568' title='bbox 1231 5113 1540 5196; x_wconf 88' lang='lat' dir='ltr'><em>Propheta</em></span> <span class='ocrx_word' id='word_1_569' title='bbox 1572 5112 1635 5173; x_wconf 91' lang='lat' dir='ltr'><em>in</em></span> <span class='ocrx_word' id='word_1_570' title='bbox 1669 5112 1858 5175; x_wconf 89' lang='lat' dir='ltr'><em>Israel</em></span> <span class='ocrx_word' id='word_1_571' title='bbox 1891 5121 2076 5175; x_wconf 86' lang='lat' dir='ltr'><em>natus</em></span> <span class='ocrx_word' id='word_1_572' title='bbox 2105 5122 2222 5190; x_wconf 89' lang='lat' dir='ltr'><em>est,</em></span> <span class='ocrx_word' id='word_1_573' title='bbox 2246 5114 2359 5196; x_wconf 91' lang='lat' dir='ltr'><em>qui</em></span> 
     </span>
     <span class='ocr_line' id='line_1_81' title="bbox 873 5211 2284 5296; baseline -0.001 -19"><span class='ocrx_word' id='word_1_574' title='bbox 873 5212 1196 5296; x_wconf 87' lang='lat' dir='ltr'><em>sculptilia</em></span> <span class='ocrx_word' id='word_1_575' title='bbox 1220 5214 1480 5277; x_wconf 89' lang='lat' dir='ltr'><em>deorum</em></span> <span class='ocrx_word' id='word_1_576' title='bbox 1514 5219 1705 5293; x_wconf 88' lang='lat' dir='ltr'><em>atque</em></span> <span class='ocrx_word' id='word_1_577' title='bbox 1736 5211 1955 5274; x_wconf 81' lang='lat' dir='ltr'><em>fusilia</em></span> <span class='ocrx_word' id='word_1_578' title='bbox 1983 5212 2284 5276; x_wconf 88' lang='lat' dir='ltr'><em>destruet.</em></span> 
     </span>
     <span class='ocr_line' id='line_1_82' title="bbox 951 5310 2357 5395; baseline 0 -21"><span class='ocrx_word' id='word_1_579' title='bbox 951 5311 1252 5395; x_wconf 87' lang='lat' dir='ltr'><em>Sequitur</em></span> <span class='ocrx_word' id='word_1_580' title='bbox 1299 5310 1558 5375; x_wconf 89' lang='lat' dir='ltr'><em>tertium</em></span> <span class='ocrx_word' id='word_1_581' title='bbox 1606 5310 1884 5390; x_wconf 84' lang='lat' dir='ltr'><em>signum.</em></span> <span class='ocrx_word' id='word_1_582' title='bbox 1925 5314 2092 5373; x_wconf 86' lang='lat' dir='ltr'><em>Erat</em></span> <span class='ocrx_word' id='word_1_583' title='bbox 2137 5322 2357 5375; x_wconf 88' lang='lat' dir='ltr'><em>autem</em></span> 
     </span>
    </p>
   </div>
   <div class='ocr_carea' id='block_1_17' title="bbox 2475 4325 3968 4804">
    <p class='ocr_par' dir='ltr' id='par_1_19' title="bbox 2475 4325 3968 4804">
     <span class='ocr_line' id='line_1_83' title="bbox 2481 4325 3967 4408; baseline 0.002 -21"><span class='ocrx_word' id='word_1_584' title='bbox 2481 4326 2601 4389; x_wconf 89' lang='lat' dir='ltr'><em>hoc</em></span> <span class='ocrx_word' id='word_1_585' title='bbox 2631 4334 2727 4388; x_wconf 89' lang='lat' dir='ltr'><em>est</em></span> <span class='ocrx_word' id='word_1_586' title='bbox 2746 4327 2825 4389; x_wconf 91' lang='lat' dir='ltr'><em>de</em></span> <span class='ocrx_word' id='word_1_587' title='bbox 2856 4326 3081 4407; x_wconf 89' lang='lat' dir='ltr'><em>primis</em></span> <span class='ocrx_word' id='word_1_588' title='bbox 3105 4325 3401 4408; x_wconf 88' lang='lat' dir='ltr'><em>frugibus</em></span> <span class='ocrx_word' id='word_1_589' title='bbox 3422 4326 3575 4388; x_wconf 90' lang='lat' dir='ltr'><em>anni</em></span> <span class='ocrx_word' id='word_1_590' title='bbox 3599 4326 3797 4389; x_wconf 81' lang='lat' dir='ltr'><em>illius,</em></span> <span class='ocrx_word' id='word_1_591' title='bbox 3817 4328 3967 4390; x_wconf 91' lang='lat' dir='ltr'><em>Nam</em></span> 
     </span>
     <span class='ocr_line' id='line_1_84' title="bbox 2478 4424 3968 4506; baseline 0.001 -19"><span class='ocrx_word' id='word_1_592' title='bbox 2478 4425 2631 4506; x_wconf 88' lang='lat' dir='ltr'><em>quia</em></span> <span class='ocrx_word' id='word_1_593' title='bbox 2662 4424 2865 4488; x_wconf 86' lang='lat' dir='ltr'><em>fames</em></span> <span class='ocrx_word' id='word_1_594' title='bbox 2912 4424 3037 4487; x_wconf 77' lang='lat' dir='ltr'><em>fuit</em></span> <span class='ocrx_word' id='word_1_595' title='bbox 3067 4425 3133 4487; x_wconf 90' lang='lat' dir='ltr'><em>in</em></span> <span class='ocrx_word' id='word_1_596' title='bbox 3169 4434 3354 4502; x_wconf 89' lang='lat' dir='ltr'><em>terra,</em></span> <span class='ocrx_word' id='word_1_597' title='bbox 3390 4427 3467 4488; x_wconf 89' lang='lat' dir='ltr'><em>de</em></span> <span class='ocrx_word' id='word_1_598' title='bbox 3516 4425 3725 4489; x_wconf 88' lang='lat' dir='ltr'><em>tritico</em></span> <span class='ocrx_word' id='word_1_599' title='bbox 3762 4427 3968 4489; x_wconf 89' lang='lat' dir='ltr'><em>adhuc</em></span> 
     </span>
     <span class='ocr_line' id='line_1_85' title="bbox 2479 4522 3961 4605; baseline 0.002 -20"><span class='ocrx_word' id='word_1_600' title='bbox 2479 4534 2731 4587; x_wconf 84' lang='lat' dir='ltr'><em>recente</em></span> <span class='ocrx_word' id='word_1_601' title='bbox 2764 4524 2999 4587; x_wconf 78' lang='lat' dir='ltr'><em>fecerat</em></span> <span class='ocrx_word' id='word_1_602' title='bbox 3039 4543 3234 4605; x_wconf 87' lang='lat' dir='ltr'><em>panes</em></span> <span class='ocrx_word' id='word_1_603' title='bbox 3277 4522 3653 4587; x_wconf 79' lang='lat' dir='ltr'><em>festinanter</em></span> <span class='ocrx_word' id='word_1_604' title='bbox 3682 4524 3783 4588; x_wconf 82' lang='lat' dir='ltr'><em>vir</em></span> <span class='ocrx_word' id='word_1_605' title='bbox 3822 4525 3961 4599; x_wconf 87' lang='lat' dir='ltr'><em>iste,</em></span> 
     </span>
     <span class='ocr_line' id='line_1_86' title="bbox 2475 4622 3963 4703; baseline 0.001 -19"><span class='ocrx_word' id='word_1_606' title='bbox 2475 4641 2636 4703; x_wconf 89' lang='lat' dir='ltr'><em>quos</em></span> <span class='ocrx_word' id='word_1_607' title='bbox 2658 4622 2918 4703; x_wconf 88' lang='lat' dir='ltr'><em>speciali</em></span> <span class='ocrx_word' id='word_1_608' title='bbox 2951 4622 3291 4685; x_wconf 81' lang='lat' dir='ltr'><em>devotione</em></span> <span class='ocrx_word' id='word_1_609' title='bbox 3310 4622 3541 4685; x_wconf 87' lang='lat' dir='ltr'><em>detulit</em></span> <span class='ocrx_word' id='word_1_610' title='bbox 3560 4622 3788 4687; x_wconf 88' lang='lat' dir='ltr'><em>Eliseo.</em></span> <span class='ocrx_word' id='word_1_611' title='bbox 3808 4624 3963 4686; x_wconf 90' lang='lat' dir='ltr'><em>Hinc</em></span> 
     </span>
     <span class='ocr_line' id='line_1_87' title="bbox 2476 4719 3961 4804; baseline 0.002 -23"><span class='ocrx_word' id='word_1_612' title='bbox 2476 4720 2643 4783; x_wconf 89' lang='lat' dir='ltr'><em>istud</em></span> <span class='ocrx_word' id='word_1_613' title='bbox 2676 4739 2806 4784; x_wconf 91' lang='lat' dir='ltr'><em>non</em></span> <span class='ocrx_word' id='word_1_614' title='bbox 2827 4730 2921 4785; x_wconf 91' lang='lat' dir='ltr'><em>est</em></span> <span class='ocrx_word' id='word_1_615' title='bbox 2944 4719 3428 4800; x_wconf 86' lang='lat' dir='ltr'><em>intelligendum</em></span> <span class='ocrx_word' id='word_1_616' title='bbox 3451 4722 3531 4784; x_wconf 90' lang='lat' dir='ltr'><em>de</em></span> <span class='ocrx_word' id='word_1_617' title='bbox 3549 4721 3823 4803; x_wconf 86' lang='lat' dir='ltr'><em>panibus</em></span> <span class='ocrx_word' id='word_1_618' title='bbox 3842 4720 3961 4804; x_wconf 90' lang='lat' dir='ltr'><em>pri-</em></span> 
     </span>
    </p>
   </div>
   <div class='ocr_carea' id='block_1_18' title="bbox 2472 4819 4247 5099">
    <p class='ocr_par' dir='ltr' id='par_1_20' title="bbox 2472 4819 4247 5099">
     <span class='ocr_line' id='line_1_88' title="bbox 2474 4819 4183 4902; baseline 0.003 -21"><span class='ocrx_word' id='word_1_619' title='bbox 2474 4820 2798 4882; x_wconf 87' lang='lat' dir='ltr'><em>mitiarum</em></span> <span class='ocrx_word' id='word_1_620' title='bbox 2834 4820 2945 4902; x_wconf 90' lang='lat' dir='ltr'><em>qui</em></span> <span class='ocrx_word' id='word_1_621' title='bbox 2986 4819 3431 4883; x_wconf 80' lang='lat' dir='ltr'><em>offerebantur</em></span> <span class='ocrx_word' id='word_1_622' title='bbox 3468 4820 3533 4882; x_wconf 92' lang='lat' dir='ltr'><em>in</em></span> <span class='ocrx_word' id='word_1_623' title='bbox 3568 4821 3951 4899; x_wconf 87' lang='lat' dir='ltr'><em>Pentecoste,</em></span> <span class='ocrx_word' id='word_1_624' title='bbox 4038 4852 4183 4895; x_wconf 60' lang='lat' dir='ltr'><em>Nm,</em></span> 
     </span>
     <span class='ocr_line' id='line_1_89' title="bbox 2472 4918 4219 4999; baseline 0.003 -20"><span class='ocrx_word' id='word_1_625' title='bbox 2472 4927 2660 4999; x_wconf 86' lang='lat' dir='ltr'><em>prout</em></span> <span class='ocrx_word' id='word_1_626' title='bbox 2682 4918 2749 4980; x_wconf 91' lang='lat' dir='ltr'><em>in</em></span> <span class='ocrx_word' id='word_1_627' title='bbox 2782 4919 2947 4982; x_wconf 90' lang='lat' dir='ltr'><em>libro</em></span> <span class='ocrx_word' id='word_1_628' title='bbox 2977 4919 3395 4983; x_wconf 89' lang='lat' dir='ltr'><em>Numerorum</em></span> <span class='ocrx_word' id='word_1_629' title='bbox 3428 4920 3719 4997; x_wconf 88' lang='lat' dir='ltr'><em>hahetur,</em></span> <span class='ocrx_word' id='word_1_630' title='bbox 3742 4940 3857 4984; x_wconf 88' lang='lat' dir='ltr'><em>nec</em></span> <span class='ocrx_word' id='word_1_631' title='bbox 3878 4922 3953 4985; x_wconf 91' lang='lat' dir='ltr'><em>de</em></span> <span class='ocrx_word' id='word_1_632' title='bbox 3986 4928 4125 4965; x_wconf 54' lang='grc' dir='ltr'><em>ΜΨ·</em></span> <span class='ocrx_word' id='word_1_633' title='bbox 4146 4918 4219 4959; x_wconf 74' lang='lat'><em>²⁶·</em></span> 
     </span>
     <span class='ocr_line' id='line_1_90' title="bbox 2472 5016 4247 5099; baseline 0.001 -19"><span class='ocrx_word' id='word_1_634' title='bbox 2472 5017 2729 5099; x_wconf 83' lang='lat' dir='ltr'><em>polenta</em></span> <span class='ocrx_word' id='word_1_635' title='bbox 2761 5036 2905 5098; x_wconf 80' lang='lat' dir='ltr'><em>quae</em></span> <span class='ocrx_word' id='word_1_636' title='bbox 2950 5016 3343 5081; x_wconf 80' lang='lat' dir='ltr'><em>oflerebatur</em></span> <span class='ocrx_word' id='word_1_637' title='bbox 3389 5018 3453 5079; x_wconf 91' lang='lat' dir='ltr'><em>in</em></span> <span class='ocrx_word' id='word_1_638' title='bbox 3501 5019 3754 5097; x_wconf 87' lang='lat' dir='ltr'><em>Pascha,</em></span> <span class='ocrx_word' id='word_1_639' title='bbox 3790 5020 3954 5083; x_wconf 89' lang='lat' dir='ltr'><em>sicut</em></span> <span class='ocrx_word' id='word_1_640' title='bbox 3978 5040 4247 5093; x_wconf 58' lang='lat' dir='ltr'><em>masma.</em></span> 
     </span>
    </p>
   </div>
   <div class='ocr_carea' id='block_1_19' title="bbox 2467 5115 3952 5399">
    <p class='ocr_par' dir='ltr' id='par_1_21' title="bbox 2467 5115 3952 5399">
     <span class='ocr_line' id='line_1_91' title="bbox 2470 5115 3952 5197; baseline 0.001 -20"><span class='ocrx_word' id='word_1_641' title='bbox 2470 5116 2538 5178; x_wconf 90' lang='lat' dir='ltr'><em>in</em></span> <span class='ocrx_word' id='word_1_642' title='bbox 2579 5116 2800 5180; x_wconf 88' lang='lat' dir='ltr'><em>eodem</em></span> <span class='ocrx_word' id='word_1_643' title='bbox 2852 5115 3018 5179; x_wconf 88' lang='lat' dir='ltr'><em>libro</em></span> <span class='ocrx_word' id='word_1_644' title='bbox 3060 5116 3315 5196; x_wconf 88' lang='lat' dir='ltr'><em>legitur.</em></span> <span class='ocrx_word' id='word_1_645' title='bbox 3355 5121 3440 5180; x_wconf 84' lang='lat' dir='ltr'><em>Et</em></span> <span class='ocrx_word' id='word_1_646' title='bbox 3482 5120 3722 5195; x_wconf 73' lang='lat' dir='ltr'><em>viyinti</em></span> <span class='ocrx_word' id='word_1_647' title='bbox 3756 5140 3952 5197; x_wconf 78' lang='lat' dir='ltr'><em>panes</em></span> 
     </span>
     <span class='ocr_line' id='line_1_92' title="bbox 2467 5215 3951 5281; baseline 0.001 -4"><span class='ocrx_word' id='word_1_648' title='bbox 2467 5218 2860 5277; x_wconf 78' lang='lat' dir='ltr'><em>hordeaceos.</em></span> <span class='ocrx_word' id='word_1_649' title='bbox 2894 5215 3049 5277; x_wconf 92' lang='lat' dir='ltr'><em>Nam</em></span> <span class='ocrx_word' id='word_1_650' title='bbox 3083 5216 3389 5279; x_wconf 87' lang='lat' dir='ltr'><em>hordeum</em></span> <span class='ocrx_word' id='word_1_651' title='bbox 3424 5216 3491 5279; x_wconf 90' lang='lat' dir='ltr'><em>in</em></span> <span class='ocrx_word' id='word_1_652' title='bbox 3532 5225 3697 5280; x_wconf 86' lang='lat' dir='ltr'><em>terra</em></span> <span class='ocrx_word' id='word_1_653' title='bbox 3727 5217 3837 5280; x_wconf 91' lang='lat' dir='ltr'><em>illa</em></span> <span class='ocrx_word' id='word_1_654' title='bbox 3866 5218 3951 5281; x_wconf 89' lang='lat' dir='ltr'><em>ci-</em></span> 
     </span>
     <span class='ocr_line' id='line_1_93' title="bbox 2467 5312 3948 5399; baseline 0.003 -25"><span class='ocrx_word' id='word_1_655' title='bbox 2467 5314 2593 5376; x_wconf 87' lang='lat' dir='ltr'><em>tius</em></span> <span class='ocrx_word' id='word_1_656' title='bbox 2632 5312 3021 5390; x_wconf 87' lang='lat' dir='ltr'><em>maturescit,</em></span> <span class='ocrx_word' id='word_1_657' title='bbox 3058 5314 3279 5396; x_wconf 88' lang='lat' dir='ltr'><em>sicque</em></span> <span class='ocrx_word' id='word_1_658' title='bbox 3329 5316 3409 5378; x_wconf 88' lang='lat' dir='ltr'><em>de</em></span> <span class='ocrx_word' id='word_1_659' title='bbox 3456 5316 3693 5380; x_wconf 89' lang='lat' dir='ltr'><em>hordeo</em></span> <span class='ocrx_word' id='word_1_660' title='bbox 3736 5316 3948 5399; x_wconf 91' lang='lat' dir='ltr'><em>plures</em></span> 
     </span>
    </p>
   </div>
  </div>
 </body>
</html>
